4509 6850
307 657 355 713 tut
639 660 668 714 B.
690 659 814 714 lldssdb'l
834 659 1119 716 transtorrentem
1141 661 1295 719 trudoni.
1315 662 1458 719 0111111111
1476 662 1566 718 PARS
1585 663 1607 718 1.
1878 672 1929 728 evj-2

306 766 441 837 pluvialia.
454 769 602 838 Aquarium
614 766 751 834 ianuario,
777 769 925 825 Februario
940 769 1041 836 Pisces,
1056 771 1091 828 ob
1105 777 1128 836 Α
1144 772 1205 826 duo.
1223 772 1321 829 Tribus
1344 789 1408 845 ergo
1431 774 1515 847 siguis
1529 782 1557 830 et
1579 774 1684 833 duobus
1707 783 1818 849 punctis
1836 794 1930 842 octava

306 863 414 913 menses
442 855 595 913 imbriferos
623 859 740 914 tradunt.
758 858 876 931 Singulis
892 872 981 916 autem
1006 863 1091 935 signis
1143 861 1204 916 luua
1217 878 1324 931 semper
1338 863 1423 919 asole
1437 863 1584 920 dirimitur.
1602 864 1674 923 Duos
1698 877 1790 924 autem
1805 883 1931 944 panum,

307 948 416 1020 triginta
429 955 533 1018 partes,
561 956 643 1005 ternae
668 966 732 1006 vero
754 951 870 1008 decades
891 961 1031 1024 putantur,
1059 970 1092 1011 eo
1142 969 1190 1009 ser
1203 955 1437 1026 partesintellige,
1460 956 1552 1022 idest,
1576 967 1711 1027 quantum
1725 962 1805 1019 solia
1819 967 1933 1025 zodiaco

305 1040 377 1110 quod
400 1040 440 1097 sol
465 1041 575 1115 triginta
599 1043 693 1099 diebus
718 1052 746 1099 et
758 1044 851 1100 decem
865 1046 947 1101 semis
959 1046 1033 1101 boris
1047 1046 1092 1102 illa
1142 1060 1189 1099 sex
1202 1045 1297 1101 diebos
1311 1047 1422 1102 coniicit
1438 1046 1553 1103 itineris.
1566 1046 1687 1105 Punctus
1701 1051 1838 1122 siquidem
1853 1058 1935 1115 habet

305 1140 458 1199 percurrat,
478 1145 494 1185 a
521 1131 609 1188 medio
622 1132 730 1195 mensis,
746 1132 774 1188 id
787 1142 839 1199 est,
853 1150 887 1188 xv
911 1134 1092 1191 Kalendarum
1142 1140 1313 1203 trespartcs,
1340 1135 1403 1205 quia
1418 1136 1524 1207 siguum
1539 1138 1665 1209 quodque
1689 1141 1784 1197 decem
1806 1156 1933 1214 punctos,

242 1235 245 1246 ·
304 1220 359 1286 die,
372 1234 479 1290 semper
494 1221 634 1291 incipieus.
652 1221 729 1278 Unde
743 1231 771 1278 et
792 1224 954 1292 quibusdam
970 1233 1092 1281 vetemm
1143 1224 1253 1295 triginta
1265 1233 1356 1296 partes
1370 1225 1461 1281 babet.
1477 1226 1511 1281 Et
1525 1242 1560 1283 ne
1573 1228 1691 1299 suspicio
1705 1232 1754 1287 tibi
1770 1230 1842 1291 iorte
1854 1251 1936 1307 argo·

305 1308 407 1379 placuit
419 1312 733 1381 sequeutismensisesse
747 1314 864 1383 siguum,
875 1313 951 1384 cuius
962 1316 994 1370 ad
1007 1330 1092 1386 usque
1143 1315 1226 1371 menti
1255 1314 1373 1372 fallentis
1397 1316 1506 1382 incidat,
1532 1333 1624 1388 quaere
1638 1319 1673 1374 ad
1692 1322 1857 1381 diametron
1869 1328 1933 1386 eceli

305 1400 476 1457 medietatem
501 1404 710 1474 unumquodque
728 1405 871 1472 pertendit,
890 1405 969 1476 cique
982 1407 1090 1474 ascribi,
1143 1407 1215 1478 quod
1225 1408 1347 1479 quintam
1359 1408 1492 1465 decimam
1514 1409 1606 1465 lunam
1622 1420 1714 1467 tenere
1730 1418 1869 1486 nemoqui
1887 1417 1936 1473 du-

305 1490 375 1570 sicut
390 1492 434 1549 ille
447 1494 493 1565 qui
506 1496 630 1550 versibus
643 1496 704 1552 inde
720 1496 819 1552 cecinit
830 1498 948 1554 heroicis
961 1499 997 1553 ita
1013 1518 1019 1553 :
1142 1499 1219 1557 bitet.
1236 1499 1384 1572 llultiplica
1398 1500 1551 1570 quindecim
1568 1517 1617 1572 per
1628 1514 1754 1573 quatuor,
1773 1506 1845 1564 liunt
1857 1526 1935 1567 sexa-

365 1599 477 1662 llespicis
487 1602 667 1665 Aprilesdries
678 1602 809 1668 irlredsie)
824 1604 951 1656 Kalendas.
1143 1590 1238 1662 100001
1254 1592 1356 1660 0000000
1380 1591 1549 1661 1000000010,
1565 1594 1654 1651 000000
1677 1595 1739 1652 deni
1758 1599 1859 1655 000000·
1879 1600 1934 1658 Se!

366 1662 890 1727 000008000ῑο0101000000000001,
1145 1680 1215 1736 enim
1239 1680 1326 1749 signis
1340 1680 1443 1736 decima
1464 1680 1559 1751 quinta
1570 1680 1632 1737 luna
1647 1698 1765 1756 semper,
1777 1687 1806 1742 id
1821 1696 1874 1754 est,
1891 1690 1933 1745 di-

305 1774 442 1822 ctcaetem
464 1768 559 1825 eodem
574 1769 665 1825 modo.
681 1768 750 1824 Sunt
764 1780 855 1826 autern
870 1772 927 1827 haec
941 1773 1017 1843 signa
1030 1781 1092 1829 tan·
1143 1770 1226 1828 midio
1241 1771 1353 1842 sphaera
1368 1770 1488 1827 cmlestis
1503 1787 1518 1824 a
1540 1771 1597 1827 sole
1612 1771 1786 1842 discernitur,
1800 1776 1859 1832 sive
1870 1787 1934 1835 anta

306 1860 339 1909 te
353 1857 556 1928 magnitudinis,
571 1866 665 1936 utnon
682 1859 786 1914 minore
803 1875 885 1931 quam
899 1860 1013 1917 duarum
1032 1878 1093 1934 spa·
1144 1874 1190 1916 scu
1209 1867 1281 1915 retro
1294 1860 1457 1930 respexeris.
1473 1860 1593 1933 [lenique
1606 1864 1700 1918 orbem
1713 1862 1794 1932 luna,
1808 1868 1933 1937 quotiens

306 1945 344 2000 tio
354 1946 480 2002 horarum
493 1948 535 2005 vel
547 1949 624 2011 oriri,
637 1948 678 2005 vel
691 1948 826 2016 occidere,
846 1950 889 2005 vel
912 1950 946 2007 do
957 1951 1018 2010 loco
1030 1968 1093 2024 pos·
1143 1948 1312 2021 plerissimus
1325 1959 1376 2017 000.
1390 1959 1485 2008 000000
1500 1950 1583 2008 solem
1598 1953 1689 2010 000οἰ0
1700 1958 1867 2027 0110011010,
1884 1961 1932 2014 hu·

305 2041 359 2098 sint
373 2041 485 2097 moveri.
1144 2040 1235 2096 milem
1260 2040 1386 2097 videlicet
1408 2042 1464 2098 sole
1490 2043 1611 2110 sublimi,
1624 2052 1651 2100 et
1665 2046 1811 2104 sublimem
1824 2049 1929 2106 humili.

606 2132 720 2192 carun
733 2135 789 2191 χι.
1108 2132 1160 2196 Β·
1180 2128 1248 2199 Quia
1266 2132 1393 2189 nimirum
1415 2148 1476 2192 corn
1489 2134 1545 2191 sole
1571 2136 1695 2193 estivam
1717 2145 1829 2196 tenente
1843 2142 1930 2198 eircu-

377 2222 570 2279 demonstratio
587 2223 722 2295 signorum
747 2225 1001 2296 percollocaverint.
1145 2218 1201 2276 lum
1212 2219 1302 2291 plena.
1312 2230 1364 2289 est,
1379 2222 1438 2293 ipsa
1460 2231 1534 2280 tenet
1557 2227 1728 2297 prumalem
1744 2243 1807 2286 cum
1823 2231 1880 2288 sole
1894 2233 1932 2289 di-

342 2314 413 2371 [lrsc.
433 2315 536 2371 Vellem
553 2317 660 2386 quidem
674 2326 704 2372 nt
731 2317 848 2388 aliquam
876 2319 1000 2375 notitiam
1025 2320 1092 2376 mibi
1144 2312 1677 2389 0000000000000100000000,1100000
1699 2317 1836 2375 0000011011
1854 2336 1932 2378 1000·

306 2405 369 2461 iude
380 2406 469 2462 dares.
484 2406 555 2463 llio.
568 2405 671 2462 Notitia
692 2423 756 2480 ergo
769 2409 865 2463 trorum
880 2410 1018 2481 signanum
1036 2426 1093 2467 me·
1143 2401 1208 2459 0000
1221 2402 1324 2458 000οῙ0
1338 2417 1391 2458 000
1403 2402 1558 2475 0001000000
1571 2405 1670 2477 100000·
1686 2407 1721 2463 00
1739 2423 1803 2465 0000
1817 2409 1870 2467 0000
1881 2413 1931 2469 000

305 2496 357 2552 lius
370 2513 384 2553 a
398 2498 567 2569 colloquente
581 2506 609 2554 et
634 2500 718 2572 digito
746 2499 950 2557 demonstrante
976 2517 1058 2574 qnam
1076 2520 1092 2559 a
1142 2494 1344 2564 aed⁰1ss0⁰²i¹¹¹112
1364 2495 1551 2566 ἰ0100000000
1565 2498 1680 2555 0010010
1695 2500 1814 2558 00000οῐ0
1829 2515 1930 2562 sem&

306 2588 441 2645 ramberte
451 2590 611 2661 percipitur,
627 2592 689 2661 quia
711 2608 761 2663 per
773 2593 866 2649 stellas
880 2593 906 2649 in
920 2596 961 2653 eis
975 2596 1092 2667 disposi·
1143 2586 1177 2643 00
1200 2596 1265 2659 (1000
1290 2587 1414 2659 10000000
1430 2588 1469 2643 ⁸⁰¹
1496 2588 1687 2659 0100000000
1714 2591 1756 2647 001
1771 2592 1929 2663 0000010010»

306 2691 349 2738 tas
371 2684 503 2741 notabiles
529 2684 607 2744 dunt.
620 2687 655 2743 Et
668 2687 726 2745 haec
746 2690 797 2746 nisi
817 2689 894 2748 abeo
908 2694 955 2763 qui
969 2702 1094 2753 astrono-
1143 2679 1216 2749 (1000
1229 2678 1384 2751 001000000
1398 2679 1571 2746 0000000000»
1587 2683 1702 2748 00000οι
1719 2684 1835 2742 0000000
1845 2689 1929 2757 10000.-

307 2772 369 2828 miae
384 2773 551 2847 disciplinam
566 2785 649 2845 tenet,
675 2787 703 2835 et
717 2779 838 2837 siderum
851 2782 910 2840 loca
924 2783 1050 2842 intimare
1060 2803 1094 2844 ac
1144 2773 1195 2829 000
1207 2772 1270 2829 0000
1280 2773 1358 2845 10000
1369 2774 1411 2828 00
1424 2774 1617 2845 aequinoctium
1630 2776 1671 2831 00
1686 2776 1846 2845 0000000οι
1860 2782 1931 2852 (1000

307 2866 495 2925 demonstrare
526 2872 641 2938 noverit,
682 2873 834 2932 nullatenus
874 2877 944 2934 edici
978 2877 1094 2950 pleniter
1143 2872 1302 2932 00000000ον
1317 2873 1464 2938 1000000000
1481 2867 1614 2939 00100000·
1630 2868 1780 2926 0000000
1797 2874 1934 2943 (10000000

306 2967 418 3029 queunt.
432 2958 485 3016 Sed
504 2963 601 3018 bomm
617 2971 706 3019 tamen
719 2965 858 3041 signorum
869 2970 994 3028 curiosus
1004 2972 1093 3043 inqui·
1143 2956 1184 3014 000
1210 2956 1282 3012 00000
1306 2972 1355 3028 100
1357 2966 1410 3013 000
1434 2957 1495 3014 0000
1518 2960 1682 3017 0000000000
1704 2961 1740 3018 00
1764 2964 1931 3034 (10000000

307 3046 376 3102 sitor
391 3056 480 3119 potest
495 3050 612 3122 aliquam
629 3053 752 3123 accipere
763 3056 899 3123 notitiam,
915 3059 938 3115 si
950 3058 1094 3132 diligenter
1143 3047 1223 3102 00000
1241 3047 1402 3117 0000000000
1423 3048 1493 3105 0000·
1524 3047 1617 3106 000000
1634 3059 1692 3108 0000
1708 3058 1739 3107 00
1756 3052 1856 3111 000000
1872 3071 1929 3113 000·

307 3138 494 3220 soliset'lunm
507 3142 535 3198 in
561 3145 602 3201 eis
624 3145 808 3205 observaverit
835 3165 942 3218 cursus,
964 3152 1094 3209 adituset
1432 3158 1543 3217 CAPUT
1560 3159 1640 3218 aaut.

308 3244 441 3288 secessus.
469 3231 608 3305 Siquidem
635 3236 675 3293 sol
700 3250 823 3296 moratur
836 3242 972 3299 transiens
985 3242 1012 3299 in
1026 3259 1093 3300 uno·
1197 3230 1386 3300 0010000000
1403 3230 1438 3286 00
1453 3231 1660 3302 0000100000
1674 3230 1745 3290 0000
1759 3252 1880 3293 0000000·

308 3334 415 3391 quoquc
429 3321 505 3395 signo
519 3324 629 3397 triginta
643 3326 712 3394 dies,
731 3330 824 3387 decem
851 3333 932 3388 boras
955 3341 984 3389 et
999 3334 1095 3390 semis·
1179 3318 1251 3376 0000·
1280 3319 1397 3377 0000000
1425 3321 1746 3393 00001000000·0000·
1778 3327 1827 3383 500
1852 3329 1933 3399 igitur

308 3427 376 3477 sem,
388 3427 421 3468 ac
434 3412 530 3469 deiude
544 3414 572 3470 in
586 3415 658 3473 aliud
672 3417 778 3492 signum
792 3422 952 3494 ingreditur,
972 3425 1045 3495 quod
1057 3423 1093 3481 si·
1144 3406 1266 3481 (1000000
1280 3416 1384 3480 1000000
1411 3426 1493 3466 00000
1516 3411 1619 3471 0000000
1634 3414 1676 3470 000
1697 3416 1826 3488 00010000
1836 3418 1932 3491 ,000100

309 3502 409 3559 militer
422 3503 449 3558 in
464 3504 574 3576 triginta
587 3506 679 3564 diebus
701 3518 729 3565 ct
740 3509 834 3568 decem
849 3514 923 3571 boris
937 3529 970 3572 ac
981 3489 1130 3572 semissec
1145 3500 1218 3557 00000
1237 3501 1309 3557 0000
1335 3511 1427 3572 100000
1449 3503 1552 3560 000000
1579 3520 1662 3578 10010
1681 3509 1857 3579 ’1000000000
1871 3512 1933 3568 0000

308 3595 505 3664 pertransiens,
531 3597 639 3652 tertium
665 3599 757 3656 intrat.
775 3602 873 3674 Sicque
896 3604 963 3660 illud
987 3605 1094 3676 signum
1146 3591 1173 3647 00
1195 3591 1266 3647 0000
1292 3593 1393 3648 000000
1423 3590 1554 3650 00000000
1584 3610 1752 3667 0001000000·
1776 3596 1932 3658 00001000

310 3681 556 3756 quodiampridem
576 3687 720 3759 reliquerat
743 3693 827 3750 stellis
850 3696 1041 3765 apparentibus
1059 3698 1094 3754 ab
1145 3681 1410 3754 01000010000000000
1434 3691 1525 3756 partas
1540 3683 1661 3754 01000001
1684 3687 1789 3745 0000000
1813 3689 1930 3757 molluit,

310 3773 414 3829 oriente
429 3784 492 3830 ante
506 3791 610 3832 aurorae
624 3786 747 3834 exortum
773 3782 890 3838 notabile
903 3783 1006 3840 reddet.
1025 3783 1095 3841 Sunt
1145 3777 1172 3833 id
1185 3784 1236 3842 0⁸¹2
1251 3783 1366 3848 10000000
1388 3786 1506 3849 (1000000
1523 3786 1551 3834 00
1564 3794 1645 3836 00000
1667 3789 1785 3852 0000000·
1814 3781 1849 3840 000
1869 3784 1932 3854 (100

309 3866 417 3937 qurum
431 3868 482 3923 uua
496 3868 771 3942 signaumpermea
787 3873 870 3930 suem
883 3874 980 3931 aruino
994 3876 1095 3934 iuuene
1144 3865 1190 3922 rua
1203 3866 1332 3923 cursem
1347 3875 1449 3938 paries,
1475 3867 1610 3924 saturam
1633 3869 1760 3941 couplet,
1787 3872 1852 3929 mue
1865 3873 1931 3941 neu,

309 3957 400 4028 plena,
414 3960 505 4028 idest,
519 3962 570 4018 boc
584 3964 655 4032 quod
674 3964 830 4034 nuperrime
854 3967 912 4038 ipse
937 3967 1093 4038 reliquerat,
1145 3967 1176 4014 00
1191 3974 1271 4030 supra
1284 3959 1434 4026 d0⁰¹¹iml¹⁸2
1447 3975 1500 4016 000
1524 3958 1584 4032 1000
1607 3961 1766 4033 (1000000000
1788 3979 1932 4038 1001000000

310 4057 337 4103 ot
352 4049 439 4120 ipsum
458 4051 485 4105 in
499 4065 553 4122 quo
568 4067 687 4122 presens
707 4063 758 4121 est,
773 4061 800 4110 et
813 4054 879 4111 illud
901 4055 927 4111 in
942 4058 1013 4127 quod
1031 4072 1095 4128 pro·
1145 4052 1230 4108 arole
1257 4068 1338 4124 quam
1359 4052 1497 4123 1100100010
1520 4053 1638 4124 punctis,
1663 4054 1715 4112 000
1729 4064 1783 4121 000.
1802 4057 1933 4115 00000018

310 4140 382 4194 rivae
410 4141 580 4210 ingressurus
608 4151 657 4198 est.
675 4143 749 4198 buna
773 4160 880 4217 quoque
906 4147 1031 4202 similiter
1045 4162 1094 4204 suo
1145 4141 1267 4211 partium
1280 4142 1431 4215 elongetur.
1443 4143 1530 4200 Ponat
1541 4159 1606 4217 crgo
1629 4145 1720 4202 lunam
1732 4147 1847 4204 ubilibet
1861 4164 1932 4208 onra-

311 4246 391 4285 eursu
407 4232 483 4303 signa
508 4232 684 4289 demonstrat.
702 4235 769 4291 llam
786 4237 843 4308 ipsa
868 4238 938 4294 binis
959 4240 1095 4296 diebuset
1144 4241 1240 4310 putare
1249 4233 1373 4296 voluerit,
1390 4243 1419 4289 ut
1442 4241 1507 4306 puta
1531 4233 1560 4290 in
1574 4233 1701 4292 Kalendis
1726 4234 1852 4294 ianuarii
1876 4239 1932 4310 pri-

311 4323 394 4376 semis
406 4323 481 4377 boris
492 4337 523 4378 ac
535 4322 608 4379 bisso
622 4325 702 4381 unius
729 4327 803 4382 hora
818 4328 924 4399 singula
940 4329 1017 4400 signa
1032 4346 1094 4400 per-
1145 4339 1217 4379 mam
1233 4341 1240 4378 :
1256 4324 1314 4380 lvaec
1325 4323 1371 4380 nbi
1386 4326 1472 4396 prima
1488 4333 1594 4381 noctem
1616 4326 1744 4398 diemque
1757 4331 1932 4400 moaegcrit,

312 4414 420 4470 labitur.
437 4416 471 4471 Et
483 4417 505 4472 si
517 4416 664 4472 calculator
675 4418 809 4474 voraciter
822 4428 1009 4492 argumentum
1022 4424 1095 4494 qood
1145 4415 1220 4471 00010
1233 4414 1294 4471 0000
1311 4414 1399 4472 000000
1418 4423 1492 4473 00000
1505 4432 1585 4487 (10000
1599 4416 1639 4473 000
1650 4417 1755 4475 000000
1771 4421 1854 4477 00000
1865 4419 1934 4491 0100·

312 4507 344 4561 dc
357 4505 415 4576 eius
428 4509 544 4564 transitu
556 4523 605 4579 per
616 4510 693 4582 signa
714 4510 872 4567 factumest
890 4513 1036 4583 perdiscet,
1047 4530 1095 4585 po-
1145 4504 1206 4560 0010
1230 4505 1330 4561 0000οῙ0
1347 4506 1389 4561 000
1411 4505 1552 4578 00010000·
1568 4505 1621 4563 Ubi
1644 4506 1697 4563 000
1716 4517 1769 4575 000,
1783 4509 1933 4582 01010010000

312 4598 377 4652 terit
390 4599 493 4670 exejus
512 4608 583 4655 statu
598 4600 735 4673 signorum
747 4601 883 4673 conjicere
895 4601 964 4660 loca.
1146 4594 1199 4650 000
1210 4611 1260 4666 per
1272 4602 1398 4665 (10οῑ00οι
1418 4593 1485 4649 0000
1508 4603 1621 4666 00100000·
1649 4594 1716 4652 00000
1731 4604 1762 4652 00
1779 4599 1935 4670 0010000000

607 4710 720 4769 wm-
740 4712 807 4768 m
1146 4686 1180 4740 ad
1191 4694 1281 4756 partes
1294 4684 1445 4756 pervenias,
1460 4684 1607 4756 multiplica
1622 4694 1684 4742 octo
1703 4701 1753 4759 per
1766 4694 1855 4754 terna,
1867 4690 1935 4744 dunt

520 4780 560 4834 oe
572 4779 641 4836 [Μ
652 4798 730 4836 cmg
741 4800 787 4854 per
796 4785 879 4854 aym,
1145 4775 1241 4845 viginti
1257 4783 1380 4846 quatuor.
1408 4773 1481 4829 lllam
1494 4790 1558 4846 ergo
1577 4775 1637 4831 coeli
1651 4785 1758 4847 partem
1785 4787 1860 4837 wnet
1873 4780 1935 4836 luna

347 4869 418 4922 llrse.
439 4867 529 4938 lpsum
541 4879 728 4941 argumentum
743 4872 839 4928 vellem
860 4882 890 4928 ut
912 4875 977 4930 mibi
990 4875 1093 4934 edisse·
1106 4839 1135 4902 D
1147 4866 1263 4922 0000000
1278 4866 1304 4919 00
1322 4874 1419 4934 (100000
1433 4863 1502 4922 000·
1518 4863 1637 4921 0000000
1653 4883 1735 4938 (10000
1749 4867 1793 4924 000
1805 4869 1936 4927 00000000

311 4960 377 5014 ras?
394 4959 464 5016 llio.
484 4960 559 5015 Luna
569 4962 689 5032 quotidie
702 4970 818 5033 quatuor
828 4965 945 5034 punctis,
962 4966 1019 5022 sive
1031 4983 1092 5024 ere-
1146 4955 1289 5028 (10010000
1303 4956 1366 5012 0000
1383 4956 1427 5012 000
1437 4954 1569 5013 00000000·
1585 4956 1636 5014 Ubi
1650 4965 1704 5014 0000
1715 4966 1772 5025 000,
1784 4959 1936 5033 00000010Ιὶ01

311 5065 414 5105 accusa
428 5050 485 5106 sole
503 5050 608 5122 longius
622 5051 691 5113 abit,
713 5052 770 5108 sive
785 5054 944 5113 decrescens
967 5057 1017 5113 soli
1029 5058 1095 5116 vici·
1147 5048 1198 5103 000
1214 5062 1263 5119 1)00
1279 5056 1406 5117 (1001000
1429 5046 1497 5102 0000
1522 5046 1673 5104 00000010·
1689 5047 1799 5105 00000
1820 5065 1874 5121 W
1890 5053 1936 5108 00·

311 5142 372 5195 nior
386 5155 466 5212 quam
491 5141 579 5214 pridie
604 5140 694 5198 iuerat
721 5142 852 5199 redditur.
868 5143 979 5217 Singula
1003 5156 1094 5204 aurem
1146 5152 1215 5202 com,
1230 5138 1320 5193 decies
1334 5152 1394 5193 asse
1408 5137 1500 5204 decus,
1517 5145 1545 5194 et
1562 5146 1702 5194 remanent
1715 5138 1770 5195 duo
1786 5141 1896 5211 puncti,
1909 5141 1937 5196 id

311 5233 386 5305 signa
406 5233 497 5290 decom
521 5241 636 5304 punctos
655 5233 767 5300 lrabeat,
794 5233 820 5288 id
843 5242 894 5300 est,
914 5235 982 5292 duas
1000 5235 1092 5302 boras,
1146 5235 1198 5292 000,
1211 5241 1258 5281 000
1272 5235 1374 5297 1000000·
1399 5224 1475 5281 00010
1487 5242 1551 5299 00110
1575 5225 1637 5284 0000
1663 5234 1768 5298 10000000
1783 5236 1860 5285 00000
1873 5228 1936 5285 0000

310 5325 380 5379 sicut
394 5329 422 5379 et
435 5324 558 5394 superius
571 5323 769 5379 admonuimus.
785 5323 909 5395 Quinque
918 5326 990 5382 enim
1001 5327 1094 5398 puncti
1147 5328 1243 5393 quarta
1261 5321 1288 5376 10
1303 5320 1383 5376 tellio
1403 5317 1472 5376 1000·
1488 5317 1610 5375 0000000
1622 5334 1704 5392 quam
1718 5320 1759 5377 ⁸⁰¹
1773 5336 1870 5378 000000
1881 5330 1938 5379 0000

309 5420 337 5474 in
353 5417 416 5474 luna
433 5419 527 5474 boram
546 5418 658 5475 iaciunt.
673 5417 707 5474 Et
733 5418 794 5474 ideo
819 5419 840 5474 si
855 5419 897 5474 vis
915 5419 986 5475 seim
998 5420 1025 5475 in
1039 5437 1094 5491 quo
1146 5413 1358 5470 01010000000·
1377 5411 1443 5468 Ρο00
1454 5413 1566 5467 0000010
1591 5408 1658 5468 Non.
1680 5408 1804 5469 0000000
1817 5415 1935 5481 mclii.

309 5510 386 5581 signo
398 5509 461 5565 luna
475 5517 529 5576 est,
540 5523 616 5566 sume
629 5509 720 5564 lunam
739 5523 819 5580 quam
842 5509 971 5575 volueris,
985 5518 1092 5581 utputa
1147 5507 1173 5561 id
1185 5514 1228 5562 est
1240 5513 1327 5571 serto,
1346 5511 1408 5576 post
1422 5504 1531 5562 tertium
1545 5502 1615 5558 Non.
1637 5500 1779 5559 febroarii
1797 5504 1844 5560 die
1866 5521 1934 5563 coa·

309 5599 440 5668 quintam,
455 5598 602 5670 multiplica
619 5613 668 5670 per
681 5607 811 5670 quatuor,
824 5597 892 5654 dunt
903 5599 997 5671 viginti
1009 5616 1017 5666 ;
1031 5615 1093 5671 par·
1146 5605 1289 5653 somniate.
1305 5595 1338 5650 Et
1355 5603 1385 5651 ut
1400 5593 1434 5650 ad
1452 5607 1585 5651 summam
1599 5592 1765 5663 perveniam,
1789 5609 1871 5652 sume
1885 5595 1934 5650 tri·

309 5693 361 5747 tire
373 5706 422 5763 per
445 5691 550 5757 decem,
569 5691 611 5746 bis
637 5689 767 5746 denivies.
792 5689 901 5745 Duobus
925 5705 989 5760 ergo
1008 5690 1092 5763 signis
1145 5687 1274 5744 cesimum
1288 5685 1390 5754 lunam,
1405 5700 1466 5757 qua
1478 5690 1542 5739 tunc
1555 5683 1586 5739 dt
1607 5682 1689 5739 tertio
1701 5680 1762 5739 Kal.
1778 5684 1934 5751 Februarii,

308 5781 403 5853 quinta
416 5779 479 5836 luna
491 5796 598 5851 semper
612 5779 695 5835 asole
715 5779 809 5835 distat.
831 5778 898 5834 ltem
923 5794 1000 5835 sume
1021 5787 1094 5835 octa·
1144 5778 1292 5849 multiplica
1318 5793 1368 5848 per
1379 5785 1506 5850 quatuor,
1530 5775 1598 5830 dunt
1619 5775 1858 5847 centumrigiuti3
1873 5792 1934 5849 par·

308 5886 369 5925 rani
391 5868 492 5935 lunam,
519 5868 668 5940 multiplica
691 5882 741 5939 per
756 5876 883 5936 quatuor,
901 5865 969 5922 dunt
982 5867 1093 5939 triginta
1144 5869 1196 5924 tire
1218 5883 1267 5938 per
1289 5867 1382 5924 decem
1406 5867 1550 5925 duodecies
1564 5865 1627 5921 deni
1643 5880 1693 5921 oen
1705 5865 1774 5921 vies.
1789 5864 1838 5922 llla
1857 5876 1936 5940 parto

308 5961 381 6028 doo;
395 5959 497 6033 partire
509 5975 558 6031 per
571 5958 675 6025 decem,
689 5966 731 6014 ter
744 5956 806 6014 deni
819 5957 895 6023 tries,
911 5966 939 6013 et
951 5965 1092 6013 remanent
1145 5957 1206 6013 coeli
1220 5957 1283 6012 luna
1298 5958 1433 6014 tricesima
1449 5955 1533 6014 currit
1550 5970 1628 6028 quam
1638 5953 1783 6013 duodecim
1794 5958 1937 6014 mensibus

344 6063 362 6094 ι
382 6047 449 6108 lule
478 6049 606 6107 Gotelerii
631 6049 802 6107 llonumenta
825 6047 950 6104 Ecclesiae
976 6045 1088 6114 Graece,
1106 6055 1172 6102 tom.
1191 6045 1223 6112 ll,
1235 6060 1297 6117 pag.
1310 6045 1370 6101 530.
