4509 6850
490 591 497 626 l

649 669 681 728 B.
700 667 829 731 mser
846 666 1136 728 monsacutus.
1155 668 1311 728 nocuas.
1331 668 1475 728 deuouit
1492 669 1583 731 PARS
1600 672 1622 728 l.

1021 780 1174 846 modus
1198 784 1235 845 V.

517 906 558 966 Ds
568 915 682 982 psatsor
692 904 785 981 figuris
797 904 963 977 retropositis
972 902 1046 959 circo
1056 915 1161 958 enasor
1173 901 1274 976 potitis,
1287 912 1310 957 et
1324 903 1455 974 spirituali
1467 902 1580 972 edificio
1592 903 1686 958 domos
1697 903 1756 961 Dei.

319 1033 1934 1115 cruxroposaoradefsrpnamibinominepsou

319 1127 1932 1205 Laudibusrtclaracontemtuaritetropaea

321 1215 1931 1301 Quomodoterrenisabcaelisfoederaducas

321 1306 1929 1388 Pactumconfirmesabsoetivincularumpas

322 1398 1934 1510 Orosssssuarosrofiovmsuutrrruuusrordo
2025 1447 2029 1453 -

324 3873 1933 3966 Quasiadutdueittdlncissceptratenenda

324 3979 1927 4065 Quostempiodedicatuaetabonamansioxpi

324 4069 1930 4153 Quattuoratpcrucisrupetcnmrnptnistts

309 4163 1933 4250 rertectachdomumdrdueensanguinsipie

311 4398 385 4455 Crux
398 4413 465 4471 ropo
477 4412 555 4455 sacra
569 4396 618 4452 Dei
628 4395 706 4467 signa
718 4394 785 4451 mibi
798 4390 909 4449 numine
918 4395 1038 4460 pectus:
1119 4387 1151 4453 A
1159 4386 1303 4447 Pulchrior
1314 4405 1345 4446 es
1356 4399 1414 4447 toto
1427 4392 1550 4448 vernanti
1563 4390 1674 4450 fioribus
1685 4409 1770 4450 aruo:

311 4491 448 4546 Laudibus
461 4497 492 4546 ut
506 4489 579 4545 clara
592 4497 701 4545 cantem
711 4498 758 4543 toa
771 4485 823 4541 rite
835 4493 956 4554 trupaea:
1155 4480 1261 4541 Celsior
1270 4500 1303 4540 ac
1312 4484 1407 4551 cedro,
1421 4483 1502 4542 Pario
1516 4493 1545 4540 ct
1555 4487 1706 4556 preciosior
1718 4487 1790 4557 albo,

310 4580 450 4648 Quomodo
466 4581 582 4638 terrenis
593 4581 629 4637 ab
645 4577 718 4636 caelis
730 4576 834 4633 foedera
847 4575 943 4640 ducas,
1154 4568 1307 4642 Quadratus
1317 4573 1410 4647 jungis
1429 4575 1455 4632 in
1468 4573 1547 4631 firmo
1558 4577 1667 4634 tramite
1679 4586 1772 4649 petras
1785 4599 1792 4635 ε

311 4669 424 4727 Paetum
437 4669 594 4737 confirmes,
608 4676 636 4724 et
650 4667 716 4724 fetbi
729 4665 837 4722 uincula
856 4676 977 4734 rumpas.
1153 4661 1188 4720 m
1198 4664 1252 4721 rite
1261 4665 1479 4737 patriarcharum
1488 4663 1546 4735 jus,
1557 4664 1696 4738 plebsque,
1710 4669 1801 4739 priora

310 4761 392 4819 Quos
402 4775 498 4831 agmen
508 4758 697 4830 apostolieum,
719 4765 749 4811 tu
763 4764 916 4828 martyrum
927 4760 955 4808 ot
969 4751 1048 4819 ordo,
1152 4751 1340 4812 Fundamenta
1352 4756 1445 4823 trabit,
1459 4756 1486 4812 in
1505 4755 1589 4813 fundo
1601 4757 1718 4815 domatis
1729 4759 1840 4817 omnis:

308 4849 373 4904 lure
385 4847 481 4904 domus
492 4846 593 4904 Christi
608 4847 700 4917 posuit
713 4860 781 4916 quos
791 4845 909 4910 emoneo,
921 4843 949 4897 io
961 4842 1050 4914 ipsum
1149 4843 1219 4914 Qua
1228 4845 1298 4904 bene
1310 4849 1407 4905 deuota
1420 4849 1504 4905 corda
1520 4849 1572 4905 seit
1585 4848 1710 4922 dogmate
1723 4853 1842 4922 primum

309 4935 456 5002 condistis.
473 4935 527 4992 ima
541 4936 618 5007 plebs
634 4935 705 4992 alrna
717 4942 761 4991 est
774 4949 840 4990 uoce
855 4940 975 5003 reperta.
1153 4935 1273 5005 Vincite,
1290 4946 1395 4994 metum
1409 4939 1532 5011 regnanti
1547 4939 1630 4996 uerba
1645 4941 1787 5013 propheta

311 5024 412 5085 Sancta
425 5025 554 5083 salutaria
566 5034 595 5083 et
607 5042 674 5082 erus
687 5025 843 5081 fundamine
855 5037 964 5080 summo
987 5061 990 5066 -
1152 5026 1353 5100 compluerant,
1366 5030 1456 5086 vivam
1469 5031 1591 5104 imperiis
1600 5030 1691 5089 aulam
1705 5033 1749 5105 pic
1764 5034 1825 5109 regi

310 5117 402 5188 bitu,
416 5127 583 5188 constructa,
597 5119 721 5175 crucifixi
738 5118 834 5175 robore
845 5115 921 5171 fixo:
1153 5120 1190 5180 llt
1203 5119 1311 5179 Christo
1318 5122 1375 5193 jam
1390 5121 1555 5181 formassent
1570 5125 1598 5181 in
1611 5134 1762 5184 scammis
1774 5128 1858 5184 trito:

309 5211 375 5284 Qun
388 5227 452 5267 uere
466 5213 615 5269 burdanum
626 5226 710 5284 genus
722 5209 756 5266 etl
771 5210 854 5265 ritant
865 5207 1012 5274 dedicavit,
1153 5211 1249 5270 Omnis
1264 5228 1381 5284 namque
1392 5214 1473 5270 simol
1486 5215 1593 5272 scandit
1603 5216 1638 5273 ob
1650 5231 1750 5274 nomen
1762 5218 1797 5274 ad
1806 5229 1892 5278 aetra.

309 5305 482 5376 tunsoque
498 5303 624 5361 columna
638 5302 696 5358 exit
714 5299 858 5357 ostendere
870 5296 975 5368 philax,
1152 5303 1216 5360 llaec
1227 5303 1290 5359 aula
1304 5303 1401 5360 lliesus
1415 5306 1450 5361 ad
1464 5304 1554 5361 laetam
1571 5305 1693 5364 fulminis
1707 5308 1820 5377 Arcton,

308 5397 451 5454 AEternam
466 5410 515 5467 per
528 5411 558 5452 se
574 5394 703 5467 paradiso
721 5406 834 5464 surgere
846 5389 973 5456 formam,
1152 5393 1186 5448 Et
1198 5409 1266 5450 uoce
1281 5394 1389 5450 firmata
1400 5396 1472 5468 viget
1485 5398 1556 5454 bona
1569 5398 1684 5455 structio
1697 5399 1777 5456 ritae:

307 5487 446 5563 'regminis
458 5497 486 5546 et
500 5488 590 5546 auiam
606 5487 707 5560 sponsi,
717 5486 783 5557 justi
801 5498 909 5557 quoque
923 5485 993 5556 repis
1150 5484 1259 5542 lunetio
1270 5485 1369 5558 signat,
1386 5487 1433 5543 dat
1452 5491 1510 5547 boec
1526 5492 1618 5559 oraine
1628 5490 1705 5562 jussa
1727 5507 1844 5553 msam

306 5579 414 5638 tunae
426 5590 527 5652 tropea
541 5595 611 5637 nora
623 5595 685 5635 mox
697 5579 767 5651 jure,
778 5592 886 5643 cruore,
901 5577 999 5647 uiaque
1151 5573 1210 5644 Qua
1221 5575 1265 5629 ria
1276 5574 1329 5631 dux
1342 5575 1417 5633 ducit
1434 5578 1469 5634 ad
1482 5578 1551 5635 lucis
1560 5588 1668 5652 sceptra
1679 5583 1817 5639 tenendas

306 5671 396 5744 Eripis
409 5671 438 5727 io
451 5671 561 5738 mundo,
580 5670 653 5741 quod
662 5666 730 5740 josti
745 5667 850 5724 foedera
865 5673 954 5721 servet
968 5681 974 5718 ε
1152 5666 1225 5736 Quos
1238 5667 1337 5738 templo
1351 5668 1457 5749 dedicat
1466 5669 1528 5728 iata
1541 5672 1613 5728 bona
1627 5674 1733 5731 mansio
1751 5674 1873 5732 Christi:

306 5763 424 5833 Spernat
435 5764 604 5830 damnatum,
617 5762 711 5817 vincat
720 5760 822 5831 pietate
833 5757 975 5814 dolosum:
1151 5760 1286 5829 Quattuor
1301 5771 1383 5833 atque
1394 5764 1484 5821 crucis
1497 5774 1579 5839 auget
1591 5782 1654 5823 cum
1668 5769 1781 5839 rupibus
1791 5769 1864 5836 istis,

305 5853 357 5910 Cui
370 5852 447 5910 favor
457 5863 539 5924 atque
550 5854 642 5919 timor,
655 5852 743 5906 uirtus
754 5858 782 5906 et
794 5849 894 5920 palmo,
907 5859 1007 5902 corona
1021 5858 1060 5899 0⁸·
1150 5850 1356 5923 Perfectanupte
1369 5854 1479 5910 domurn
1496 5856 1631 5914 deducens
1645 5858 1759 5930 angulus
1774 5859 1842 5930 ipss

306 5939 408 6013 lnclyta
419 5960 485 6001 crux
499 5943 616 6011 bomini,
634 5941 735 5999 (ilrristi
747 5939 892 5995 fundamen
906 5945 933 5993 et
949 5933 1027 5990 aulae.
