4509 6850
343 634 404 701 aaa·
666 637 700 692 a.
716 634 845 692 uanam
866 633 974 690 tumn
994 631 1154 688 mentm.
1178 603 1331 692 uocum.
1351 633 1496 693 oreuuu
1513 633 1603 692 raus
1621 635 1641 690 t.
1925 634 1981 691 too

345 753 427 818 tibris,
453 757 535 805 otest
553 763 612 819 par,
637 748 735 818 impar,
762 745 802 799 rel
822 746 856 799 ab
872 744 931 797 aliis
950 741 1133 811 iutjuscemodi
1150 747 1172 805 ,i
1188 744 1252 800 iacit
1278 761 1330 800 nott
1346 746 1469 819 intelligi,
1496 747 1626 803 translate
1651 762 1683 802 ac
1702 749 1816 819 mystice
1834 750 1925 817 posita
1954 750 1985 806 in

344 841 441 914 qureitt
456 839 512 893 sola
530 836 735 892 ratiocinatione
747 844 903 888 tractamus.
929 834 991 887 llaec
1006 833 1133 892 diriditur
1189 834 1346 904 Scripturis.
1379 837 1517 913 ingenium
1537 838 1647 908 quippe,
1662 844 1692 892 ut
1704 837 1739 891 ita
1756 836 1883 902 dixerim,
1908 838 1985 910 inge.

346 936 373 989 itt
399 929 609 992 aritluucticatn,
633 926 776 989 musicam,
795 924 981 994 geometriam,
1010 933 1132 978 astronu-
1189 927 1267 982 nium
1286 943 1340 982 nou
1358 938 1446 999 potest
1465 944 1518 984 nou
1537 930 1639 986 ntoreri
1662 930 1725 1000 quid
1739 928 1789 984 sibi
1810 929 1886 996 reiit,
1910 930 1986 1000 quod

346 1023 449 1078 miam:
468 1019 502 1074 de
520 1017 617 1090 quibus
633 1016 745 1089 singulis
768 1016 915 1072 secundum
935 1016 1056 1069 ordinent
1078 1014 1135 1069 dis·

345 1126 477 1170 serenius.

630 1199 744 1256 carot
763 1198 842 1253 llllll.

633 1292 672 1346 De
685 1290 857 1344 uritltrnetico.

382 1389 560 1444 Arithmetica
575 1395 617 1442 est
630 1384 771 1453 disciplina
788 1371 949 1451 quantitatis
964 1380 1139 1435 numerabilis

347 1481 495 1536 secundum
509 1479 635 1548 seipsam.
658 1474 706 1528 Est
717 1474 789 1527 cuim
802 1471 940 1541 disciplina
954 1487 1136 1525 numerorum.

349 1571 439 1627 Graeci
473 1571 546 1624 enim
577 1582 719 1622 numerum
754 1562 870 1637 ἅριθμιν,
909 1564 1058 1627 arithmon,
1091 1579 1139 1616 ru-

348 1674 421 1729 cant,
441 1678 520 1733 quem
540 1660 686 1729 scriptores
701 1658 851 1712 litterarum
867 1656 1047 1718 secularium,
1070 1656 1141 1709 imcr

349 1753 505 1824 disciplinas
520 1748 724 1805 mathematicas
747 1747 808 1801 idco
829 1746 944 1814 primam
967 1760 1026 1800 esse
1049 1745 1142 1799 raitte-

353 1855 425 1909 runt,
453 1845 580 1914 quoniam
594 1842 651 1912 ipsa
673 1847 702 1893 ut
714 1840 759 1904 sit,
789 1837 860 1893 nulla
881 1837 933 1891 alia
948 1838 1048 1891 iudicat
1062 1837 1142 1891 disci·

275 1954 279 1967 ⁴
349 1939 431 2010 plina.
460 1935 559 1989 blesim
587 1941 675 1987 autem
699 1938 727 1984 et
752 1928 899 1997 geuntetria
925 1938 951 1982 et
975 1926 1141 1981 astronomia

349 2043 410 2103 quae
425 2036 583 2097 sequnntur,
596 2033 625 2077 ut
635 2024 689 2078 siut
704 2030 784 2091 atque
798 2021 958 2084 subsistant,
972 2019 1049 2074 istius
1062 2027 1141 2089 egent

1188 1028 1216 1074 et
1241 1018 1347 1091 Moyses
1370 1028 1398 1073 ct
1424 1019 1496 1075 Elias
1518 1021 1624 1092 etipse
1645 1020 1775 1076 Dominus
1803 1020 1986 1091 quandraginta

1188 1112 1284 1168 diebus
1294 1111 1491 1183 jejunaverunt.
1507 1112 1589 1183 Cujus
1599 1112 1714 1170 actionis
1730 1112 1859 1184 figuratus
1873 1115 1987 1185 quidam

1191 1205 1276 1259 nodus
1299 1205 1359 1259 sinc
1380 1206 1460 1275 ltujus
1480 1206 1586 1260 numeri
1608 1205 1761 1276 cognitione
1781 1213 1808 1260 ct
1828 1207 1985 1262 considera-

1191 1294 1263 1348 tione
1284 1310 1337 1349 non
1362 1294 1484 1349 soluitur.
1510 1295 1596 1349 llubct
1619 1296 1692 1350 enim
1717 1295 1861 1351 denarium
1876 1306 1985 1366 quater,

1192 1394 1317 1454 tauquam
1332 1386 1512 1455 coguitionem
1523 1387 1645 1441 omnium
1660 1401 1750 1441 remm
1773 1386 1905 1441 intextam
1920 1395 1988 1442 tem·

1191 1476 1310 1543 potitnts.
1330 1476 1510 1544 Quateruario
1525 1492 1640 1547 namque
1657 1492 1781 1543 numero,
1795 1488 1822 1533 et
1838 1478 1936 1533 diurna
1960 1487 1989 1533 et

1192 1582 1280 1620 annua
1295 1567 1429 1621 curricula
1444 1575 1628 1638 peraguntur:
1645 1568 1740 1621 diurna
1763 1566 1913 1634 matutinis,
1929 1583 1987 1621 me·

1192 1657 1315 1721 ridianis,
1328 1658 1497 1729 vespertinis,
1512 1658 1704 1727 nocturnisque
1724 1658 1852 1712 horarum
1873 1658 1986 1727 spatiis,

1192 1764 1281 1802 annua
1296 1748 1397 1810 remia,
1414 1748 1527 1813 aestivis,
1543 1747 1751 1814 autumnalibus,
1767 1749 1987 1821 hiemalibusque

1193 1840 1340 1895 mensibus.
1361 1840 1550 1910 attemperata
1571 1846 1662 1893 autent
1679 1839 1857 1896 delectatione
1871 1841 1937 1895 dnm
1960 1843 1989 1896 itt

1194 1928 1360 1997 temporibus
1380 1928 1512 1993 risimus,
1534 1937 1645 1997 propter
1674 1928 1853 1986 aeternitatem
1877 1930 1905 1984 in
1932 1946 1988 2000 qua

1193 2019 1284 2074 virere
1305 2017 1442 2081 rolunms,
1465 2017 1653 2073 abstinendum
1675 2026 1702 2073 et
1721 2016 1905 2089 jejunandum
1928 2030 1988 2086 cst,

350 2121 460 2176 auxilio.
475 2118 552 2172 Scire
563 2124 652 2170 auum
667 2114 795 2168 debemus
808 2109 954 2181 losepitum
968 2109 1141 2165 llcbtaeoruut
1157 2101 1317 2185 Bqumnris
1343 2122 1493 2181 temporum
1516 2111 1641 2167 cursibus
1658 2111 1715 2181 ipsa
1735 2112 1887 2167 insinuetur
1909 2114 1990 2169 nattis

351 2210 536 2267 doctissimum
566 2208 592 2261 in
618 2205 706 2276 primo
726 2203 796 2258 libro
823 2202 1031 2271 Antiquitatum,
1065 2198 1142 2254 titulo

351 2316 434 2368 nuno,
448 2301 538 2355 dicere
548 2296 749 2351 arithmeticam
761 2303 789 2349 ct
799 2293 992 2349 astronomiam
1005 2292 1142 2346 Abraitam

349 2394 467 2465 primunt
493 2388 627 2460 AEgyptiis
654 2386 817 2449 tradidisse;
836 2384 907 2439 unde
933 2383 1034 2437 sentina
1061 2383 1144 2437 susci-

349 2484 466 2554 pientes,
497 2488 527 2533 ut
546 2487 610 2532 suut
628 2478 753 2532 homiues
778 2474 903 2530 acerrimi
923 2474 1033 2544 ingenii,
1062 2488 1143 2528 erco-

351 2574 433 2628 luisse
457 2571 508 2626 sibi
528 2569 646 2639 reliquas
670 2566 750 2621 latius
772 2563 937 2632 disciplinas.
959 2561 1031 2629 Quas
1047 2562 1144 2616 nterito

352 2665 437 2721 sancti
455 2671 547 2734 patres
563 2659 649 2714 nostri
663 2657 789 2728 lcqcudas
813 2654 1017 2709 studiosissimis
1034 2667 1144 2726 persua·

352 2756 428 2819 dent,
443 2751 571 2822 quoniam
585 2764 618 2803 en
635 2763 731 2819 taragna
742 2753 821 2816 parte
835 2760 883 2814 per
897 2760 945 2799 eas
960 2759 975 2797 a
991 2742 1144 2798 carttalibus

352 2844 434 2900 rebus
453 2841 587 2911 appetitos
608 2836 785 2898 abstrahitur,
814 2844 842 2889 ct
864 2834 967 2889 iaciunt
990 2834 1144 2889 desiderare

351 2950 421 3004 cpuae,
449 2929 732 3004 praestatttebotnitm,
762 2926 820 2980 solu
843 2926 977 2996 possimus
1000 2924 1081 2978 corde
1102 2939 1144 2978 rc·

351 3028 466 3097 spicere.
489 3022 565 3079 Unde
586 3020 655 3075 ratio
678 3018 783 3073 numeri
799 3015 995 3072 contemnenda
1014 3030 1067 3070 uon
1091 3024 1144 3081 cst,

351 3135 411 3189 quse
436 3119 462 3172 iu
476 3115 569 3170 multis
584 3124 737 3169 sanctarum
753 3111 956 3181 scripturarum
977 3108 1044 3162 locis
1063 3123 1145 3177 quam

1195 2205 1316 2260 doctrina
1339 2203 1596 2259 contemnendorum
1615 2212 1778 2275 temporum,
1804 2213 1832 2260 et
1854 2215 1987 2277 appeten-

1195 2297 1290 2352 dorum
1311 2305 1482 2353 aeternorum.
1498 2296 1583 2352 l‘orro
1597 2304 1688 2353 autem
1710 2298 1837 2354 denarius
1857 2314 1990 2355 numerus

1194 2389 1325 2444 creatoris
1344 2396 1425 2457 atque
1437 2396 1568 2443 creature
1589 2388 1724 2459 signiticat
1745 2388 1906 2456 seientiam
1923 2406 1988 2445 nam

1196 2481 1302 2535 trinitas
1325 2465 1458 2536 creatoris
1483 2488 1534 2545 cst,
1552 2481 1722 2549 septenarius
1743 2489 1832 2536 autem
1858 2498 1991 2538 uumerus

1195 2581 1346 2627 creaturam
1368 2572 1479 2637 indicat,
1492 2580 1604 2640 propter
1617 2572 1700 2626 ritem
1712 2579 1740 2627 ct
1752 2586 1861 2642 corpus.
1872 2571 1943 2628 Nam
1960 2574 1990 2628 iu

1195 2662 1239 2717 illu
1252 2664 1303 2716 tria
1315 2670 1394 2717 sunt:
1412 2662 1483 2717 unde
1497 2663 1579 2716 etiam
1590 2662 1749 2727 totocorde,
1759 2664 1992 2729 totaanima‚tota

1196 2760 1285 2806 mente
1308 2752 1458 2822 diligendus
1472 2758 1513 2806 est
1532 2751 1618 2818 beus;
1634 2752 1660 2807 itt
1674 2766 1787 2821 corpore
1801 2759 1891 2808 autem
1904 2753 1992 2807 mani-

1196 2844 1339 2898 festissima
1362 2852 1478 2914 quatuor
1501 2850 1649 2913 apparent,
1672 2842 1770 2912 quibus
1790 2833 1913 2905 constat,
1934 2841 1990 2897 elc-

1196 2946 1295 2992 menta.
1312 2936 1368 2990 iloc
1389 2951 1455 3006 erpo
1479 2936 1589 2990 denario
1614 2936 1676 2990 dum
1702 2933 1888 3005 temporaliter
1912 2933 1993 2989 nobis

1196 3025 1357 3091 insinuatur,
1378 3025 1405 3080 id
1428 3033 1479 3088 est,
1503 3033 1600 3095 quater
1622 3024 1747 3090 ducatur,
1763 3033 1838 3079 caste
1851 3031 1879 3080 ct
1898 3026 1993 3081 conti·

1196 3123 1317 3169 nentcra
1331 3122 1482 3183 temporum
1494 3114 1672 3170 delectatione
1685 3114 1786 3180 rivere,
1801 3114 1854 3171 ltuc
1866 3125 1911 3171 est
1925 3130 1994 3185 qua-

351 3207 440 3278 ntagui
455 3204 634 3259 existimanda
650 3202 695 3265 sit,
720 3198 944 3268 lucctdiligeutcr
966 3198 1142 3251 intuentibus.
1196 3206 1319 3275 draginta
1335 3206 1428 3261 diebus
1439 3204 1570 3275 jejunare,
1586 3203 1642 3260 1100
1660 3212 1701 3261 ρει
1715 3205 1757 3260 ιρχ
1776 3206 1854 3277 cujus
1873 3222 1994 3277 person„

351 3298 407 3355 Ner.
431 3297 533 3351 lrustra
556 3294 582 3347 iu
603 3290 785 3345 iatuiibusllci
809 3289 911 3344 dictum
927 3296 968 3341 cst
982 3304 988 3339 :
1004 3285 1101 3354 Ontttin
1116 3286 1144 3339 ιἰι
1195 3306 1238 3351 051
1259 3297 1285 3350 ῑῃ
1308 3295 1411 3366 pt0yse;
1435 3296 1486 3350 1100
1508 3303 1550 3350 est
1566 3295 1723 3366 prophan,
1746 3294 1823 3365 cnjus
1845 3311 1994 3366 personam

351 3403 475 3442 mensuro
500 3395 523 3439 et
536 3398 643 3438 numero
667 3390 691 3436 et
705 3380 818 3451 pondere
831 3377 982 3449 disposuisti
1004 3376 1079 3449 (Sap.
1092 3377 1142 3449 rt).
1197 3387 1265 3459 gerit
1279 3387 1363 3452 Etiam
1387 3386 1438 3442 110ss
1460 3386 1517 3457 5950
1537 3385 1667 3442 Dominus
1681 3395 1780 3452 monce,
1795 3386 1840 3456 qui
1859 3394 1995 3458 mquam

350 3481 389 3532 lta
404 3492 468 3531 uero
482 3475 537 3530 suis
550 3473 665 3542 quisque
681 3483 809 3524 uumerus
823 3467 1032 3538 proprietatibus
1056 3467 1145 3521 termi-
1160 3458 1182 3520 C
1200 3479 1382 3533 testimoninm
1395 3477 1499 3532 ttattens
1510 3493 1525 3530 a
1535 3476 1594 3547 iege
1605 3484 1632 3531 et
1642 3475 1792 3546 prophetis,
1803 3477 1909 3532 medius
1921 3477 1995 3533 inter

352 3584 442 3631 batur·
473 3576 501 3621 ul
527 3566 615 3621 'tullus
640 3579 734 3619 00l¹¹¹¹¹
758 3578 806 3633 l’ir
827 3576 889 3617 0⁵⁸⁰
917 3561 1042 3631 cui‘luam
1065 3561 1145 3616 alleri
1198 3572 1257 3626 ilios
1281 3572 1307 3625 itt
1331 3580 1432 3635 moute,
1458 3570 1546 3625 tribus
1569 3568 1708 3639 discipulis
1731 3568 1884 3625 ridentibus
1909 3579 1994 3640 atque

350 3665 446 3734 Ρῡὸδῑῑ·
473 3657 842 3731 Et'dfleltllsl2'1'05lsslsslssss
865 3664 947 3724 atque
961 3655 1059 3709 ‘lll'sstsl
1071 3663 1143 3720 sunl,
1195 3662 1375 3730 stupentibus,
1390 3661 1497 3715 claruit.
1523 3659 1624 3714 Deinde
1646 3660 1684 3714 ita
1707 3658 1839 3730 queritur
1852 3663 1992 3731 quomodo

351 3767 379 3812 ct
390 3755 487 3827 singuli
504 3754 603 3823 quique
617 3749 715 3805 dirersi
736 3757 807 3813 sunt,
827 3757 855 3802 ct
869 3746 966 3817 singuli
983 3747 1084 3817 quique
1113 3747 1145 3799 ii·
1195 3755 1440 3826 quiuquagenarius
1456 3754 1488 3807 de
1509 3753 1723 3824 quadragenario
1743 3766 1856 3808 numero
1876 3753 1992 3819 existat,

350 3849 400 3904 uiti
415 3855 486 3909 suut,
507 3854 534 3899 ct
546 3857 640 3897 onmes
658 3841 755 3895 infiniti
771 3850 843 3896 sunt.
861 3839 916 3895 Nee
936 3841 1073 3895 audebunt
1100 3841 1145 3895 isti

351 3949 525 3994 conteuutcre
547 3947 687 3996 mnucros,
713 3938 741 3986 ct
757 3945 805 3985 eos
823 3930 856 3985 ad
871 3931 1012 3985 scientiam
1026 3930 1072 4000 Dei
1091 3945 1145 3983 non

351 4029 498 4101 pertittcre,
516 4025 586 4094 apud
600 4037 669 4093 quos
682 4021 759 4075 Plato
771 4021 855 4075 Deum
873 4035 970 4090 magna
984 4020 1146 4074 anctoritate

351 4115 523 4190 commendat
539 4115 668 4168 muudum
680 4110 801 4165 nuntetis
819 4108 1005 4165 fabricantem.
1028 4109 1062 4162 Et
1075 4108 1147 4178 apud

351 4227 402 4266 uos
424 4208 557 4275 l‘ropiteta
584 4205 617 4258 tic
641 4202 695 4257 Deo
715 4200 802 4256 dicit:
818 4199 870 4265 Qui
893 4199 990 4270 profert
1012 4215 1147 4252 numerose

349 4298 486 4355 stcrtdum.
512 4297 545 4350 Et
560 4294 685 4349 Salvator
701 4292 728 4346 itt
740 4291 887 4361 Evangelio
900 4309 906 4344 :
918 4289 1025 4360 Capita,
1047 4289 1145 4358 iuquit,

350 4391 522 4445 restriotmtet
536 4382 665 4439 nunteruti
683 4391 742 4436 sunt
759 4380 867 4454 (linuit.
883 4379 921 4451 tt).
936 4379 1064 4447 Quamvis
1075 4378 1146 4433 ettint

353 4501 383 4540 sc
401 4483 538 4550 uttjectcnt
549 4479 681 4549 aspectui,
695 4477 774 4547 quasi
787 4477 1008 4545 corpusculorum
1024 4475 1148 4545 quedam

350 4583 505 4644 simulacra,
521 4592 582 4632 cuttt
596 4575 696 4631 senarii
714 4574 819 4629 nunteri
830 4573 999 4644 compositio,
1012 4573 1056 4628 rel
1068 4573 1146 4638 urdo,

351 4673 393 4730 rel
406 4670 515 4743 partitio
528 4668 674 4738 cogitatur,
690 4677 780 4722 tamen
795 4666 908 4721 raiidior
917 4674 945 4721 et
954 4666 1148 4735 praepotentior

1196 3851 1240 3922 qui
1256 3866 1309 3904 non
1327 3849 1499 3903 mediocriter
1511 3848 1539 3901 iu
1558 3854 1649 3902 nostra
1666 3846 1793 3918 religione
1807 3854 1931 3902 sacratus
1948 3858 1994 3902 est

1196 3949 1305 4011 propter
1321 3938 1514 4004 Pentecosten;
1537 3946 1565 3992 ct
1586 3937 1722 4007 quomodo
1745 3945 1788 3992 ter
1808 3937 1905 3992 ductus
1925 3952 1994 4007 pro·

1196 4043 1255 4103 pter
1276 4032 1327 4086 tria
1347 4041 1466 4100 tempora
1479 4038 1542 4084 autc
1556 4029 1652 4100 legem,
1666 4029 1716 4083 sub
1732 4028 1802 4098 iege,
1816 4028 1866 4082 snb
1884 4029 1992 4100 gratim

1196 4125 1238 4178 vel
1261 4132 1371 4193 propter
1390 4137 1487 4177 numen
1503 4120 1603 4185 Patris,
1616 4129 1644 4174 ct
1659 4119 1733 4183 liiii,
1749 4128 1778 4174 ct
1796 4117 1915 4189 Spiritus
1928 4134 1994 4173 san-

1197 4213 1249 4279 cti,
1269 4213 1393 4284 adjuncta
1408 4210 1572 4267 eminentius
1592 4211 1649 4281 ipsa
1672 4210 1816 4275 Trinitate,
1838 4210 1873 4264 ad
1893 4225 1994 4280 pnrga-

1198 4305 1309 4360 tissimae
1322 4303 1448 4358 Ecclesiae
1461 4302 1618 4373 mysterium
1642 4300 1784 4366 reseratur,
1795 4300 1996 4371 perveniatque

1198 4398 1353 4450 adrentum
1372 4393 1413 4447 rel
1429 4403 1485 4448 tros
1497 4392 1597 4463 pisces,
1610 4407 1678 4462 quos
1698 4391 1768 4449 retia
1788 4399 1850 4461 pust
1872 4398 2009 4448 resttrre'

1198 4485 1314 4539 ctionem
1337 4482 1442 4536 bomini
1467 4482 1494 4534 in
1517 4481 1657 4536 dexteram
1679 4488 1783 4550 partem
1806 4479 1889 4535 missa
1908 4494 1992 4550 repe·

1199 4584 1270 4629 rutn.
1290 4574 1327 4628 ita
1344 4573 1435 4627 multis
1449 4572 1509 4627 aliis
1526 4581 1606 4641 atque
1626 4571 1687 4626 aliis
1701 4585 1877 4626 numerorum
1896 4569 1994 4627 formis

1198 4666 1320 4736 qttaedaut
1334 4673 1445 4735 propter
1457 4662 1671 4731 νιιιιιὶΙίιιιιΙιιιιιιι
1695 4662 1722 4717 itt
1745 4663 1847 4719 sattctis
1859 4662 1937 4718 libris
1949 4678 1995 4718 se-

350 4767 465 4833 dcsupcr
489 4763 558 4816 ratio
572 4777 625 4815 uun
646 4761 685 4815 eis
700 4760 795 4814 anuuit
808 4759 930 4823 interius,
952 4773 1012 4827 quat
1024 4758 1076 4811 rim
1097 4774 1148 4811 uu·
1199 4766 1271 4811 creta
1284 4765 1430 4826 ponuntur,
1445 4771 1505 4825 qum
1520 4764 1630 4824 propter
1643 4769 1814 4830 numerorum
1826 4753 1994 4825 imperitiam

351 4855 419 4908 mcri
439 4853 569 4915 continet,
592 4864 642 4918 pet·
656 4863 736 4917 quem
749 4849 891 4902 circuitum
911 4847 1025 4901 itdeiiter
1038 4847 1103 4900 dicit
1120 4847 1164 4924 iti·
1198 4846 1347 4917 legentibus
1360 4846 1451 4900 clausa
1476 4853 1547 4898 suut.
1569 4845 1738 4915 Quapropter
1759 4859 1869 4900 necesse
1890 4852 1934 4900 est
1953 4844 1997 4901 eis

351 4944 422 5013 quod
437 4942 534 4998 dieitur
545 4954 628 4994 tntum
644 4940 669 4992 in
683 4938 813 5002 numeris,
826 4938 852 4991 iu
864 4936 950 4991 nullas
963 4945 1053 5005 partes
1063 4937 1145 4991 ditidi
1198 4939 1242 5007 qui
1259 4936 1351 4989 rulunt
1364 4935 1397 4989 ati
1417 4949 1503 4989 sacrm
1524 4934 1671 5003 Scriptura
1689 4934 1812 4987 notitiam
1834 4934 1993 5004 pervenire,

350 5050 441 5105 posse,
465 5031 536 5086 nulla
558 5038 647 5084 :tutem
663 5042 776 5097 corpora
804 5027 855 5082 uisi
874 5027 900 5080 iu
917 5035 1007 5094 partes
1022 5027 1146 5080 innume·
1198 5040 1226 5082 ut
1245 5029 1314 5082 itanc
1329 5033 1415 5080 artem
1438 5025 1540 5079 intente
1562 5024 1682 5087 discant;
1706 5032 1733 5076 ct
1754 5038 1815 5078 eum
1834 5022 1993 5087 didicerint,

352 5128 451 5182 taitilcs
470 5124 565 5185 tiiridi,
582 5130 609 5174 ct
622 5119 729 5175 facilius
742 5119 840 5174 entium
856 5129 884 5173 et
902 5126 1001 5172 terram
1015 5119 1144 5181 trattsitc,
1198 5118 1324 5188 mysticos
1340 5129 1466 5170 uumerus
1488 5116 1514 5169 in
1533 5114 1631 5169 diriuis
1649 5113 1726 5167 littris
1747 5112 1851 5168 iacilius
1870 5113 1936 5168 ltine
1951 5113 1995 5168 iu·

350 5234 410 5288 quac
432 5214 579 5270 seeundum
594 5210 731 5266 senarium
753 5224 895 5262 numerum
924 5206 1054 5262 fabricata
1070 5217 1144 5272 suut,

351 5324 432 5377 quatu
444 5304 513 5358 rtitci
531 5316 609 5372 posse
628 5310 658 5355 ut
669 5300 792 5356 senarius
805 5313 935 5353 numerus
948 5314 1000 5352 non
1015 5299 1070 5353 suis
1085 5313 1148 5367 par·

353 5401 425 5455 tibus
438 5395 614 5467 compleatur.
643 5392 824 5460 Quatttobrent
837 5405 890 5445 nou
903 5405 1047 5459 possumus
1058 5390 1149 5444 dicere

351 5498 494 5560 propterca
514 5483 651 5540 senarium
671 5495 815 5535 nmnetum
831 5496 892 5536 esse
903 5478 1054 5548 perlectum
1076 5481 1148 5548 ttuul

351 5596 397 5635 scr
414 5578 509 5633 diebus
526 5573 639 5646 periccit
652 5573 723 5626 iletts
738 5571 829 5626 onmia
842 5585 924 5640 opera
938 5587 998 5633 sua,
1027 5571 1072 5625 scd
1086 5586 1147 5639 pro-

349 5681 444 5743 pterca
461 5667 546 5721 Deum
567 5681 613 5719 scr
630 5663 724 5718 diebus
737 5660 883 5730 perfecisse
904 5675 987 5730 opera
998 5676 1057 5722 sua,
1084 5661 1146 5729 quia

350 5760 474 5816 senarius
498 5770 628 5810 numerus
655 5751 791 5822 periectos
811 5759 863 5805 est.
897 5749 991 5819 ltaque
1014 5751 1095 5803 etiam
1125 5750 1146 5803 si

351 5856 403 5909 ista
416 5838 470 5906 nott
497 5855 599 5913 essent,
634 5843 772 5915 perlectus
798 5842 841 5896 ille
865 5850 960 5903 essct3
980 5841 1030 5894 nisi
1056 5848 1147 5894 autem

351 5942 396 5995 iiic
421 5937 558 6010 perlectus
579 5943 663 5999 esset,
690 5934 742 5988 ista
767 5931 915 5987 secundum
937 5945 997 5984 cum
1027 5929 1147 5999 perirem

351 6047 405 6088 non
432 6037 540 6085 essent.
573 6023 751 6083 Nomerorum
776 6023 859 6080 etiam
883 6022 1018 6093 imperitia
1062 6023 1146 6078 ntclta

1198 5207 1324 5277 telligaut.

1484 5296 1596 5352 CAPUT
1617 5295 1708 5350 xxiii.

1492 5387 1529 5440 De
1543 5387 1696 5457 qeoutetrt'o.

1233 5480 1310 5534 Nunc
1322 5478 1355 5532 ad
1369 5479 1545 5549 peotuctriattt
1560 5479 1708 5541 rettianms,
1722 5484 1834 5546 quaeest
1846 5473 1996 5545 descriptio

1199 5568 1405 5638 coutcutplntira
1419 5567 1578 5632 suranorum,
1595 5568 1787 5621 documentum
1801 5554 1884 5618 etiaim
1901 5564 1995 5618 usuale

1200 5659 1272 5731 idi,
1287 5656 1400 5728 risunlc]
1421 5658 1660 5727 pbilosophorum,
1686 5654 1774 5724 quud,
1797 5661 1826 5707 ut
1849 5653 1995 5723 preconiis

1199 5749 1383 5805 ccicbcttiutis
1396 5747 1523 5807 rcieraet,
1537 5746 1630 5802 lurcm
1647 5762 1724 5799 suum
1739 5745 1767 5798 iu
1780 5744 1909 5813 operibus
1926 5758 1993 5812 pro·

1199 5841 1264 5909 priis
1291 5839 1469 5910 geontcuiure
1499 5846 1642 5891 testamur.
1672 5835 1749 5902 Quod
1782 5836 1876 5890 neseio
1902 5841 1994 5888 utrum

1199 5930 1321 5983 laud'dtns
1334 5944 1366 5980 an
1379 5927 1616 5996 ritupcratiuttiltus
1627 5924 1785 5994 applicetur,
1799 5923 1908 5992 quande
1921 5921 1994 5992 qttod

1197 6019 1234 6075 iili
1258 6020 1370 6089 pingunt
1394 6017 1419 6069 iu
1430 6016 1543 6084 pulrerc
1555 6017 1671 6081 coloreo,
1689 6012 1783 6069 turem
1799 6011 1890 6068 iacere
1909 6028 1991 6067 mett·
