4509 6850
291 666 345 723 925
782 686 958 744 CDMDENT.
978 688 1011 744 tn
1029 688 1247 745 attributis.
1267 720 1303 731 -
1320 689 1384 746 ctu.
1402 689 1447 747 Ν.
1863 692 1914 747 991⁶

319 803 353 859 l't
368 804 555 879 adimpleretur
567 802 640 877 guad
654 803 806 857 dictumest
829 820 876 874 pec
889 802 990 859 lsaiam
1015 821 1076 874 pra-
1088 808 1114 868 A
1127 803 1194 857 mini
1219 802 1385 868 Salvatoris,
1408 819 1489 875 quem
1502 805 1575 860 venit
1587 806 1694 860 mittere
1713 818 1794 873 super
1813 814 1914 860 terram

283 898 411 965 amena,
429 897 556 954 dicentem
579 910 591 948 .·
612 896 682 950 ane
694 911 760 967 puer
773 912 845 950 naeus
856 911 933 967 quesn
944 894 1020 967 elegi,
1033 896 1077 950 di·
1128 892 1206 963 (Luc.
1222 894 1283 961 ιιι).
1300 894 1363 950 Sive
1374 896 1473 951 aliter:
1492 896 1538 967 qui
1562 896 1699 967 peccatori
1727 910 1780 951 non
1803 896 1935 965 porrigit¹
2036 937 2041 945 r

285 988 368 1045 lectus
385 1005 476 1055 neus,
504 989 532 1043 in
556 1005 611 1058 guo
635 987 699 1042 bene
717 986 874 1057 camplacuit
895 988 991 1041 anima
1014 1003 1078 1042 meae
1127 1000 1251 1051 manum,
1271 996 1505 1056 neoportatonus
1520 986 1611 1043 iratris
1626 987 1678 1053 sui,
1696 986 1916 1056 istequassatuvn

285 1075 364 1149 (lsai.
381 1076 459 1148 ιιιι).
479 1076 556 1144 Quod
582 1076 658 1131 enim
683 1075 814 1145 propbeta
829 1074 862 1129 dc
886 1075 931 1130 illo
957 1075 1077 1130 loturum
1128 1075 1262 1130 calanmrn
1279 1076 1442 1147 canlringit:
1455 1086 1483 1132 et
1495 1079 1540 1147 qui
1556 1078 1689 1133 modicam
1700 1076 1844 1133 scintillam
1854 1091 1917 1132 con·

285 1167 421 1238 praedisit,
435 1183 547 1224 neccsse
558 1176 617 1222 erat
637 1167 664 1221 ln
681 1167 739 1236 ipso
754 1166 869 1236 impleri,
882 1175 912 1221 nt
925 1166 1079 1222 innocentia
1129 1165 1227 1219 temnit
1242 1165 1269 1219 in
1284 1166 1416 1235 parvulis,
1428 1167 1473 1222 hic
1491 1166 1575 1221 linum
1600 1167 1747 1237 exstinguit
1760 1165 1918 1234 luirtigans,

285 1267 313 1313 ct
324 1259 502 1315 mansuetudo
512 1261 571 1331 ejus
584 1275 678 1315 verum
689 1260 879 1329 comprobaret
887 1260 1079 1329 prophetarum
1129 1256 1201 1326 quod
1215 1255 1339 1311 Christus
1353 1265 1497 1327 utrumque
1512 1273 1566 1313 oon
1579 1255 1660 1322 lecit;
1675 1257 1710 1312 ad
1726 1258 1778 1312 boc
1790 1256 1863 1311 enirn
1876 1269 1920 1310 ve·
1950 1281 1954 1290 =

285 1348 434 1404 oraculum.
448 1349 520 1405 Puer
533 1365 598 1421 ergo
612 1349 719 1404 Domini
732 1356 774 1404 cst
790 1346 877 1412 lesos,
891 1349 954 1418 qnia
967 1348 1079 1416 sannam
1131 1358 1209 1404 uerat
1234 1356 1264 1404 ot
1287 1350 1392 1405 salvom
1416 1350 1520 1408 laceret
1537 1353 1609 1422 qnod
1636 1353 1778 1422 perierat,
1796 1363 1824 1406 et
1841 1367 1919 1407 ovem

220 1481 224 1496 ,
275 1440 353 1494 serni
364 1441 504 1511 occentet
517 1441 608 1495 babitu
620 1452 657 1494 est
670 1440 917 1495 inuentusutboma
928 1436 1078 1510 (Pluil.nt);
1130 1452 1271 1500 erroneam
1286 1441 1320 1495 ad
1334 1456 1443 1513 gregem
1457 1443 1484 1497 in
1497 1445 1555 1498 suis
1569 1444 1656 1498 sacris
1681 1443 1803 1498 bumeris
1830 1456 1922 1512 repor-

286 1533 335 1588 scd
350 1540 441 1589 umen
454 1531 557 1588 electos
571 1551 578 1587 :
592 1533 656 1602 qnia
673 1533 743 1603 lpse,
758 1531 829 1587 sicot
839 1529 978 1601 Scriptura
994 1530 1079 1595 dicit,
1130 1538 1201 1586 taret
1217 1531 1294 1603 (buc.
1305 1533 1373 1603 ιιι).
1397 1533 1472 1590 Unde
1484 1544 1512 1589 et
1526 1536 1649 1605 seqnitur
1665 1553 1671 1588 :

287 1621 383 1677 electus
396 1631 434 1677 est
447 1621 606 1678 anillitus
619 1622 709 1695 (Cant.
721 1620 763 1693 v),
778 1621 970 1677 vernsscilicet
983 1620 1080 1682 David,
1167 1622 1255 1677 Donec
1271 1623 1360 1693 ejiciat
1382 1625 1417 1678 ud
1435 1627 1571 1680 uictoriam
1589 1626 1733 1696 judicium.
1762 1624 1815 1680 lste
1830 1630 1922 1678 autent

286 1711 328 1769 sir
343 1713 486 1768 seeundum
507 1730 552 1767 car
572 1712 680 1767 Domini
693 1714 826 1778 inuentus,
850 1713 895 1783 gui
917 1712 978 1782 [ecit
992 1727 1082 1767 amnes
1132 1713 1179 1783 qni
1203 1713 1364 1768 arundinem
1379 1724 1536 1785 quassatam
1551 1730 1605 1770 non
1619 1713 1766 1779 enutrivit,
1786 1724 1814 1769 ιι
1839 1711 1923 1767 linnnr

288 1804 433 1859 uoluntates
447 1803 505 1884 ejus
516 1801 603 1875 (Psoi.
618 1802 763 1874 ιιιιιιιι).
778 1801 888 1857 Electus
900 1808 944 1857 est
958 1800 1032 1856 enirn
1053 1800 1082 1855 in
1133 1803 1267 1876 fumigans
1286 1820 1339 1860 nou
1364 1806 1513 1871 exstinxit,
1527 1805 1658 1876 judicium
1671 1817 1778 1876 quoque
1798 1802 1925 1875 perduxit

288 1907 355 1961 opus
366 1892 437 1961 quod
453 1906 532 1946 nemo
545 1891 614 1946 alius
628 1891 712 1955 lecit,
729 1901 761 1946 nt
778 1891 924 1946 redimeret
936 1904 1021 1961 genus
1033 1890 1083 1943 bu-
1133 1894 1167 1948 sd
1184 1894 1337 1950 victoriam.
1354 1894 1438 1965 Cuius
1457 1894 1559 1962 iudicia
1581 1910 1641 1949 ocra
1658 1903 1721 1949 sunt
1733 1893 1882 1964 justificata
1896 1892 1927 1945 in

279 1990 398 2038 'nrauuvn
413 1992 441 2038 et
465 1984 624 2054 pacificaret
647 1985 779 2039 mnndum
797 1998 858 2038 curn
877 1981 933 2037 Deo
950 1999 957 2036 ε
974 1981 1083 2051 quando
1133 1983 1276 2053 sanctiatis
1292 1982 1378 2056 (Psoi.
1393 1985 1493 2053 ιιιιι),
1509 1984 1602 2039 tanniu
1619 1984 1710 2039 lumen
1724 1981 1924 2053 practicationis

288 2074 360 2128 euim
372 2074 428 2141 ipse
438 2070 556 2143 eligitur,
569 2074 651 2130 bomo
664 2082 720 2141 cst;
734 2073 843 2144 quando
853 2072 938 2143 eligit,
950 2073 1020 2127 Deus
1029 2078 1080 2127 est.
1133 2070 1193 2140 ejus
1210 2072 1237 2126 in
1255 2073 1355 2127 mundo
1368 2072 1533 2141 resplendet,
1544 2073 1696 2141 nulliusque
1710 2077 1866 2125 conteretur
1875 2082 1927 2123 nec

288 2162 318 2217 ln
332 2162 436 2217 duabus
447 2163 557 2231 quidem
573 2164 681 2218 naturis
694 2179 747 2217 una
761 2177 877 2232 persona
891 2169 932 2215 est
945 2143 1121 2235 ChristussB
1135 2163 1309 2232 superabitur
1323 2163 1440 2228 insidiis,
1458 2164 1544 2218 donec
1556 2172 1639 2233 ponat
1660 2163 1687 2216 in
1706 2171 1777 2215 terra
1793 2159 1925 2231 judicium

288 2252 316 2306 ln
339 2252 399 2321 ipso
416 2252 484 2307 bene
501 2251 664 2324 complacuit
682 2254 733 2308 sibi
758 2253 849 2307 anima
868 2250 926 2313 Dei,
942 2250 1005 2319 quia
1024 2249 1082 2319 ipsc
1132 2262 1161 2307 ιι
1175 2252 1395 2323 impleaturillud
1411 2252 1484 2323 quod
1503 2254 1635 2323 scriptum
1650 2260 1692 2307 est
1707 2270 1714 2306 :
1728 2251 1792 2305 Fiat
1806 2249 1927 2305 uoluntas

288 2341 364 2397 solus
386 2350 429 2397 est
442 2356 528 2412 agnus
543 2342 603 2398 sine
614 2343 719 2414 peccati
734 2342 856 2406 macula,
871 2341 903 2395 dc
917 2355 971 2410 quo
983 2349 1011 2396 et
1033 2355 1083 2410 pa·
1132 2353 1190 2409 tuo,
1210 2345 1277 2399 sicut
1291 2346 1319 2398 in
1332 2344 1397 2398 calo
1409 2353 1433 2398 et
1451 2344 1480 2398 in
1495 2354 1567 2399 terra
1587 2343 1695 2414 (narrt.
1709 2343 1758 2415 vr).
1772 2342 1869 2407 Aliter,
1883 2341 1927 2395 bic

289 2443 366 2488 terna
378 2432 597 2489 voxdicittllie
610 2445 648 2490 est
665 2433 750 2489 Filius
765 2450 837 2489 meus
855 2433 1017 2488 allemania
1030 2448 1082 2497 gria
1132 2435 1291 2503 patientiam
1323 2442 1351 2490 et
1387 2435 1625 2490 mansuetudinem
1659 2449 1735 2489 suam
1764 2431 1928 2502 Redemptor

290 2524 352 2577 siritii
369 2523 432 2578 tene
444 2523 599 2594 complacui.
1133 2533 1226 2580 noster
1238 2539 1323 2595 usquc
1341 2524 1376 2578 ad
1391 2531 1507 2580 mortem
1529 2523 1659 2588 servavit,
1673 2524 1759 2578 donec
1781 2521 1845 2577 illud
1856 2521 1928 2589 judi·

326 2614 430 2668 Panum
455 2612 584 2684 Spiritum
609 2630 695 2669 meum
716 2630 886 2684 supereum,
906 2622 931 2667 et
949 2612 1083 2683 judicium
1134 2616 1207 2669 cium
1220 2615 1292 2684 quod
1307 2614 1335 2668 in
1352 2629 1386 2669 co
1403 2614 1532 2685 agebatur
1544 2614 1579 2668 ad
1597 2612 1740 2668 victoriam
1760 2612 1925 2682 perveniret.

290 2702 408 2772 gentibus
421 2702 562 2756 nuntiabit.
577 2701 713 2774 (llieran.)
732 2703 772 2757 Ει
789 2717 906 2773 persona
925 2699 1015 2755 Patris
1032 2700 1084 2754 hoc
1134 2704 1203 2772 Quia
1216 2689 1362 2774 postquam¹
1375 2714 1489 2760 mortem
1507 2704 1599 2760 caruis
1612 2718 1679 2769 suae,
1693 2718 1774 2774 quom
1789 2702 1929 2772 pronubis

292 2807 340 2861 per
362 2792 522 2862 propnetam
537 2791 647 2846 dicitur.
664 2792 782 2859 Spiritus
795 2793 895 2862 quippe
907 2791 1018 2861 ponitur
1029 2804 1083 2844 non
1135 2796 1283 2852 clementer
1306 2796 1435 2867 suscepit,
1449 2804 1576 2875 poterrnr
1593 2797 1759 2865 resurgendo
1772 2795 1927 2866 superavit,

292 2901 373 2957 snper
385 2886 433 2942 Dei
447 2886 563 2942 Verbum
579 2893 607 2941 et
620 2900 701 2955 super
716 2882 901 2955 Unigenitum,
916 2881 963 2952 (tui
977 2881 1011 2936 de
1022 2880 1085 2936 sinu
1134 2888 1247 2959 expulso
1266 2888 1387 2959 principe
1413 2888 1492 2958 hujus
1507 2888 1599 2944 mundi
1615 2890 1702 2943 victor
1714 2890 1747 2942 ad
1762 2902 1875 2957 regnum
1890 2901 1930 2942 re

293 2980 383 3036 Patris
395 2980 548 3051 processit,
563 2977 610 3033 sed
625 2993 706 3047 super
719 2992 781 3033 eum
798 2975 832 3031 ue
845 2989 898 3046 qua
913 2971 1015 3031 uictum
1031 2980 1084 3039 est,
1136 2980 1203 3045 niti,
1224 2980 1316 3049 totquc
1338 2980 1365 3034 in
1380 2978 1471 3035 ratris
1485 2981 1597 3035 nexuere
1615 2980 1712 3035 nuens
1736 2979 1930 3050 fartaniano-

293 3071 362 3127 Eece
375 3088 441 3144 puer
452 3086 524 3126 meus
535 3069 603 3141 (lsa.
616 3066 700 3138 ιιιι);
722 3077 750 3123 et
761 3064 1087 3137 item,Regus’escet,in-
1136 3086 1187 3128 nec
1206 3081 1289 3142 ponat
1310 3072 1546 3128 omnesininticos
1568 3086 1633 3129 suos
1660 3073 1711 3128 sub
1734 3072 1846 3142 pedibus
1870 3070 1930 3141 ejus

238 3161 240 3168 ’
293 3165 363 3233 quit,
386 3180 465 3235 super
484 3179 544 3217 eum
568 3158 809 3231 spiritusDontini,
828 3155 1093 3229 spiritussapientioe-
1137 3161 1305 3236 (ngt‚g1x).

293 3266 317 3310 et
330 3255 486 3319 intellectus,
499 3255 608 3325 spiritus
622 3251 725 3307 consilii
739 3260 764 3306 et
780 3248 943 3322 tortitudinis
956 3288 963 3314 ,
977 3247 1086 3317 spiritus
1174 3253 1208 3307 Et
1221 3253 1363 3307 innomine
1376 3252 1433 3322 ep'us
1445 3262 1534 3324 gentes
1552 3253 1704 3324 sperabunt.
1719 3251 1815 3308 blerito
1826 3266 1891 3325 crgo
1902 3254 1934 3309 ln

293 3345 409 3399 scierttiae
423 3354 448 3399 et
464 3344 586 3414 pietatis,
603 3352 628 3397 et
649 3341 755 3413 replebit
781 3357 841 3397 eum
857 3341 965 3412 spiritus
984 3338 1087 3393 timoris
1126 3345 1248 3400 'minine
1258 3344 1317 3415 cJus
1328 3352 1422 3414 gentes
1436 3344 1602 3415 sperabunt,
1623 3344 1687 3414 qnia
1705 3344 1762 3415 ipse
1774 3351 1817 3400 est
1838 3357 1930 3399 semen

293 3434 401 3489 Domini
415 3434 484 3508 (lea.
499 3435 565 3506 ιιι).
578 3433 713 3491 iudicium
725 3449 791 3506 ergo
804 3433 853 3488 Dei
866 3431 998 3488 Dominus
1008 3428 1088 3486 lesus
1140 3435 1173 3491 de
1184 3450 1238 3504 quo
1248 3433 1413 3506 promissum
1426 3442 1469 3489 est
1484 3433 1601 3490 dbrabae
1617 3433 1688 3504 quod
1710 3434 1738 3488 in
1758 3432 1861 3489 semine
1873 3432 1932 3502 eius

293 3525 419 3597 gentibus
431 3525 588 3591 nuntiavit,
614 3525 679 3596 qnia
700 3524 821 3581 loturum
837 3522 969 3593 judicium
984 3535 1062 3577 mum
1076 3559 1085 3586 ‚
1099 3525 1122 3589 c
1138 3511 1335 3581 benedicentur
1351 3537 1447 3579 omnes
1469 3535 1563 3595 gentes
1585 3533 1676 3579 terra.
1697 3523 1736 3578 De
1754 3537 1809 3593 quo
1825 3531 1852 3578 ιι
1866 3536 1933 3592 pre⁴

293 3615 367 3686 quod
380 3603 433 3670 illc
441 3615 552 3670 minime
562 3615 745 3683 crediderunt,
759 3629 808 3686 per
821 3612 996 3683 Evangeliutn
1007 3625 1087 3668 suum
1139 3616 1229 3672 dictus
1242 3614 1326 3672 lsaias
1343 3613 1382 3668 ait
1398 3627 1407 3668 t
1430 3612 1517 3668 Radia
1534 3612 1611 3669 desse
1622 3653 1630 3679 ,
1643 3612 1688 3684 qui
1708 3621 1829 3683 exsurget
1845 3627 1932 3683 regere

293 3714 322 3761 ct
335 3706 527 3775 praedicatores
540 3705 607 3761 ltovi
619 3705 785 3762 Testamenti
797 3700 1088 3775 patclecit,docuitque
1137 3712 1237 3776 gentes,
1259 3704 1288 3757 in
1305 3718 1367 3758 eurn
1379 3701 1521 3774 spactant
1538 3701 1657 3774 (isam)
1680 3702 1823 3774 ipsumque
1837 3701 1931 3772 depre-

295 3811 343 3853 cas
354 3796 434 3854 modo
446 3796 639 3868 agcrejudicia
655 3797 730 3868 justa
751 3804 779 3852 ct
793 3795 914 3851 devitare
923 3792 1026 3865 judicia
1045 3792 1088 3847 iu-
1139 3797 1298 3852 cabuntoru

293 3885 376 3955 justa.
394 3884 538 3956 Sequitur:
1174 3887 1203 3942 ln
1220 3887 1330 3943 nominc
1345 3886 1446 3959 qnippe
1466 3885 1526 3956 cius
1549 3899 1646 3941 omnes
1661 3893 1759 3956 gentes
1773 3883 1932 3955 sperabunt,

333 3973 396 4030 Nan
408 3975 564 4043 contendet,
578 3992 661 4049 neque
674 3976 798 4033 clamabit
811 4017 819 4044 ,
834 3992 916 4048 neque
930 3976 1021 4032 audiet
1037 3973 1089 4030 oil-
1138 3979 1213 4050 qnia,
1226 3987 1257 4035 ut
1268 3979 1367 4038 Petrus
1386 3981 1434 4047 ait,
1456 3995 1508 4034 nan
1531 3991 1569 4033 ess
1590 3977 1664 4031 uliud
1686 3993 1780 4031 nomen
1801 3977 1849 4031 sub
1869 3975 1933 4032 ecla

296 4066 355 4137 guis
370 4066 397 4122 in
413 4066 506 4138 pluteis
531 4084 619 4123 uocem
642 4069 700 4139 ejus
725 4066 844 4139 (Ιιιιιι.)
872 4067 931 4123 Non
949 4065 1089 4123 contendit
1139 4069 1229 4122 datum
1248 4068 1408 4134 bominibus,
1430 4067 1557 4139 perguod
1575 4067 1674 4139 possint
1687 4065 1786 4121 sulcari
1798 4067 1866 4139 (det.
1882 4066 1932 4135 tv).

298 4172 363 4230 ergo
376 4156 521 4225 cbristus,
538 4174 626 4230 neque
640 4159 787 4225 clamarit,
804 4156 994 4228 nequeaudits
1006 4154 1088 4210 estin
1139 4156 1194 4212 Sed
1207 4157 1235 4210 in
1248 4158 1352 4212 minine
1369 4155 1446 4224 lau,
1463 4153 1543 4225 juxta
1565 4155 1642 4211 Pauli
1659 4170 1764 4222 vocem,
1778 4173 1853 4212 amne
1866 4173 1934 4229 genu

298 4247 394 4318 plateis
406 4261 456 4304 vox
471 4246 546 4317 qus,
560 4248 624 4319 quis
638 4261 700 4303 com
713 4245 920 4303 malediceretur
932 4260 986 4301 uon
1002 4258 1090 4300 rems-
1138 4246 1258 4317 flectetur
1270 4245 1423 4311 celestium,
1440 4245 1603 4300 terrestrium
1615 4253 1639 4301 et
1649 4246 1830 4315 internarum
1841 4255 1865 4300 et
1878 4261 1935 4300 am·

298 4339 439 4403 indicebat
458 4347 673 4412 compateretur
693 4353 748 4394 non
774 4338 1001 4394 comminabatur.
1022 4334 1090 4388 Tra·
1139 4338 1180 4393 nis
1196 4337 1286 4409 lingua
1301 4335 1466 4406 confitebitur
1484 4337 1547 4408 guia
1573 4335 1700 4392 Dominus
1716 4335 1794 4392 lesus
1809 4336 1935 4408 ingloria

216 4460 231 4482 .
298 4428 475 4484 mineatem
495 4445 523 4485 se
540 4427 675 4500 judicanti
688 4427 803 4497 injuste,
819 4442 913 4496 eorpus
927 4441 1004 4480 suunt
1018 4423 1089 4479 dedit
1139 4440 1176 4484 est
1191 4429 1241 4484 Dei
1256 4427 1344 4484 l’atris
1358 4427 1442 4501 (batt.
1457 4427 1500 4501 tt).

298 4519 510 4590 percutientibus,
533 4528 559 4574 et
581 4535 661 4590 qenes
681 4533 745 4573 suas
763 4516 936 4580 cellentibus,·
953 4515 1021 4569 sieut
1035 4514 1090 4568 osis
1176 4516 1243 4594 [tlt]
1259 4518 1335 4583 Tune
1346 4517 1449 4574 oblatus
1462 4520 1535 4575 estes'
1549 4518 1707 4574 demanium
1721 4517 1830 4586 liabens,
1849 4532 1934 4574 curus

299 4610 335 4665 td
357 4612 513 4667 maisianem
532 4612 627 4666 ductus
648 4619 705 4673 etl.
723 4618 748 4664 tl
766 4624 819 4664 non
844 4608 946 4678 aperuit
966 4622 995 4661 tt
1010 4620 1090 4660 suum
1139 4619 1273 4675 etractus,
1294 4617 1319 4663 et
1338 4610 1440 4664 curauit
1454 4625 1524 4675 eunt,
1542 4610 1579 4665 ita
1593 4618 1622 4664 ut
1632 4608 1781 4680 loqueretur
1791 4616 1816 4663 et
1826 4608 1934 4663 uideret.

299 4699 369 4773 (isa.
380 4699 418 4774 ι).
436 4700 587 4772 allegorice
602 4708 693 4754 anum
712 4712 765 4753 uon
786 4697 888 4753 audivit
904 4696 1048 4768 qnisquam
1061 4694 1089 4749 in
1140 4702 1204 4759 Tria
1225 4717 1290 4776 crgo
1312 4702 1388 4774 signa
1410 4703 1492 4762 simul
1516 4704 1544 4758 in
1568 4718 1622 4759 uno
1644 4703 1754 4758 homine
1779 4708 1935 4774 perpetrata

299 4791 397 4863 illidit
410 4806 505 4848 Vtoeffl
531 4789 644 4857 Christi,
663 4790 727 4861 (lust
752 4788 808 4844 ¹²1³
825 4796 868 4844 0⁸⁸
882 4788 925 4843 lit
940 4802 1000 4858 (1¹¹ae
1016 4785 1090 4842 ΰῦιῑῑ
1140 4801 1224 4849 snut:
1241 4808 1329 4850 caecos
1350 4792 1435 4860 videt,
1451 4802 1543 4849 mutus
1564 4793 1693 4864 loquitur,
1717 4809 1858 4865 possessus
1878 4793 1935 4850 dac·

300 4882 335 4937 ad
348 4881 527 4951 perditionem
540 4921 549 4949 ,
563 4887 591 4937 et
607 4880 684 4936 multi
704 4879 751 4949 qui
764 4878 953 4958 ingrediuntur
968 4889 1090 4948 peream
1103 4871 1129 4933 D
1142 4902 1223 4943 mone
1248 4887 1395 4955 liberatum
1422 4888 1495 4957 qugd
1514 4895 1544 4943 gc
1567 4896 1629 4945 runc
1654 4889 1763 4960 (purgem
1790 4887 1936 4945 carnatium

300 4988 355 5028 1¹⁰¹t
368 4973 482 5028 audiunt
493 4985 586 5028 votem
597 4970 824 5041 Salvatoris,qnia
835 4985 888 5026 ¹¹0ss
902 4969 1003 5026 suntin
1015 4974 1092 5024 altit
1144 4977 1245 5033 lactum
1259 4988 1311 5044 est,
1325 4978 1375 5036 scd
1389 4987 1417 5034 et
1430 4979 1550 5049 quotidie
1566 4977 1716 5051 completor
1729 4979 1936 5035 conversatione

299 5065 355 5130 tlt,
371 5064 418 5120 tad
433 5064 460 5119 in
474 5064 605 5136 spatiosa.
1143 5070 1325 5134 credentium,
1348 5078 1389 5139 ut,
1408 5071 1521 5142 expulso
1539 5070 1655 5141 primum
1670 5071 1801 5136 dacrnone,
1817 5069 1878 5125 lidci
1893 5069 1935 5124 lu-

337 5155 502 5211 drusrdinent
520 5166 673 5228 quassatam
687 5173 740 5212 non
754 5157 900 5228 confringet
912 5163 937 5209 et
952 5155 1036 5209 linum
1049 5153 1093 5225 su-
1143 5177 1207 5218 meo
1218 5161 1350 5232 aspiciant
1363 5179 1370 5216 ι
1385 5162 1484 5219 deinde
1505 5163 1540 5217 ad
1554 5162 1647 5218 landes
1661 5161 1710 5217 Dei
1726 5161 1843 5218 meantia
1860 5159 1936 5233 prins

300 5247 405 5318 irrigans
417 5263 469 5302 nan
479 5249 638 5319 exstinguet.
650 5245 742 5319 (neg.)
762 5247 926 5302 terminent
941 5255 1093 5318 quassatam
1144 5267 1192 5308 ora
1203 5251 1337 5308 laxentur.

301 5333 410 5394 ludaeos
429 5339 515 5405 dicit,
533 5345 645 5410 propter
664 5339 737 5410 quod
756 5346 785 5394 et
806 5353 876 5393 ursus
895 5337 1009 5408 populns
1033 5342 1094 5393 erat
1181 5342 1216 5398 Et
1228 5343 1363 5415 stupebant
1387 5359 1475 5399 amnes
1495 5347 1589 5411 turba,
1609 5354 1633 5400 et
1652 5344 1791 5400 dicebant:
1807 5339 1936 5413 Nurrquid

302 5439 332 5490 et
345 5432 509 5489 abinvicem
536 5432 735 5503 discrepabant.
761 5430 858 5486 Linum
882 5429 1016 5501 fumigans
1040 5444 1093 5483 non
1145 5434 1188 5490 lu'e
1202 5444 1240 5489 eat
1252 5434 1324 5504 filius
1337 5431 1584 5489 Daotdtl'lsurisoei
1603 5443 1691 5488 autent
1708 5431 1843 5486 audientes
1860 5429 1934 5484 diae-

303 5523 449 5595 eestinguet
464 5563 472 5589 ,
497 5523 625 5595 populum
640 5522 764 5579 videlicet
777 5537 793 5576 s
806 5521 930 5594 gentibus
945 5533 1094 5593 congrega·
1147 5535 1208 5580 runt
1220 5539 1230 5578 :
1241 5524 1292 5578 liic
1307 5539 1358 5578 non
1382 5523 1453 5594 ejicit
1467 5524 1598 5580 demones
1617 5521 1667 5577 nisi
1680 5522 1706 5576 in
1720 5518 1847 5578 uetabat
1863 5518 1937 5591 prin·

305 5623 383 5680 tom,
408 5613 472 5685 qui,
497 5615 633 5670 exstincto
660 5613 727 5686 legis
749 5613 882 5668 naturalis
898 5612 1012 5677 ardore,
1026 5610 1093 5666 lumi
1147 5616 1203 5686 cipe
1227 5613 1427 5670 demoniorum.
1441 5613 1539 5670 'turbis
1561 5614 1660 5685 quippe
1675 5626 1736 5682 quae
1759 5611 1848 5666 nunus
1872 5626 1936 5668 eru·

305 5706 469 5762 amarissimi
491 5715 520 5762 et
538 5708 585 5777 qui
606 5705 702 5762 noxius
719 5705 875 5773 oculisest,
892 5706 1095 5775 uucbrosaequc
1148 5704 1210 5761 ditae
1224 5704 1384 5759 videbantur
1398 5703 1504 5761 1)ιωίιί
1517 5715 1625 5774 semper
1640 5699 1709 5757 iacta
1723 5701 1893 5765 mirantibus,
1908 5706 1937 5756 ot
1956 5773 1965 5783 a

306 5799 431 5870 caliginis
454 5799 642 5855 involvebatur
656 5799 808 5864 erroribus3
825 5809 905 5869 quern
926 5813 980 5853 nou
1005 5797 1095 5853 solum
1146 5795 1230 5852 lilium
1245 5795 1374 5852 Davidob
1391 5793 1643 5851 misericordiamet
1656 5791 1938 5862 beneficiaquaelndi·

307 5906 362 5944 non
374 5890 504 5946 exstinxit
525 5900 553 5946 et
571 5891 675 5962 redegit
689 5890 715 5945 io
733 5891 869 5957 cinerem,
881 5890 928 5945 scd
948 5904 964 5944 e
988 5899 1097 5944 contra·
1146 5887 1272 5959 gentibus
1282 5886 1420 5958 praebebat
1431 5885 1648 5960 predicantibus,
1659 5883 1788 5943 Pharisaei
1799 5882 1939 5940 ctScribse

307 5979 350 6034 rio
363 5978 396 6033 de
406 5995 490 6050 parva
504 5980 620 6036 scintilla
632 5990 660 6037 et
678 5996 746 6052 pene
759 5981 891 6036 cruciante
905 5979 1022 6036 maxima
1036 5994 1097 6035 sus·
1146 5987 1240 6035 contra
1258 5978 1300 6034 vel
1314 5990 1414 6051 negare
1434 5980 1503 6047 bec,
1522 5977 1566 6033 vel
1585 5992 1646 6050 quae
1665 5989 1764 6050 negare
1778 5972 1939 6046 nequierant

308 6067 404 6126 citavit
415 6070 550 6140 incendia,
564 6071 602 6128 ita
620 6079 650 6127 ot
668 6078 740 6129 totos
759 6071 834 6128 orbis
854 6070 961 6128 arderet
974 6070 1036 6144 igne
1048 6070 1098 6127 Do·
1146 6071 1257 6128 sinistra
1271 6069 1492 6142 interpretatione
1505 6076 1660 6142 pervertere
1677 6064 1846 6134 laborabant,
1861 6062 1937 6137 quasi
