4509 6850
309 651 360 708 ost
948 656 1047 712 arasa
1068 655 1111 710 nu
1130 655 1303 716 uournro.
1885 673 1940 729 ως

306 770 353 826 die
376 767 404 823 ln
419 764 560 824 meridiem
586 767 644 823 dics
671 783 734 824 suos
758 777 914 839 computare
936 770 1098 825 maluenmt.
1114 772 1238 832 Adtcas.
1263 773 1332 829 blaa.
1355 775 1435 847 Ergo,
1459 777 1485 830 ni
1501 777 1586 842 tallor,
1601 788 1704 835 curtata:
1727 783 1768 836 luc
1791 785 1942 854 speciesnd

306 861 383 918 litae.
399 858 652 928 monastratura
668 860 772 930 primus
784 860 841 915 dies
865 860 956 915 saculi
977 860 1101 915 exstitit?
1154 875 1236 915 tanum
1252 862 1332 917 linem
1348 873 1478 934 spectant,
1496 883 1544 922 nos
1554 868 1662 937 quidem
1682 873 1868 943 admonentes,
1881 887 1944 947 post

307 952 379 1008 llas.
395 950 495 1018 Quinta
517 950 622 1006 decima
643 950 821 1006 Kalendarum
834 949 977 1021 Aprilium,
990 966 1044 1020 quo
1066 950 1103 1003 ri·
1153 964 1265 1021 operum
1289 953 1418 1010 bonorum
1440 956 1644 1027 perfectionem,
1669 960 1695 1015 in
1723 961 1840 1034 Spiritus
1856 967 1943 1024 saneti

307 1042 408 1098 delicet
430 1041 474 1097 die
496 1040 585 1096 lucem
607 1038 749 1096 formatam
771 1041 896 1111 primitus
913 1040 1059 1104 eredimus,
1075 1048 1102 1094 et
1153 1041 1237 1111 gratia
1248 1055 1404 1113 perpetuam
1415 1061 1525 1116 sperare
1536 1050 1663 1118 quictem.

305 1134 347 1191 alc
371 1142 427 1190 tres
447 1131 508 1188 illos
522 1131 582 1188 dies
594 1132 697 1203 primos
724 1133 825 1202 absque
847 1132 908 1188 ullis
919 1132 1047 1188 horarum
1062 1132 1103 1186 di·
1439 1133 1553 1191 edunt
1571 1137 1666 1194 xxti.

305 1221 504 1285 mansionibus,
528 1229 558 1275 ut
571 1229 634 1290 pote
656 1222 774 1277 nondum
793 1222 870 1277 lactis
897 1221 1040 1286 sideribus,
1056 1237 1103 1276 cu·
1229 1235 1232 1248 ¹
1350 1222 1387 1277 lle
1403 1223 1614 1282 denominatione
1631 1228 1743 1286 dierum.

305 1315 439 1372 currisse.
451 1313 555 1382 Quarto
576 1312 683 1368 demum
706 1328 798 1380 mane,
813 1314 864 1368 boc
878 1323 930 1378 est,
944 1313 1102 1369 duodecima
1189 1312 1261 1368 llrsc.
1276 1311 1341 1379 Qtta
1356 1320 1446 1367 autem
1471 1314 1506 1370 sit
1528 1324 1602 1372 recta
1613 1326 1642 1373 et
1666 1320 1820 1378 authentica
1836 1324 1942 1381 dierum

306 1404 369 1460 lial.
384 1404 498 1475 Aprilis,
511 1402 551 1460 sol
569 1411 598 1458 et
611 1402 699 1458 sidera
714 1404 822 1460 condita
835 1411 908 1469 sunt,
922 1411 952 1459 ut
972 1403 1101 1458 cssemin
1154 1401 1330 1457 bebdomadae
1353 1403 1516 1472 nuncupatio
1540 1406 1640 1475 pralon.
1671 1407 1742 1466 atta.
1769 1412 1942 1471 Hebdomada

306 1495 386 1568 signa
403 1502 430 1551 et
442 1502 563 1563 tempora
580 1501 608 1548 et
623 1493 680 1548 dies
691 1502 719 1549 et
728 1508 823 1549 annos.
1153 1505 1218 1564 ergo
1229 1491 1378 1566 antiquitus
1391 1493 1430 1548 sic
1442 1496 1649 1564 computabatur
1661 1498 1687 1553 iu
1702 1501 1800 1572 populo
1814 1504 1872 1559 bei.
1885 1504 1943 1560 Pri·

595 1602 709 1660 ggpgg
724 1603 820 1659 mg,
1154 1595 1196 1635 ma
1219 1581 1334 1646 sabbati,
1349 1582 1391 1636 rel
1405 1598 1458 1638 una
1480 1584 1594 1651 sabbati,
1620 1588 1676 1644 sire
1697 1591 1882 1660 sabbatorum,
1897 1611 1942 1652 se·

314 1741 317 1746 ¹
594 1672 634 1728 De
646 1673 821 1729 bebdomada.
1153 1671 1241 1728 cunda
1254 1672 1369 1738 sabbati,
1384 1674 1462 1729 tertia
1481 1676 1597 1745 sabbati,
1611 1691 1707 1749 quarta
1722 1682 1837 1750 sabbati,
1848 1688 1942 1756 quisita

343 1763 419 1820 lissa.
434 1763 606 1820 llebdomada
625 1763 760 1834 quidest?
781 1764 852 1820 llta.
868 1764 978 1835 Septem
997 1766 1102 1822 dierum
1153 1761 1268 1828 sabbati,
1277 1770 1353 1818 sexta
1363 1765 1479 1831 sabbati,
1489 1767 1601 1837 septima
1608 1770 1725 1838 sabbati,
1736 1773 1778 1829 rel
1788 1774 1940 1833 sabbatum.

303 1869 416 1914 eamus.
442 1854 514 1911 llrsc.
541 1854 618 1912 Unde
644 1855 744 1911 dicitur
770 1855 957 1913 bebdomada?
982 1857 1053 1915 lita.
1078 1859 1102 1914 Δ
1153 1854 1212 1911 lion
1237 1856 1309 1926 quod
1328 1871 1423 1914 omncs
1447 1857 1631 1927 sabbatontm‚
1647 1862 1701 1918 boc
1724 1872 1776 1931 est,
1797 1867 1942 1936 requietio-

306 1946 567 2019 eeptenarioutique
578 1947 866 2005 numerabebdomada
879 1950 1100 2021 nomenaocepit.
1153 1962 1218 2003 num
1231 1948 1290 2003 dies
1311 1963 1371 2004 esse
1382 1950 1534 2019 potuerint;
1553 1957 1600 2008 sed
1622 1953 1695 2025 quod
1714 1956 1951 2026 arequietionum

305 2034 378 2092 liam
393 2034 559 2093 bebdomada
574 2034 680 2101 Graeoc,
704 2036 854 2108 septimana
877 2036 976 2094 dicitur
995 2037 1101 2104 Latine,
1154 2037 1208 2102 die,
1219 2054 1279 2108 aaa
1292 2054 1341 2095 sno
1356 2041 1428 2095 culta
1451 2050 1480 2097 et
1495 2044 1604 2099 nomine
1618 2044 1763 2117 singularis
1782 2047 1941 2116 excellebat,

305 2143 341 2185 eo
356 2127 429 2198 quod
447 2134 549 2198 septem
572 2141 676 2194 manes,
700 2126 727 2182 id
748 2136 800 2195 est,
815 2128 873 2184 dies
895 2139 1007 2199 septem,
1020 2130 1046 2184 in
1070 2145 1100 2185 se
1114 2117 1138 2176 B
1151 2127 1238 2197 prima
1250 2128 1293 2184 rel
1310 2129 1427 2184 secunda
1440 2130 1483 2187 rel
1496 2133 1575 2187 tertia
1590 2125 1634 2188 viel
1647 2144 1753 2191 cetere
1769 2151 1819 2193 stro
1829 2152 1942 2210 quaeqne

305 2216 507 2288 complectitur.
1152 2227 1328 2275 oenserentsr
1341 2220 1447 2277 ordine.
1462 2220 1535 2277 lirae.
1549 2222 1582 2278 Et
1595 2224 1666 2281 unde
1688 2225 1747 2283 istae
1765 2230 1942 2300 nuncupatio·

596 2306 710 2363 CAPUT
729 2307 813 2363 XXV.
1152 2322 1338 2377 nes,quan1m
1357 2310 1479 2366 moderni
1502 2320 1624 2380 utuntur,
1645 2318 1792 2374 renerent?
1815 2317 1886 2376 llas.
1899 2319 1939 2375 Ex

490 2397 530 2454 lle
544 2397 678 2469 speciebus
691 2397 924 2453 hebdomadarum.
1153 2396 1263 2467 antiqua
1290 2399 1393 2455 scilicet
1420 2402 1589 2458 ethnioorum
1618 2407 1817 2476 superstitione.
1841 2409 1939 2466 Venrm

342 2487 418 2544 urse.
436 2486 608 2545 Hebdomada
622 2488 764 2559 speciebus
777 2486 918 2544 uniformis
932 2503 966 2543 an
983 2488 1102 2561 polylur-
1152 2503 1214 2543 rum
1229 2490 1342 2561 gentiles
1356 2493 1601 2550 observationema
1619 2496 1717 2568 populo
1740 2497 1823 2556 lsrael
1837 2500 1939 2558 bebdo·

304 2579 361 2636 ntis
382 2578 443 2634 estl
464 2577 535 2636 llas.
560 2577 721 2650 Polylormis
745 2578 848 2650 adque,
867 2580 930 2649 qnia
956 2577 1102 2650 Scripturas
1153 2579 1240 2637 madis
1252 2581 1413 2649 ediscerent,
1434 2599 1496 2639 mox
1511 2585 1579 2642 banc
1597 2586 1624 2640 in
1639 2586 1744 2644 laudem
1763 2602 1874 2645 suorum
1894 2590 1940 2646 de-

305 2668 581 2726 sanctmanetoritate
593 2660 1099 2741 multisspecianusestinsigntsbrsc.
1153 2665 1384 2737 sseaeredeorum,
1399 2671 1515 2741 primam
1527 2673 1652 2729 videlieet
1672 2674 1740 2731 diem
1760 2673 1828 2744 Soli,
1843 2691 1940 2734 secun·

304 2756 656 2828 mamuldarium
684 2772 749 2830 ergo
762 2773 795 2815 ac
818 2757 963 2830 singularis
976 2758 1022 2815 illa
1037 2759 1102 2815 heb
1153 2757 1214 2814 dam
1227 2758 1319 2825 Luae,
1336 2761 1443 2816 tertiam
1459 2761 1548 2828 llarti,
1564 2773 1688 2834 quartam
1705 2763 1849 2832 llereurio,
1862 2766 1941 2837 quin-

305 2849 436 2917 mnata,
447 2857 476 2906 et
490 2864 505 2906 a
520 2864 573 2920 qua
585 2858 691 2907 caeterae
711 2848 826 2905 sormam
841 2856 997 2919 capessunt,
1012 2849 1101 2905 divina
1153 2855 1208 2902 tnm
1217 2847 1285 2913 lovi,
1298 2857 1401 2904 sextam
1412 2850 1670 2922 Veneriseptimam
1680 2851 1797 2910 Saturno
1807 2855 1940 2920 dicantes,

305 2952 352 3002 est
363 2942 527 3016 operatione
549 2943 672 2999 sublimis
689 2942 772 3013 :quia
796 2942 986 2998 nominasses
1009 2941 1103 2997 diebus
1152 2937 1254 2994 eisdem
1269 2941 1361 3010 utique
1373 2940 1502 2996 monstris
1524 2955 1587 2996 suos
1599 2941 1657 2998 dies
1671 2943 1770 3012 quibus
1780 2951 1808 3000 ct
1819 2946 1939 3000 errantia

306 3036 402 3094 mundi
415 3044 541 3092 ornatum
550 3034 698 3106 complens,
710 3034 823 3105 septima
842 3033 975 3105 requierit
995 3032 1102 3104 abope-
1153 3028 1242 3084 sidera
1252 3039 1453 3085 consecrantes.
1465 3029 1662 3086 Existimabam
1676 3031 1749 3091 euim
1765 3046 1794 3088 se
1807 3033 1908 3089 babere
1924 3051 1940 3089 a

307 3125 385 3183 ribus
397 3125 465 3182 suis.
480 3123 522 3181 tta
534 3124 614 3196 hujus
625 3124 778 3197 exemplum
801 3123 899 3180 divinae
915 3123 1101 3187 hebdomadis,
1154 3115 1217 3174 Sole
1230 3117 1362 3188 spiritum,
1379 3118 1483 3174 aLuna
1505 3133 1613 3190 corpus,
1626 3134 1642 3175 a
1654 3120 1739 3177 llartc
1761 3119 1906 3188 terrorem,
1924 3139 1940 3178 a

307 3215 428 3274 moda
452 3215 608 3272 hominibus
630 3215 799 3271 observanda
820 3215 974 3281 mandatur,
996 3214 1103 3271 diaente
1154 3207 1285 3264 llercnrio
1298 3209 1456 3280 sapientiam
1478 3219 1506 3266 et
1519 3211 1640 3276 verbum,
1662 3227 1679 3268 a
1698 3211 1764 3270 lore
1789 3222 1941 3286 temperau-

306 3305 425 3362 Domino
440 3322 448 3360 τ
463 3303 617 3361 Sattielm
630 3304 778 3375 operaberis
792 3313 815 3358 et
830 3301 911 3373 iacies
924 3303 1012 3358 omnia
1024 3319 1102 3374 opera
1154 3296 1231 3363 tiam,
1252 3313 1267 3353 a
1284 3297 1389 3354 Venere
1412 3299 1586 3370 volttptatem,
1610 3301 1757 3381 abaturno
1774 3304 1938 3362 tarditatem.

306 3395 494 3468 aasentias
511 3404 598 3453 asten
620 3394 662 3452 die
675 3396 776 3450 saltari
790 3394 899 3451 bonini
914 3395 963 3451 Dei
987 3396 1026 3450 tui
1049 3410 1101 3451 nau
1155 3387 1189 3444 ut
1199 3388 1234 3446 ob
1244 3388 1296 3446 boc
1310 3397 1386 3446 tanto
1399 3390 1484 3448 errori
1500 3405 1529 3447 se
1553 3391 1696 3460 dederunt,
1708 3393 1839 3466 eligentes
1852 3395 1941 3467 potius

306 3488 392 3561 sarim
405 3504 481 3543 aenne
494 3505 569 3560 opas,
581 3495 611 3544 et
624 3487 736 3559 reliqua.
754 3487 845 3543 Tertia
869 3488 974 3559 species
997 3489 1097 3544 bebdo·
1114 3467 1136 3530 C
1153 3480 1255 3535 tellite
1268 3488 1400 3536 clidium
1414 3495 1496 3550 ‘lilim
1508 3481 1642 3538 emmil-

306 3578 396 3636 medis
409 3578 437 3635 in
448 3579 630 3635 celebratione
644 3578 817 3635 Pentecostes
832 3578 933 3651 agitur,
946 3587 1050 3650 septem
1061 3580 1102 3633 ri·
1427 3591 1540 3651 ggpgg
1560 3592 1664 3650 unp,

306 3666 733 3739 delicetscptimanisdiemm‘et
751 3669 877 3735 monade,
893 3669 945 3724 hoc
958 3669 1100 3739 est,qnin·
1477 3664 1609 3734 Deieriia.

306 3759 438 3833 quaginta
449 3760 543 3817 &bus
556 3760 675 3831 impleta.
690 3758 748 3827 Qua
760 3759 804 3815 die
816 3768 845 3817 et
854 3758 959 3831 lloyses
971 3760 999 3815 in
1010 3767 1101 3816 monte
1187 3755 1259 3811 Drse.
1278 3754 1331 3811 Sed
1347 3756 1370 3810 si
1390 3755 1477 3811 errori
1500 3754 1563 3811 buic
1585 3754 1692 3827 aliquod
1714 3756 1940 3813 medicamentum

306 3850 395 3923 legem
406 3865 423 3906 a
436 3851 674 3921 bominoacoepit,
686 3849 849 3906 ethristus
862 3850 889 3905 in
901 3849 999 3922 linguis
1016 3850 1101 3920 igneis
1151 3846 1197 3913 sit,
1220 3845 1273 3902 dic.
1291 3844 1360 3901 lita.
1376 3844 1517 3901 intentum
1541 3852 1583 3900 est
1605 3845 1705 3921 utique.
1728 3844 1797 3902 Nam
1811 3845 1941 3904 silvester

306 3942 427 4014 Spiritum
445 3940 532 3997 saneti
557 3941 674 4013 gratiam
696 3939 730 3995 de
741 3939 811 3997 coelo
825 3939 910 3996 misit.
925 3939 1025 4007 Quarta
1040 3920 1100 4009 sep
1150 3951 1218 4008 papa
1237 3936 1320 3993 terias
1330 3936 1431 3992 babere
1448 3935 1552 3992 clerum
1572 3935 1689 3993 edocuit.
1704 3937 1738 3995 Et
1748 3932 1938 4012 primamqu-

307 4030 369 4089 timi
401 4030 504 4086 mensis
530 4039 589 4087 erat
613 4030 791 4096 bebdomada,
810 4031 856 4100 qui
885 4029 1100 4087 solemnitatibus
1151 4027 1212 4082 dem
1235 4027 1316 4092 diona
1338 4035 1434 4098 quaet
1458 4026 1504 4081 lux
1520 4028 1546 4083 in
1561 4027 1694 4099 principio
1712 4028 1783 4086 lacta
1797 4040 1826 4087 et
1838 4031 1939 4089 Christi

305 4121 448 4197 praeclaris
472 4135 541 4191 pene
564 4129 636 4178 totas
650 4121 860 4192 expendebatur,
872 4121 980 4191 astando
996 4130 1024 4175 et
1043 4120 1100 4175 dies
1149 4126 1192 4174 cst
1207 4117 1404 4174 ressurectione
1426 4117 1576 4184 celebrata,
1590 4134 1665 4174 more
1690 4120 1802 4191 antiquo
1817 4122 1938 4178 nomim-

305 4213 509 4286 propitiatiouis
532 4222 560 4269 et
581 4212 713 4268 festivitas
737 4210 983 4268 'tabernaculorum
1006 4224 1099 4265 secun·
1150 4206 1638 4278 eamnuncuparit.1)einseeundam
1657 4208 1766 4277 leriam,
1778 4211 1887 4267 tertiam
1899 4211 1940 4269 le·

306 4302 371 4359 dam
387 4302 476 4374 legem
499 4300 716 4359 celebrabantur.
741 4301 839 4369 Quinta
868 4301 1034 4356 bebdomada
1058 4309 1099 4355 cst
1151 4300 1227 4364 riam,
1243 4308 1369 4370 quartam
1379 4299 1486 4366 leriam,
1496 4286 1618 4371 quintam
1630 4301 1724 4359 teriam
1736 4313 1763 4359 et
1773 4312 1890 4371 sextam,
1905 4306 1940 4362 de

305 4394 419 4465 septimi
432 4393 506 4459 anni,
518 4394 572 4464 quo
586 4401 642 4449 toto
654 4393 768 4464 populus
785 4394 820 4448 ab
830 4392 996 4464 agriculandi
1017 4406 1099 4462 opere
1149 4406 1199 4446 sun
1211 4398 1360 4446 annectens
1369 4390 1510 4447 sabbatum
1519 4406 1553 4446 ex
1572 4394 1657 4448 veteri
1668 4394 1799 4463 scriptura
1815 4396 1937 4451 retinuit.

307 4484 376 4556 legis
400 4485 514 4556 imperio
527 4484 650 4550 vacabat,
678 4484 785 4540 dicente
798 4484 912 4539 Domino
926 4497 933 4536 τ
949 4481 1003 4539 Sea
1022 4484 1098 4537 antris
1150 4482 1221 4537 llrsc.
1238 4481 1314 4537 Unde
1330 4482 1430 4538 dicitur
1443 4482 1531 4539 lerini
1554 4483 1659 4539 bland
1680 4484 1761 4542 lando
1779 4488 1891 4545 scilicet.
1906 4491 1940 4545 lit

306 4592 377 4633 aerea
391 4592 485 4646 aaran
498 4577 704 4647 taam,sept.·'rno
718 4575 839 4632 ematis.
865 4574 947 4631 Serta
968 4577 1032 4631 anrri
1053 4576 1098 4632 lu·
1140 4571 1210 4647 ,idea
1233 4570 1388 4626 [lominicus
1409 4571 1479 4639 dies,
1492 4574 1520 4627 in
1542 4573 1685 4642 quodixit
1712 4574 1782 4632 Deus
1796 4576 1858 4632 Fiat
1879 4578 1938 4642 lar,

305 4667 388 4732 litat,
421 4667 473 4723 hoc
499 4675 542 4722 est
563 4666 748 4734 remissionis,
772 4666 940 4723 bebdomada
964 4673 1016 4731 cst,
1039 4682 1099 4737 quaa
1150 4660 1237 4732 prima
1250 4659 1318 4717 leria
1331 4659 1384 4716 dici
1399 4669 1496 4732 potest.
1511 4662 1611 4718 Deinde
1624 4665 1938 4737 caemraeleriaeaprima

307 4758 852 4833 septembebdcmadibusannnrum,boc
860 4758 1099 4829 est,qnadraginta
1153 4760 1338 4809 numerantur.
1364 4752 1437 4808 uisu.
1471 4751 1642 4809 llebdomada
1670 4769 1736 4825 crgo
1766 4763 1832 4825 quot
1856 4756 1939 4812 boras

308 4865 409 4907 norem
432 4850 522 4916 annis,
546 4850 656 4905 texitur.
681 4848 740 4917 Qua
755 4847 871 4920 expleta,
887 4849 938 4905 boc
954 4857 1008 4914 est,
1022 4848 1101 4917 quin-
1115 4817 1140 4875 D
1152 4846 1292 4903 continet?
1317 4844 1387 4901 blaa.
1410 4860 1510 4901 anxur.
1538 4845 1610 4901 Dtsc.
1625 4845 1698 4915 Quot
1721 4850 1852 4920 punctos?
1866 4848 1936 4905 lisa.

306 4941 466 5013 quagesima
479 4940 587 4996 demum
602 4954 674 4996 anno
690 4938 847 5012 incipiente,
860 4939 929 4995 tubae
944 4939 1099 4996 clariusre-
1153 4954 1252 4995 ncaxrt.
1279 4940 1352 4995 Dtse.
1379 4936 1450 5006 Quot
1477 4938 1595 4994 minutal
1617 4939 1687 4997 blau.
1711 4941 1836 4999 Γυῡιιιι.
1864 4943 1937 4999 base.

306 5032 454 5097 sonabant,
465 5040 493 5086 et
513 5033 652 5088 adornms
662 5031 740 5101 juxta
756 5031 841 5104 legem
862 5033 996 5102 possessio
1009 5047 1100 5088 rerer·
1151 5029 1223 5098 Quot
1246 5029 1354 5100 partes?
1375 5027 1445 5084 ldae.
1471 5027 1557 5084 baar.
1587 5028 1658 5086 llrsc.
1687 5032 1759 5099 Quot
1785 5033 1940 5089 murnental

307 5123 418 5179 tebatur
445 5124 564 5194 antiqua.
589 5121 710 5195 Septittm
734 5123 839 5194 species
861 5122 1034 5178 hebdomadis
1057 5132 1100 5177 cst
1152 5118 1221 5176 Hae.
1245 5121 1373 5176 idnaarx.
1398 5120 1471 5176 Dase.
1495 5119 1566 5188 Quot
1589 5122 1716 5177 ostenta?
1739 5122 1809 5181 lise
1836 5122 1937 5180 iuras.

306 5228 361 5286 qna
380 5215 513 5287 propbeta
528 5213 621 5271 Daniel
636 5215 732 5280 utitur,
747 5228 822 5269 more
843 5214 951 5284 quidem
964 5212 1032 5285 legis
1057 5228 1099 5269 se·
1152 5210 1224 5267 lltsc.
1235 5209 1306 5277 Quot
1319 5210 1442 5264 atomos?
1452 5210 1521 5265 blaa.
1533 5211 1573 5267 ιῖι.
1587 5210 1670 5266 millia
1684 5210 1796 5267 millium
1807 5211 1937 5267 etitecii.
1996 5194 2009 5214 ⁰

306 5304 398 5376 ptenis
413 5305 493 5360 annis
513 5304 632 5375 singulas
652 5303 832 5373 complectens
847 5303 1037 5370 hebdomadas,
1052 5305 1099 5358 scd
1152 5311 1242 5354 ureae.

307 5408 378 5450 nora
394 5393 501 5448 ratione
516 5394 685 5464 ipsosannus
699 5392 870 5457 abbrevians,
885 5391 1098 5447 duodeuisridr-
1422 5387 1668 5445 carutxxt'ttt.

306 5481 371 5539 lieet
384 5483 522 5540 mensibus
544 5483 613 5539 lunae
631 5482 751 5553 singulos
772 5482 964 5538 dementianus.
981 5481 1099 5538 Emboli-
1452 5476 1489 5531 tte
1503 5478 1642 5533 utentibus.

307 5588 456 5630 smosrero
466 5590 582 5640 menses,
598 5574 644 5646 qui
657 5573 692 5630 de
704 5574 784 5629 annis
801 5574 925 5629 undecim
942 5580 1097 5644 epactarum
1186 5566 1259 5622 llrsc.
1274 5565 1452 5638 densisque
1476 5570 1535 5623 est?
1551 5570 1620 5626 lita.
1635 5571 1750 5625 bimaris
1771 5584 1819 5639 pcr
1844 5569 1936 5625 zodia·
2017 5624 2025 5633 ,

306 5663 404 5720 diebus
417 5678 575 5720 accrescere
595 5664 692 5729 solent,
714 5679 767 5719 non
790 5663 849 5736 lege
862 5663 949 5734 patria
964 5663 1044 5717 tertio
1057 5661 1099 5715 sel
1152 5673 1219 5735 narn·
1237 5658 1375 5714 circuitus.
1393 5658 1464 5715 lltsc.
1484 5659 1558 5715 b'ude
1577 5660 1676 5715 dicitur
1692 5660 1808 5716 mensis?
1823 5658 1893 5717 llas.
1915 5660 1938 5714 Α

306 5753 394 5811 altero
408 5768 479 5809 anno
494 5754 615 5826 singulos
634 5752 774 5823 adjiciens,
788 5754 837 5810 sed
857 5754 903 5810 ubi
926 5755 960 5810 ad
973 5753 1099 5809 duodeci-
1152 5747 1226 5815 luna,
1238 5763 1298 5819 quae
1308 5749 1401 5806 Graeco
1412 5767 1535 5808 sermone
1545 5769 1618 5808 mene
1628 5753 1736 5809 dicitur.
1749 5752 1816 5809 llam
1830 5763 1857 5810 et
1867 5753 1938 5824 apud

305 5858 381 5899 mam
396 5859 538 5900 numemm
551 5844 720 5916 augescendo
730 5844 913 5915 pervenirent,
928 5859 977 5915 pro
995 5844 1098 5913 integro
1152 5854 1199 5897 eos
1210 5855 1318 5897 menses
1328 5853 1458 5900 vocantur
1469 5859 1569 5900 menes.
1583 5844 1660 5901 Sicut
1672 5852 1700 5900 et
1717 5845 1788 5917 apud
1801 5843 1938 5910 Hebraeos,

306 5949 380 5991 anno
393 5935 497 6004 pariter
512 5936 688 5993 interserens.
701 5935 773 5991 lltse.
785 5934 814 5991 st
826 5935 866 5990 bae
878 5943 982 6004 septem
996 5936 1099 6005 specius
1152 5930 1317 6004 Hieronymo
1330 5941 1409 6000 teste,
1425 5950 1486 6000 una,
1502 5950 1583 6006 quarn
1601 5933 1664 5991 lare
1676 5935 1826 6003 nominant,
1839 5936 1938 5990 mensi·

305 6024 537 6082 leltdomadaram
550 6026 651 6098 aliqtdd
664 6028 808 6098 mysticum
820 6028 984 6098 significent,
995 6043 1059 6097 rogo
1070 6037 1100 6082 nt
1152 6025 1202 6079 bus
1212 6038 1311 6079 ttamen
1322 6025 1403 6081 dedit.
1417 6026 1493 6083 Unde
1506 6035 1532 6081 ct
1547 6026 1625 6083 lesus
1636 6026 1708 6083 illius
1720 6026 1816 6083 Siraelt
1829 6027 1863 6085 de
1877 6025 1938 6081 latua

505 6117 643 6182 Parnon.
660 6119 755 6181 Gl'll.
1642 6121 1687 6182 22
