4509 6850
246 641 281 696 65
814 631 857 684 hh
875 626 989 684 orent
1006 624 1036 678 tt.
1057 620 1184 677 ntnsrtt
1202 621 1311 702 lttbltl
1838 610 1873 668 tt

247 749 361 820 etborph
375 760 400 812 ¹,
412 762 427 802 a
441 744 580 802 monachis
589 742 698 812 quidem
708 739 854 804 habitatus,
868 736 916 792 scd
926 736 959 789 ad
969 749 1035 804 prm
1049 734 1200 800 Antraque
1213 736 1290 800 parte
1311 726 1446 793 versibus,
1466 724 1512 797 qui
1531 730 1614 798 gestae
1629 723 1669 780 rei
1683 723 1805 780 ordinem
1826 726 1874 780 de-

248 840 332 896 iatum
343 837 536 894 monasterium
546 850 578 890 eo
590 842 709 902 tempore
717 831 751 886 ad
762 830 901 884 liuhanum
912 828 1034 881 abbatem
1086 820 1230 885 clament,
1246 820 1298 874 boc
1311 818 1392 874 modo
1407 836 1414 872 :

249 928 446 1000 pertinentibus
459 944 465 979 :
487 927 513 980 in
536 939 589 993 quo
611 921 751 991 pulchram
773 929 801 976 et
822 918 920 974 divinis
942 916 1036 972 ciliciis
1148 928 1194 978 nn
1206 928 1341 999 imm
1353 932 1423 977 tenet
1433 932 1571 976 sannorum
1580 925 1674 977 mma„
1685 929 1735 978 ,qe

248 1025 441 1088 congruentem
458 1015 565 1070 noritur
582 1012 717 1067 exstruxit
728 1011 885 1074 eeclesiam,
902 1022 982 1077 quam
996 1007 1038 1076 pi·
1149 988 1494 1100 ufflffiffifflffiffl
1502 987 1736 1099 &mistum-

250 1108 335 1162 etnris
347 1115 375 1161 et
393 1104 560 1161 diversorum
575 1103 706 1157 varietate
725 1099 894 1156 metallorum
910 1098 1038 1152 decenter
1181 1109 1313 1183 hippolyti,
1323 1087 1363 1160 tate
1373 1084 1774 1182 pausant,·caadtdact'Enuopia.

250 1197 366 1263 ornavit,
382 1196 511 1251 altaribus
521 1202 548 1248 et
561 1192 687 1247 crucibus
701 1204 768 1244 auro
785 1196 950 1259 argentoque
963 1200 1040 1256 para·
1150 1170 1219 1281 P’ffl
1230 1169 1876 1282 'gammaeipudffititftneamcquwm’

252 1287 288 1342 tis
302 1286 427 1354 vasisque
442 1283 541 1339 diversi
555 1281 677 1353 generis,
697 1295 757 1349 quaa
771 1280 877 1334 divinus
889 1277 978 1331 cultus
991 1290 1040 1330 ex·
1151 1247 1261 1353 vpgqflr,
1270 1293 1373 1402 Agar,
1382 1244 1423 1342 ᾗ,
1433 1245 1583 1342 maman„
1593 1294 1677 1354 mg,

251 1378 351 1449 poscit,
367 1383 546 1446 congruenter
558 1372 695 1428 adhibitis.
710 1372 738 1425 ln
752 1386 833 1441 quam
847 1385 908 1424 cum
922 1367 1040 1421 euchiri-
1184 1354 1278 1415 Νθΰψθ
1317 1354 1479 1416 ⁰¹⁰¹0¹¹¹¹²⁰⁸s
1492 1360 1581 1416 martyr
1593 1360 1620 1404 θῑ
1631 1355 1683 1416 itm
1692 1366 1769 1403 9οη-

254 1479 310 1526 tate
323 1469 471 1531 llumherti,
482 1467 528 1537 qui
541 1464 698 1521 lierilolium
708 1463 895 1532 presbyterium
908 1459 971 1514 illuc
983 1459 1040 1514 rice
1126 1462 1171 1514 tr.
1184 1459 1332 1513 Transtulit
1344 1473 1450 1529 quoque
1463 1458 1558 1514 cadem
1576 1459 1620 1513 die
1635 1473 1697 1514 ossa
1713 1459 1798 1514 heatae
1811 1459 1881 1514 Len-

253 1578 303 1620 sua
319 1563 439 1626 miserat,
452 1575 514 1616 ussa
528 1561 613 1614 beatu
626 1557 741 1613 Caeciliae
751 1554 873 1624 virginis,
889 1561 917 1607 et
935 1560 1041 1606 sancto-
1091 1553 1133 1607 hm
1146 1550 1156 1590 t
1170 1551 1292 1622 virginis,
1305 1552 1382 1621 ctrjns
1398 1551 1487 1605 Vitam
1503 1559 1583 1620 atque
1597 1559 1673 1621 gesta
1692 1552 1766 1606 brevi
1780 1552 1880 1607 dudum

254 1668 315 1707 rum
326 1661 474 1721 martyrum
490 1648 604 1704 Tiburtii
615 1655 643 1701 et
656 1645 792 1700 Valeriani
805 1641 906 1706 intulit,
921 1649 1002 1708 atque
1014 1640 1042 1693 iu
1091 1640 1182 1696 libello
1197 1638 1403 1709 comprehendi;
1422 1646 1449 1692 et
1462 1639 1552 1711 posuit
1564 1654 1594 1693 ea
1609 1639 1634 1693 in
1651 1649 1744 1710 crypta
1761 1638 1881 1707 ejusdem

254 1742 422 1811 sarcophago
433 1747 585 1808 saxeopost
597 1737 683 1792 altare
693 1734 793 1805 posuit,
801 1733 967 1802 singulorum
974 1730 1043 1786 ussi·
1091 1734 1212 1790 ecclesian
1237 1740 1296 1803 post
1309 1731 1405 1795 altare,
1428 1730 1598 1786 inhonorem
1621 1739 1722 1785 sanctae
1735 1730 1783 1785 liei
1798 1730 1881 1786 Geni-

255 1833 307 1888 bus
319 1833 346 1887 in
358 1831 453 1888 loculis
466 1830 579 1902 singulis
596 1844 718 1884 seorsum
733 1830 858 1893 conditis,
873 1834 1044 1896 erectamque
1093 1823 1179 1886 tricis,
1205 1832 1414 1891 sanctarumque
1437 1820 1571 1891 uirginum
1593 1819 1693 1875 Christi
1718 1821 1882 1886 dedicatum,

256 1920 381 1990 desuper,
398 1931 427 1976 ut
439 1921 464 1975 ei
477 1921 561 1975 moris
571 1929 641 1984 erat,
655 1918 771 1990 ligneam
787 1918 906 1973 tumbam
920 1932 986 1973 auro
996 1932 1044 1986 pa·
1094 1913 1121 1968 in
1135 1929 1197 1968 arca
1213 1928 1306 1976 saxea,
1329 1926 1411 1981 quam
1431 1911 1513 1964 ctiam
1528 1910 1600 1980 ligno
1615 1909 1809 1965 circumdatam
1825 1912 1884 1966 nuri

257 2010 327 2063 ravit
340 2018 366 2064 et
379 2018 499 2081 argento.
520 2008 637 2064 Titulum
659 2023 766 2078 quoque
788 2008 827 2063 rei
848 2016 930 2079 gestae
944 2009 1042 2063 seriem
1096 2004 1253 2075 argentique
1267 2000 1375 2057 metullo
1389 2001 1515 2056 decenter
1525 2000 1641 2054 omarit.

258 2099 452 2163 declarantem,
465 2099 578 2154 metrico
590 2101 710 2153 carmine
732 2100 925 2169 compositum,
945 2097 1042 2153 litteris
1057 2071 1080 2129 B
1127 2116 1172 2172 gg·
1186 2115 1314 2186 gequemj
1327 2122 1418 2169 aunem
1431 2114 1474 2168 (pe
1488 2128 1537 2183 per
1551 2128 1659 2166 manum
1669 2111 1791 2183 ppaeqch
1803 2111 1887 2166 chor.

258 2192 396 2249 deauratis
410 2193 436 2248 in
449 2192 563 2249 circuitu
576 2192 747 2262 conseripsit,
761 2191 788 2245 in
803 2191 874 2245 burte
887 2190 996 2245 rrrodnm
1009 2209 1015 2243 z

322 2306 451 2369 Postquam
464 2304 516 2356 iter
529 2318 541 2355 r
576 2317 616 2354 um
625 2305 734 2356 Christus
744 2317 818 2413 super
827 2303 920 2353 aethera
932 2302 997 2353 celsa

353 2368 437 2417 Victor
446 2380 550 2417 cousceu
571 2371 599 2427 it,
612 2368 705 2415 arbiter
717 2379 772 2415 orne
784 2374 886 2426 potens,

322 2431 455 2479 Sertorum
474 2430 571 2478 turbam
582 2428 622 2477 bic
633 2428 711 2489 liquit,
723 2427 870 2488 plebemque
881 2426 978 2477 lidelem

355 2490 401 2550 tini
413 2491 489 2541 verbo
501 2497 527 2538 et
539 2489 607 2539 lactis
619 2490 718 2551 piurima
730 2489 794 2538 lucra
804 2488 899 2537 darent

325 2551 394 2602 iuter
406 2564 468 2614 quos
479 2552 519 2600 isti
531 2588 538 2609 ,
551 2564 655 2611 quorum
665 2552 704 2599 bic
714 2550 824 2600 membra
834 2552 982 2612 quiescunt,

358 2614 478 2663 l'lrtutum
487 2612 564 2662 titulis
575 2612 660 2663 eximii
671 2611 778 2662 inerant.

325 2675 356 2725 lli
368 2688 477 2737 pompam
488 2674 571 2723 mundi
582 2679 739 2732 spernentes,
751 2678 798 2722 rite
810 2673 928 2724 tenebant

357 2737 463 2799 llartprii
473 2734 574 2797 palmam
585 2736 773 2796 virgineumque
790 2737 875 2783 decus.

327 2799 441 2849 Germani
454 2808 512 2847 ecce
525 2797 574 2845 duo
583 2796 622 2845 hle
632 2804 745 2859 pauent,
756 2809 817 2857 qnos
829 2794 902 2857 Virgo
914 2796 986 2846 beata

358 2858 459 2909 lucrata
471 2864 509 2907 est
520 2857 615 2907 Christo
625 2860 656 2906 do
675 2863 739 2907 mate
751 2856 854 2907 Caecilia.

328 2919 474 2970 l'alerlauua
484 2918 554 2967 adest
568 2931 640 2979 uuus,
657 2869 784 2968 iibumius
794 2920 866 2975 aiter,

359 2981 462 3031 Numine
474 2980 615 3042 praeclarus,
626 2980 714 3029 clarior
727 2988 752 3030 et
765 2982 869 3029 meritis.

328 3041 378 3093 llas
388 3049 439 3092 tres
451 3054 567 3104 personas
582 3040 690 3090 Rornana
703 3054 733 3090 ex
747 3054 803 3090 arce
816 3044 927 3089 meantes

359 3106 473 3166 Suseeph
484 3102 576 3164 liaban,
589 3102 695 3160 Christe,
708 3109 766 3151 tuus
775 3101 897 3158 iamuins,

327 3165 495 3226 Patrouoaqne
506 3165 552 3212 sihi
565 3171 684 3226 exoptans
694 3163 756 3224 bert,
767 3173 820 3213 arte
830 3165 943 3224 magistra

357 3228 459 3279 ornarit
469 3224 595 3285 tumulum,
607 3223 711 3274 coadidit
723 3231 749 3274 et
760 3224 866 3274 titulum.

299 3330 607 3387 bombinatorem
622 3328 764 3384 eeclesiam
779 3328 856 3383 valde
878 3328 1053 3397 conspicuam

265 3425 293 3481 in
310 3431 401 3480 monte
421 3420 539 3486 excelso,
562 3420 703 3477 duodecim
718 3418 775 3476 iere
795 3419 889 3477 stadiis
903 3420 937 3476 ad
958 3418 1053 3475 Orien·

267 3525 351 3572 terna
374 3530 424 3570 suo
443 3514 607 3570 monasterio
627 3514 771 3569 distantem
799 3529 806 3563 :
828 3528 911 3583 quam
936 3528 997 3567 cum
1019 3528 1053 3567 ex

265 3612 400 3680 precepto
424 3603 527 3676 Otgarii
556 3603 751 3674 archiepiscopi
779 3617 827 3673 per
858 3601 1054 3671 Reginhaldum

267 3696 489 3766 chorepiscopum
503 3696 562 3766 ejus
577 3696 603 3751 in
623 3695 753 3750 honorem
765 3694 906 3750 beatorum
922 3694 1055 3764 apostolo-

267 3788 366 3852 lorum,
401 3786 628 3856 patriarcharum,
661 3786 863 3856 prophetarum,
894 3792 1053 3856 martyrum,

268 3874 451 3932 consessorum
462 3884 544 3946 atque
552 3875 696 3947 virginum,
710 3876 884 3947 omniumque
899 3885 1055 3933 secretorum

269 3966 412 4039 spirituum
438 3966 586 4021 eoelestium
603 3966 711 4022 iecisset
728 3967 891 4030 consecrari,
918 3967 1008 4023 intulit
1028 3967 1056 4022 in

269 4069 330 4108 eam
341 4068 403 4108 ossa
418 4065 518 4109 sarrctae
529 4053 676 4109 Felicitatis
689 4053 703 4094 b
717 4055 812 4110 matris
822 4065 924 4124 septem
940 4054 1056 4110 liliorum

271 4153 431 4215 martyrum,
444 4151 471 4198 et
482 4151 582 4198 sancte
594 4142 750 4199 Concordiae
761 4161 768 4209 ;
782 4151 934 4199 sanctarum
950 4158 1058 4212 quoque

270 4233 405 4304 virginum
419 4231 535 4298 aniilae,
553 4232 789 4298 Emmerentiauae,
801 4232 949 4288 Candidu⁰
965 4241 993 4288 et
1004 4232 1057 4286 Eu·

271 4323 365 4394 trupiae
377 4322 502 4394 “quihus
521 4323 624 4377 addidit
644 4338 707 4378 ossa
723 4337 756 4378 ac
775 4322 935 4378 vestimenta
947 4332 1057 4379 sanetu-

272 4430 332 4468 runt
347 4413 449 4483 hqnilm
463 4422 490 4468 et
510 4413 649 4477 Priscillae,
673 4429 688 4465 r
705 4412 842 4469 etaient
856 4412 979 4478 Octobr„
999 4429 1059 4469 ere-

271 4516 396 4576 ctamque
408 4508 533 4577 desuper,
544 4508 647 4562 sicutet
661 4508 803 4563 incaeteris
817 4507 928 4573 iecerat,
944 4509 1058 4580 ligneam

275 4596 405 4652 lahrieam
429 4611 496 4652 auro
521 4604 687 4667 argentoque
719 4598 868 4663 decorarit,
893 4599 1002 4669 scriptis
1025 4615 1057 4654 er

1093 2206 1210 2277 episcopi
1224 2205 1365 2260 collocarit
1379 2204 1505 2273 reliquias
1516 2212 1672 2257 sanctorum
1697 2203 1888 2274 episcoporum

1093 2296 1223 2362 Cornelii,
1238 2296 1351 2358 Callisti,
1378 2294 1448 2350 Sinti
1474 2296 1498 2358 ⁸,
1526 2293 1630 2358 Sinisii,
1649 2292 1753 2349 Nicasli
1772 2301 1799 2349 et
1815 2292 1888 2349 Feli·

1094 2388 1134 2443 cis
1149 2388 1174 2453 h,
1188 2385 1288 2442 stactei
1305 2400 1412 2457 quoque
1426 2393 1454 2440 et
1467 2384 1598 2453 Pamphili
1613 2383 1843 2455 presbyterorum,
1862 2394 1890 2442 et

1095 2486 1251 2533 sanctorum
1262 2487 1412 2547 martyrum
1423 2475 1540 2544 Crispini
1553 2484 1580 2529 et
1590 2474 1755 2543 Crispiniani
1769 2475 1792 2539 ¹,
1809 2474 1890 2530 Nerei

1095 2576 1123 2621 et
1140 2566 1265 2631 Achillei,
1280 2564 1433 2621 Sebastiam
1454 2579 1570 2635 quoque,
1589 2564 1690 2619 Castuli
1708 2573 1735 2619 et
1761 2563 1889 2630 Romanii,

1096 2658 1185 2729 Papiae
1197 2666 1224 2713 ct
1241 2657 1337 2722 Mauri,
1353 2665 1435 2729 atque
1451 2655 1598 2721 Valeriani,
1613 2664 1822 2724 sanctarumque
1834 2654 1890 2709 rir-

1097 2749 1190 2818 ginum
1201 2747 1325 2811 Caeciliae,
1338 2747 1464 2818 Engcuim
1485 2756 1564 2815 atque
1575 2746 1725 2800 Anastasia¹
1740 2756 1890 2816 tuartyrum

1098 2838 1199 2893 Christi
1216 2840 1241 2892 in
1258 2839 1370 2893 eeclesia
1397 2838 1468 2893 beati
1482 2836 1612 2892 bonifacii
1629 2838 1764 2909 martyris,
1788 2837 1815 2890 in
1830 2837 1890 2892 loeo

1099 2947 1152 3000 qno
1164 2931 1239 3001 prins
1255 2939 1379 2984 sanetum
1395 2945 1494 2999 corpus
1518 2930 1589 2983 illius
1611 2930 1776 2998 quiescebat.
1793 2927 1891 2982 AEdist·

1100 3022 1171 3077 carit
1184 3021 1257 3076 enim
1272 3021 1310 3081 ihi
1322 3030 1423 3076 turrem
1440 3020 1574 3089 lapideam
1587 3028 1648 3090 post
1666 3020 1762 3084 altare,
1777 3020 1802 3073 in
1814 3020 1892 3089 cuijus

1101 3113 1183 3167 turris
1201 3113 1356 3167 surnrnitatc
1375 3112 1463 3166 media
1487 3112 1606 3166 condidit
1620 3110 1809 3181 predictorum
1830 3126 1892 3164 ossa

1102 3210 1269 3265 sanctorum,
1288 3217 1359 3255 arcae
1378 3217 1467 3255 saxeae
1492 3200 1633 3271 diligenter
1662 3199 1762 3254 inclusa
1783 3218 1791 3254 r
1812 3214 1894 3269 super

1102 3308 1182 3362 quarn
1194 3291 1300 3346 eulmen
1309 3291 1426 3361 ligneum
1439 3292 1572 3346 columnis
1582 3303 1698 3362 quatuor
1713 3300 1893 3347 sustentatum

1065 3407 1089 3472 C
1104 3381 1220 3452 erigens,
1236 3394 1302 3434 auro
1315 3382 1422 3435 ornavit
1437 3387 1464 3433 et
1479 3390 1599 3451 argento.
1625 3382 1698 3436 lutra
1717 3382 1788 3451 qnod
1802 3396 1894 3436 aream

1104 3471 1247 3542 oblongam
1279 3470 1464 3541 quadrangulo
1495 3471 1632 3526 schemate
1662 3470 1761 3525 iactam
1793 3475 1895 3542 posuit,

1105 3577 1186 3633 quam
1200 3561 1281 3615 ctiam
1294 3575 1362 3613 auro
1376 3569 1403 3614 et
1413 3568 1525 3630 argento
1540 3570 1622 3630 atque
1633 3559 1766 3629 lapidibus
1782 3578 1896 3629 urrruns,

1106 3651 1271 3722 singulorum
1283 3659 1436 3705 sanctorum
1449 3650 1611 3722 imaginihus
1622 3651 1749 3705 decenter
1760 3655 1898 3722 expressis

1105 3743 1254 3807 decorarit,
1272 3756 1419 3811 versusque
1434 3741 1512 3811 quasi
1531 3755 1564 3794 ex
1581 3756 1697 3810 persona
1712 3739 1832 3809 ejusdem
1852 3761 1883 3797 ar

1106 3849 1144 3886 cm
1159 3832 1276 3902 prolatos
1291 3831 1317 3885 in
1332 3831 1625 3901 circuituconscripsit,
1642 3833 1694 3888 boc
1704 3834 1799 3887 anolo:

1168 3964 1271 4014 borthne
1282 3978 1343 4027 quoa
1355 3977 1411 4014 noto
1421 3966 1488 4015 locus
1506 3966 1545 4015 hic
1557 3973 1581 4014 et
1594 3967 1700 4028 lanugine
1712 3970 1807 4030 signat,

1201 4026 1332 4076 Praeclarus
1342 4027 1433 4078 Christi
1445 4040 1503 4076 ecce
1518 4029 1562 4077 liei
1582 4027 1702 4086 iurnales,

1169 4089 1215 4146 tini
1227 4089 1300 4137 corde
1310 4089 1335 4137 ht
1349 4088 1434 4149 parido
1447 4091 1584 4138 rubuerunt
1595 4091 1713 4148 sanguine
1725 4102 1803 4150 sacro,

1200 4149 1259 4200 Post
1270 4150 1423 4212 Christojam
1436 4152 1529 4200 animas
1542 4162 1682 4212 exposuere
1693 4163 1758 4199 suas.

1108 4251 1162 4306 Sed
1173 4259 1200 4305 et
1210 4250 1237 4305 iu
1249 4259 1324 4307 turre
1346 4249 1467 4319 subiecta
1480 4267 1574 4306 versus
1588 4252 1765 4322 conseripsit;
1780 4262 1897 4324 quatuor

1108 4344 1216 4413 quidem
1229 4344 1258 4398 in
1273 4360 1326 4400 uno
1340 4344 1435 4411 latere,
1450 4353 1478 4399 et
1491 4352 1608 4415 quatuor
1620 4346 1648 4400 in
1668 4345 1764 4411 altero,
1779 4345 1899 4416 elegiaco

1109 4434 1239 4500 carinine,
1254 4434 1307 4489 boe
1318 4435 1398 4491 modo
1408 4435 1572 4504 compositos
1589 4455 1595 4489 :

1172 4543 1318 4603 iiartyribus
1328 4543 1424 4604 Christi,
1435 4557 1538 4606 quorum
1550 4544 1588 4594 hin
1598 4545 1746 4606 (saeralossa
1758 4547 1900 4610 quieseunt,

1202 4605 1317 4657 llabanua
1333 4607 1430 4656 humilis
1440 4608 1548 4658 condidit
1559 4609 1623 4657 hunc
1633 4608 1740 4658 titulum.

308 4767 364 4822 Ι111
387 4767 483 4822 litteris
506 4771 709 4840 compositionis
730 4786 776 4826 sen
797 4774 964 4836 cuncordia,
988 4756 1101 4831 interl)
1152 4785 1163 4812 ⁰
1181 4771 1287 4826 11Ιί1511
1305 4771 1385 4836 liuhi
1401 4773 1472 4841 {thud
1486 4774 1641 4827 Bt0W01't111l
1653 4788 1679 4826 rt
1696 4771 1771 4834 Kal-‚¹
1785 4774 1810 4826 in
1822 4772 1868 4827 lib·
1883 4788 1902 4828 ΙΙ

273 4836 438 4906 lh'uligernm
460 4836 716 4908 Wirtaihurgensem
736 4843 890 4911 episcopum
912 4855 939 4897 et
958 4844 996 4898 lla
1029 4862 1060 4898 a·

274 4907 343 4960 rium
356 4905 478 4960 ahhatem
493 4906 652 4962 Fuldensem
669 4909 742 4964 inice
755 4926 826 4964 antro
841 4913 958 4968 secundo
970 4852 1060 4969 trifin-

273 4976 325 5031 viei
341 4976 463 5044 htrgrtsti,
476 4978 506 5029 lit
521 4980 621 5033 ructatio
640 4980 795 5034 monasterii
820 4980 967 5052 linteatort',
989 4985 1061 5053 quod

275 5047 302 5100 in
317 5046 426 5100 diceccsi
445 5046 681 5117 wirtziburgensi,
699 5049 776 5118 errjas
791 5060 884 5120 postea
899 5051 1063 5110 liumbertus

275 5115 428 5185 episeopus,
441 5116 522 5171 situm
535 5125 602 5171 erat.
618 5118 712 5172 Exstat
722 5120 816 5174 charta
827 5123 859 5175 de
871 5121 1001 5179 limitibus
1010 5123 1063 5180 lla·

275 5182 381 5238 tesdori
387 5185 456 5255 apud
468 5184 610 5241 Pistorium
624 5188 650 5241 in
664 5187 864 5245 Traditionibus
875 5191 1061 5261 fuldensibus,

276 5270 338 5324 pag.
354 5253 415 5308 511.
431 5253 721 5322 hienrirrithujuscellae
732 5259 896 5316 llalranusin
906 5261 1063 5331 prelatione

277 5341 309 5380 ex
347 5324 452 5379 sitionis
478 5341 558 5397 super
584 5327 693 5383 Cantica
716 5331 751 5385 ad
774 5330 938 5387 Ludorieuna
962 5350 1064 5405 regem.

279 5414 288 5445 c
329 5410 404 5464 uper,
418 5394 515 5464 iuquit,
531 5397 639 5465 quande
653 5400 686 5451 ad
699 5414 747 5454 ros
760 5400 786 5454 in
802 5401 896 5454 cellula
910 5404 1065 5461 monasterii

277 5465 374 5544 riustri,
386 5479 446 5533 quae
457 5475 569 5520 uocatur
580 5466 726 5534 liutestori,
736 5479 846 5525 recatus
857 5471 926 5528 reni.
938 5480 966 5526 et
976 5488 1066 5529 sermo

278 5533 328 5587 fttli
342 5535 475 5590 internos
488 5535 522 5590 de
537 5535 683 5606 Scripturis
695 5541 790 5602 saeris,
812 5560 822 5593 a
839 5549 890 5595 etc.
909 5539 977 5596 blan

280 5671 300 5723 B
316 5604 330 5641 b
345 5603 381 5659 De
396 5603 447 5660 bac
458 5613 485 5661 et
500 5605 586 5660 trihus
600 5610 874 5677 sequentihnsactum
885 5626 965 5680 supra
977 5629 1005 5666 a.
1020 5611 1064 5667 15.

301 5687 361 5725 unt.

316 5750 327 5778 ⁸
344 5741 407 5807 Qnte
421 5744 478 5799 hanc
491 5744 620 5808 Candida,
635 5745 777 5800 incertum.
795 5748 836 5802 dn
851 5764 884 5803 er
897 5749 930 5804 iis
941 5765 1000 5818 qnae
1014 5750 1066 5803 llo-

281 5824 333 5863 xnee
346 5824 432 5878 passm
442 5815 568 5869 dicuntur
582 5815 608 5869 in
623 5815 811 5886 llartytoiogio
820 5817 942 5872 Ronlano
953 5818 970 5872 u
981 5817 1065 5882 lunii,

281 5877 317 5933 29
329 5878 441 5950 August.
458 5894 482 5937 et
497 5883 508 5935 1
525 5884 698 5940 Decembris?
711 5885 749 5939 lo.

285 6014 290 6026 ⁸
318 5946 384 6002 ddn
400 5966 476 6005 soror
495 5951 524 6005 S.
539 5953 647 6017 Nicasii,
659 5955 776 6023 episcopi
793 5954 965 6020 Rhomensis,
988 5957 1066 6013 cn'us

283 6017 353 6071 rnna
364 6018 394 6073 lit
408 6021 527 6076 melitio?
551 6023 696 6094 Utriusque
712 6025 808 6080 natalis
824 6024 856 6080 ll
871 6025 997 6082 Decemb.
1036 6046 1060 6082 n.

1113 4842 1311 4910 Antiquitatum
1325 4841 1344 4894 F
1348 4842 1497 4896 uldcnsiurn
1521 4858 1580 4910 cap.
1604 4842 1647 4904 li,
1671 4843 1715 4896 uhi
1736 4845 1792 4898 haec
1807 4843 1903 4898 inseri-

1115 4913 1186 4982 ptio:
1198 4912 1272 4964 Aurio
1280 4911 1385 4965 Domini
1394 4911 1522 4982 808llege
1531 4912 1592 4984 837)
1600 4912 1690 4965 indict.
1700 4929 1744 4977 xv,
1754 4913 1903 4967 dedicatum

1114 4993 1152 5035 est
1171 4984 1219 5036 hoc
1237 4983 1380 5035 oratorium
1393 4983 1470 5052 jttssn
1492 4982 1524 5036 01
1544 4984 1594 5035 urii
1615 4983 1800 5051 archiepiscopi
1821 5000 1837 5034 u
1855 4981 1905 5036 tte-

1115 5050 1239 5121 pinhaldo
1266 5051 1447 5122 clturcpiecopo
1471 5068 1497 5106 rt
1526 4998 1586 5106 zei.
1617 5051 1708 5106 Octoi.
1734 5053 1760 5105 in
1780 5052 1905 5106 honorent

1116 5122 1251 5176 beatorum
1265 5119 1454 5190 apostolorum,
1468 5123 1689 5192 patriarcharum,
1707 5121 1904 5191 prophetarum,

1117 5202 1274 5259 ratcrrtprnm,
1298 5191 1477 5259 consessorum
1501 5203 1578 5262 atquae
1599 5191 1738 5260 uirginum,
1759 5201 1782 5244 et
1806 5202 1906 5246 stinctae

1118 5260 1265 5314 Felicitatis
1286 5261 1378 5314 metria
1399 5276 1435 5313 ru
1448 5261 1574 5328 filiorum,
1591 5269 1643 5315 ete.
1657 5259 1713 5314 Sita
1735 5268 1776 5314 est
1788 5262 1847 5315 haec
1861 5278 1905 5317 ec·

1115 5330 1197 5385 elesia
1220 5329 1353 5384 inmeante
1367 5330 1460 5384 Sancti
1475 5330 1557 5394 Petri,
1584 5329 1724 5397 adjacente
1740 5332 1907 5386 monasterio

1115 5399 1242 5454 l'uldensi
1254 5401 1288 5453 ad
1299 5397 1447 5461 Orientem,
1465 5401 1533 5454 inira
1545 5417 1619 5454 num.
1633 5401 1678 5455 50.
1693 5401 1762 5455 ttae.

1116 5539 1137 5593 B
1155 5469 1165 5507 f
1181 5468 1244 5539 Agit
1258 5467 1291 5524 de
1303 5481 1334 5522 ea
1349 5469 1477 5525 Rabanus
1498 5486 1586 5541 poem.
1603 5471 1664 5535 lili,
1691 5469 1904 5536 151,155,158.

1138 5555 1197 5594 ont.

1156 5607 1215 5662 ulti
1231 5615 1286 5661 tres
1301 5605 1410 5661 inerunt
1432 5609 1550 5679 episcopi
1574 5611 1752 5673 Rhcmenses,
1777 5610 1907 5678 equibus

1119 5678 1212 5733 Sixtus
1226 5683 1254 5731 et
1266 5674 1390 5740 Sinnius,
1404 5678 1464 5733 aliis
1478 5679 1606 5746 Sinicius,
1626 5682 1754 5737 Browero
1767 5678 1882 5736 Siaiaiea
1897 5693 1906 5732 ι

1119 5748 1246 5803 colluuntur
1260 5746 1270 5798 1
1288 5747 1424 5815 Septemb.
1439 5748 1476 5802 ln.

1156 5816 1266 5921 ¹*Fortae
1284 5817 1401 5885 episcopi
1421 5819 1591 5876 llhemensis.
1618 5821 1648 5874 il
1672 5820 1752 5875 Febr.
1780 5819 1914 5874 llalnanne

1119 5886 1330 6011 poffn‘12530et'ti'h.
1355 5957 1482 6013 {lulianus
1520 5975 1589 6016 oleru.
1616 5960 1675 6014 126.
1696 5959 1734 6014 be
1757 5960 1818 6014 aliis
1845 5966 1907 6013 ante

1117 6034 1207 6082 actum
1220 6025 1251 6079 h.
1270 6025 1311 6091 13,
1326 6029 1367 6091 li,
1379 6028 1422 6092 sti,
1437 6031 1481 6084 tt.
1502 5976 1538 6082 1.
