4509 6850
283 626 320 684 ts
972 635 1235 697 enecatorum.
1581 605 1583 609 ⁴
1628 609 1652 624 ’“
1884 646 1916 706 tt

282 760 347 796 ratu
375 744 486 800 dedisse
507 742 616 809 nomm
643 746 694 800 rati
709 747 761 801 boe
783 763 904 818 camren,
927 714 999 819 guod
1016 768 1078 806 san·
1094 761 1117 816 Α
1194 752 1261 811 Quod
1272 714 1391 813 quoniam
1407 750 1599 805 ‹loeultdlbtuus
1610 757 1804 818 riemagtstcr,

283 842 335 885 eto
351 831 467 887 ilartino
481 832 632 888 'turonensi
647 834 760 889 antistiti
776 835 911 906 dirigitur,
927 839 1078 909 intelligru·

283 920 355 975 dsrru
375 936 437 977 esse
450 923 484 978 de
497 922 623 992 porrtillce
638 923 777 989 Romano,
788 924 875 995 deque
891 928 1011 983 liomana
1027 930 1079 984 Ec-

285 1014 385 1074 clesia,
401 1014 428 1067 in
445 1029 497 1083 qua
512 1013 618 1069 litteras
631 1013 769 1085 prolessus
784 1015 822 1070 sit
832 1015 973 1073 hicuinus.

324 1105 352 1156 ¹1.
374 1102 530 1158 Studiorum
544 1105 633 1159 socios
656 1106 683 1158 in
696 1104 846 1160 Turonensi
872 1107 1009 1162 academia
1025 1107 1079 1160 lia-

285 1195 378 1247 banus
392 1194 486 1248 habuit
496 1194 638 1249 llattouem
654 1210 687 1249 cr
698 1196 787 1263 dictis,
799 1197 858 1266 ejus
878 1209 970 1265 postea
991 1199 1017 1252 in
1032 1200 1079 1253 ah·

248 1347 250 1352 Α
286 1282 384 1334 hatiali
411 1281 540 1352 dignitate
562 1298 763 1347 successorem
790 1291 818 1338 et
840 1284 1013 1339 llenrmoncnt
1030 1302 1078 1340 scu

258 1389 260 1394 ·
286 1365 474 1437 naimonem,
497 1371 559 1427 dein
583 1373 738 1442 episcopum
765 1373 1029 1441 halberstatensem
1051 1374 1078 1429 id

285 1463 362 1515 enim
379 1462 515 1533 colligitur
539 1478 572 1516 ex
593 1460 752 1531 praelatione
780 1464 872 1532 operis
898 1464 931 1519 de
946 1465 1078 1520 Universo

285 1550 433 1604 llemmuni
452 1550 535 1604 dicati
555 1552 582 1605 iu
597 1552 654 1606 haue
668 1552 766 1606 rerba:
786 1572 794 1601 a
818 1551 919 1606 ilcmor
941 1569 1000 1606 sunt
1012 1553 1075 1608 boni

285 1640 370 1692 studii
394 1640 445 1704 tui,
467 1649 560 1694 sancte
582 1639 673 1706 Pater,
698 1642 770 1710 quod
797 1642 913 1696 habuisti
942 1644 968 1697 in
982 1636 1078 1712 puerili

288 1740 371 1797 atque
383 1728 498 1796 juvenili
509 1737 588 1783 aetate
603 1730 630 1784 iu
645 1730 794 1784 litterarum
806 1732 937 1786 exercitio
948 1741 975 1785 et
988 1747 1079 1786 saera-

289 1836 351 1873 rum
365 1820 519 1873 litterarum
536 1822 718 1881 meditatione.
734 1823 841 1891 quando
856 1838 960 1876 meeum
973 1822 1079 1893 legebas

1223 813 1273 861 lior
1286 820 1371 874 pectus
1382 818 1484 875 teneat,
1502 814 1546 864 hoc
1557 829 1618 879 opru
1628 829 1701 868 omns
1714 822 1810 883 probet.

1129 914 1196 969 Cum
1208 913 1384 969 luidensibus
1404 915 1503 970 scholis
1516 927 1643 985 preesset
1662 919 1798 986 lialtaaus,
1823 921 1917 980 Gildus

1131 1005 1265 1061 ilibetnus
1279 1008 1361 1076 ipsius
1374 1018 1468 1078 rogatu
1484 1009 1580 1064 librum
1595 1010 1628 1066 de
1645 1011 1777 1083 Contputo
1789 1017 1914 1085 capitulis

1130 1094 1164 1148 ab
1194 1096 1287 1158 edidit,
1320 1097 1461 1166 eidemque
1488 1102 1661 1170 nuncuparit.
1685 1101 1913 1174 Nuncupatoriurn

1129 1183 1269 1250 epistolam
1281 1200 1324 1238 ,ex
1347 1185 1506 1241 Cottoniauu
1521 1189 1684 1245 bibliotheca
1706 1194 1824 1264 irrigarit
1842 1196 1914 1251 inter

1131 1272 1287 1327 liburnicas
1301 1275 1432 1330 ilsscrius.
1453 1278 1488 1331 Eu
1504 1279 1530 1333 in
1544 1282 1655 1348 epistula
1672 1286 1914 1356 opscrisurgumen·

1131 1372 1186 1417 tum
1211 1364 1302 1419 Gildas
1315 1368 1441 1437 explicat,
1461 1372 1562 1439 gratias
1579 1388 1660 1443 agens
1687 1378 1750 1441 lleo,
1766 1397 1775 1428 r
1791 1382 1835 1448 qui
1852 1382 1911 1446 tihi,

1129 1454 1225 1523 inquit,
1238 1454 1296 1523 ejus
1309 1472 1427 1511 amorem
1443 1461 1592 1529 inspirarit,
1608 1474 1687 1533 teque
1697 1467 1786 1522 reddit
1799 1485 1847 1524 suo
1861 1469 1910 1524 lul·

1129 1558 1193 1611 gorc
1207 1545 1372 1609 decoratum,
1388 1556 1414 1600 et
1428 1551 1557 1615 proximis
1571 1554 1623 1606 tuis
1635 1555 1844 1622 profectuosum.
1865 1578 1874 1612 s

1165 1633 1207 1685 ll.
1229 1633 1377 1706 Discipulos
1394 1638 1487 1693 habuit
1502 1644 1659 1708 permultos,
1682 1646 1708 1700 in
1729 1649 1769 1703 his
1783 1650 1913 1706 ll'ululri-

1128 1720 1191 1773 durn
1200 1720 1336 1785 Strabum,
1348 1724 1489 1782 Servatum
1503 1729 1617 1799 Lupum,
1632 1733 1786 1802 liuduliunt,
1799 1755 1915 1808 sequen·

1129 1812 1164 1866 tis
1182 1812 1246 1866 lituu
1271 1816 1441 1885 scriptorem,
1456 1828 1483 1874 ct
1499 1819 1644 1888 Olisidutu,
1660 1826 1804 1896 dequibus
1827 1845 1914 1898 pauca

289 1926 343 1962 220„
356 1909 443 1962 solum
458 1908 564 1962 divinos
574 1910 658 1964 libros
670 1918 861 1965 &sanctorum
875 1911 986 1966 Pagrum
998 1928 1079 1981 super
1128 1902 1171 1956 illc
1183 1903 1344 1959 adtritiatttlu.
1368 1907 1532 1965 Wulust'iiltts
1555 1910 1677 1979 Sirtibtts,
1696 1933 1742 1985 (im
1756 1929 1848 1986 [tosleu
1863 1921 1915 1977 iiiii

286 2013 336 2050 eos
348 1998 543 2066 expositiones,
559 1998 606 2051 sed
620 1998 701 2051 etiam
717 2000 796 2069 hujus
809 2001 902 2054 mundi
915 2002 1076 2070 sapientium
1127 1994 1219 2063 hughe
1233 1996 1326 2061 abbas,
1342 2013 1371 2052 se
1385 2000 1441 2068 ipse
1463 2001 1533 2055 inter
1549 2002 1651 2059 liubuni
1671 2006 1817 2078 discipulos
1830 2007 1942 2066 sunu-l

284 2089 320 2142 de
337 2104 428 2142 ,emm
445 2088 551 2142 naturis
565 2089 679 2144 solenes
701 2090 900 2159 inqujspjffieg,
915 2108 983 2160 quas
1004 2092 1032 2146 jn
1043 2092 1078 2145 ῃ.
1092 2099 1116 2156 Β
1131 2095 1216 2139 uterut
1230 2087 1256 2139 iu
1271 2090 1391 2144 cartttiue
1406 2092 1506 2162 scripto
1521 2094 1554 2146 ud
1577 2093 1745 2151 litatorum
1760 2102 1914 2170 ntugistruut

285 2178 421 2232 horatium
443 2179 541 2232 artium
566 2179 744 2248 descriptione
762 2188 789 2233 ct
812 2189 969 2234 caeterarum
985 2196 1075 2235 rerum

284 2267 718 2338 investigationecomposuerunt.
732 2266 876 2323 ›Sodalem
887 2271 967 2324 etiarn
984 2271 1076 2325 habuit

285 2357 455 2421 Samuelem,
469 2361 650 2429 utputehitex
666 2375 739 2413 num.
756 2361 797 2414 tu.
813 2360 1076 2431 Dealiisejussociis

286 2450 417 2505 hariolari
430 2466 483 2505 nou
496 2451 578 2505 lubet.

596 2561 710 2619 CAPUT
729 2562 772 2616 tit.

287 2656 431 2710 fuldensis
442 2657 537 2711 scholis
544 2659 668 2727 regimen,
680 2657 826 2721 celebritas,
840 2657 886 2710 ulii
893 2665 1074 2726 praeceptores,

276 2750 285 2758 ·
374 2727 476 2780 Haboni
489 2728 621 2797 discipuli,
636 2738 660 2781 et
675 2743 809 2781 successor
819 2728 846 2780 iu
858 2727 984 2779 docendo.

321 2817 348 2869 8.
370 2816 486 2870 Turonis
509 2830 643 2882 reuersus,
665 2816 842 2872 Fsrldensibus
865 2816 1008 2886 praelectus
1034 2825 1076 2872 est

285 2903 387 2958 scholis
398 2903 526 2975 liutgario
540 2903 648 2972 abbate,
669 2904 714 2973 qui
730 2919 824 2973 parum
847 2920 940 2974 aequus
955 2904 981 2957 in
1003 2903 1075 2959 litte

288 3010 333 3048 ras
343 3010 376 3048 ac
390 2994 524 3048 htteratos
532 2993 591 3048 luit.
606 2994 860 3064 istamprovinciam
875 2995 901 3048 in
913 3008 942 3048 se
956 2993 1076 3063 suscepit

287 3086 425 3150 liabunus,
453 3087 559 3139 vivente
577 3087 658 3141 etiam
684 3095 747 3140 tunc
765 3086 890 3149 hleuino,
906 3085 952 3154 qui
971 3086 998 3138 iu
1018 3099 1075 3154 epr-

286 3170 355 3228 stoia
371 3176 661 3238 sescentesimo
676 3175 811 3230 Benedicti
833 3192 914 3245 puero
926 3174 1031 3239 Mauro,
1048 3171 1075 3228 id

285 3275 323 3317 cst
340 3266 461 3325 liabano,
472 3265 611 3335 inscripta,
622 3282 683 3321 cum
698 3266 782 3320 ualere
796 3264 906 3335 feliciter
917 3281 976 3318 cum
987 3265 1073 3335 pueris

285 3358 341 3409 suis
357 3358 444 3427 jubet.
463 3358 554 3427 ltaque
578 3358 601 3412 si
632 3358 785 3412 habunusa
810 3356 938 3425 liutgario
964 3357 1072 3422 abbate,

1127 2193 1214 2230 suunt.
1242 2178 1332 2247 Lupus
1360 2182 1386 2234 in
1411 2184 1523 2251 epistola
1547 2185 1558 2237 i
1582 2187 1676 2240 scribit
1694 2202 1723 2241 se
1742 2190 1775 2243 ub
1804 2190 1914 2246 hidrico

1127 2270 1334 2337 metropolitano
1348 2288 1396 2328 suo
1412 2274 1543 2329 directum
1557 2275 1639 2331 luisse
1656 2296 1664 2329 r
1683 2279 1717 2334 ud
1731 2282 1912 2337 uenerabilem

1128 2357 1303 2425 liliabautuu,
1320 2364 1359 2416 uti
1372 2365 1406 2418 ab
1426 2380 1458 2418 eo
1473 2367 1623 2435 ingressum
1641 2381 1749 2439 cuperet
1761 2372 1914 2426 divinarum

1127 2451 1339 2521 Scripturarunt.
1356 2455 1471 2509 »Eidem
1495 2460 1699 2512 reuerentissimo
1712 2458 1790 2514 Putri
1804 2462 1914 2516 crinsio-

1125 2559 1175 2611 que
1188 2545 1341 2612 preceptori
1355 2559 1405 2600 suo
1420 2545 1543 2599 inscribit
1557 2546 1698 2616 epistolant
1712 2547 1757 2612 ib,
1772 2550 1817 2617 qui
1832 2550 1913 2605 vicis·

1125 2632 1177 2687 sim
1188 2633 1263 2703 Lupo
1277 2643 1339 2703 post
1352 2635 1410 2703 ejus
1422 2638 1456 2690 ab
1471 2651 1500 2691 se
1513 2638 1663 2693 discessum
1677 2640 1811 2695 dedicarit
1823 2641 1913 2697 Colic-

1125 2725 1242 2777 crarium
1265 2725 1292 2778 in
1309 2725 1443 2795 Epistulas
1457 2726 1543 2781 Pauli.
1560 2727 1692 2784 liudollus
1706 2728 1848 2786 liabauum
1869 2732 1914 2785 iti·
1975 2724 1982 2733 ”

1125 2815 1187 2869 dum
1208 2827 1391 2887 preceptorem
1415 2834 1447 2874 ac
1461 2822 1614 2890 erupistrum
1632 2840 1709 2877 surim
1732 2833 1812 2879 rocut
1829 2826 1856 2879 in
1870 2840 1913 2880 se·

1125 2913 1218 2972 qrteut.
1238 2905 1307 2959 lita.
1333 2906 1454 2963 0tlridus
1472 2924 1536 2964 rcro
1553 2912 1694 2982 presbyter
1713 2923 1741 2968 et
1766 2915 1913 2970 monachus

1125 2993 1375 3065 wissenburgensis
1389 2997 1458 3065 apud
1474 2996 1581 3066 Spirarn
1591 2998 1743 3065 Nemetum,
1762 3002 1789 3054 iu
1800 3002 1912 3071 epistola

1124 3082 1270 3141 Liudberto
1278 3086 1431 3155 liuguntiuo
1442 3088 1750 3159 urcisicpiscoposcriptt
1760 3105 1810 3159 pro
1825 3101 1912 3147 truns-

1126 3174 1224 3229 latione
1243 3175 1277 3229 ab
1299 3190 1327 3229 sc
1345 3176 1416 3229 lacta
1431 3177 1631 3247 eturrgeliorum
1647 3178 1673 3232 iu
1688 3180 1806 3250 liuguum
1821 3182 1912 3238 lheo⁴

1125 3265 1230 3328 tiscum,
1247 3285 1256 3316 r
1275 3264 1352 3319 llunc
1367 3266 1449 3336 igitur
1462 3265 1579 3333 librum,
1601 3268 1811 3337 inquit-vestre
1822 3272 1912 3342 sagaci

1126 3359 1275 3427 prudentius
1290 3358 1457 3429 probandum
1480 3359 1571 3413 curari
1593 3360 1792 3415 transmittere:
1807 3369 1834 3416 et
1847 3363 1911 3433 quia

284 3462 449 3515 guicmanno
470 3447 522 3502 stu
545 3446 636 3503 Fuldae
660 3449 779 3519 regimen
794 3449 887 3502 iniisse
907 3455 1022 3513 constat,
1038 3447 1071 3501 ad
1085 3437 1139 3502 Ca
1159 3449 1268 3504 liabauo
1283 3447 1443 3503 venerandus
1469 3450 1616 3515 munroritc,
1631 3449 1713 3520 digno
1729 3452 1911 3508 restrusedis

285 3535 394 3589 hleuiui
413 3537 532 3590 scholam
546 3536 646 3591 missus
657 3545 715 3600 est;
730 3536 752 3590 si
767 3537 848 3591 etiam
863 3535 992 3591 dicuinus
1002 3550 1072 3589 armo
1124 3538 1258 3608 quondam
1276 3539 1399 3609 praesule,
1424 3540 1537 3593 educata
1558 3554 1618 3594 mea
1638 3541 1758 3609 paruitas
1775 3551 1826 3607 est,
1841 3558 1910 3612 prse-

285 3625 453 3689 804211101158
465 3625 545 3690 Μθὶθ,
558 3626 748 3690 til'etedtsfib
765 3625 890 3680 lithaniis
901 3627 998 3697 exiguo
1010 3634 1074 3681 tem-
1124 3632 1228 3688 sulutus
1254 3633 1337 3687 vestri
1363 3634 1487 3704 dignitati
1502 3634 1694 3704 sapientiaeque
1721 3638 1912 3692 cummendare

286 3722 352 3785 por‘e
363 3715 480 3770 Turonis
493 3715 636 3770 hicuiuum
649 3724 844 3787 preceptorem
854 3716 1024 3771 auscultavit.
1123 3725 1227 3779 curavi.
1244 3744 1253 3776 s

320 3804 347 3859 9.
366 3802 479 3858 liahano
490 3803 594 3860 litteras
607 3806 762 3876 profitente,
783 3821 880 3877 magne
897 3805 948 3860 lull
960 3806 1073 3861 celebri·
1160 3815 1203 3869 ta.
1215 3816 1305 3872 hbbas
1320 3816 1407 3872 laetus
1426 3818 1469 3872 vir
1485 3825 1594 3874 sanctus
1606 3834 1699 3874 curam
1714 3819 1828 3875 docendi
1845 3821 1911 3877 libe-

284 3906 326 3950 tas
337 3896 480 3952 fuldensis
493 3897 651 3962 issidtffliaet
664 3912 725 3966 ⁴1²¹ae
736 3896 857 3951 ⁰¹⁰¹¹l¹¹¹¹¹
867 3895 1069 3965 discllllssfflm
1124 3908 1194 3963 rales
1206 3918 1278 3963 artes
1289 3909 1348 3964 aliis
1361 3909 1507 3972 commisit,
1519 3921 1657 3965 reservato
1665 3912 1715 3966 sibi
1726 3911 1814 3967 ollicio
1828 3912 1911 3968 inter·

284 3989 362 4043 libris
377 3997 433 4042 ium
454 3988 621 4052 abundavit,
636 3998 662 4042 0¹
674 3987 818 4057 difficili&
840 3987 898 4041 ⁰lbi
919 3987 1072 4042 Chsissllaffl
1124 4000 1244 4068 pretandi
1256 3998 1410 4069 Scripturas
1417 4015 1519 4063 sacras,
1529 4015 1590 4054 naut
1603 3999 1635 4053 ad
1644 4015 1704 4055 eum
1715 3999 1772 4069 jam
1786 4001 1909 4056 abbatem

284 4085 412 4138 doctores
421 4081 629 4152 poderibilttim
640 4079 728 4150 ampla
741 4080 822 4134 suelli
832 4079 1001 4135 bib¹i⁰lheffll
1009 4078 1073 4133 Ful·
1124 4091 1221 4144 missus
1232 4096 1273 4144 est
1285 4089 1385 4157 Lupus,
1394 4090 1432 4143 uti
1443 4091 1476 4144 ab
1489 4105 1521 4145 co
1531 4091 1658 4159 praeludia
1671 4092 1749 4147 istius
1762 4092 1910 4162 disciplina
1954 4133 1956 4137 -

283 4177 376 4229 densis
401 4175 530 4245 supellex,
547 4176 625 4230 docti
642 4189 691 4229 ¹¹0⁵
704 4172 831 4227 Rabanus
849 4164 877 4226 31¹
890 4172 1010 4228 cirmini
1028 4172 1072 4238 ¹6,
1123 4181 1238 4235 disceret
1258 4195 1290 4234 ex
1309 4179 1399 4233 dictis.
1426 4179 1465 4234 Eo
1492 4180 1588 4236 abbate
1606 4182 1781 4237 humaniores
1805 4182 1909 4237 litteras

282 4262 898 4336 adGerbohumpresbyterum‚c¹110⁰fflffllssi
912 4270 1072 4331 elilsllssfflss
1123 4269 1291 4325 scholaribus
1307 4270 1417 4325 tradidit
1433 4271 1569 4326 Candidus
1585 4274 1743 4337 monachus,
1760 4273 1837 4343 cujus
1852 4273 1909 4328 baee

283 4357 388 4410 ideirco
401 4355 595 4424 cluoipoteutem
606 4355 714 4424 [rutrum
725 4351 856 4423 appellat:

347 4466 436 4515 Dicere
450 4466 505 4527 quid
519 4478 614 4526 {tumtun
626 4465 658 4514 de
669 4477 755 4527 magna
769 4463 840 4511 laude
853 4462 987 4523 librorum,

377 4535 443 4582 uuus
454 4530 499 4575 suh
510 4530 579 4576 clare
591 4535 672 4585 tenes,
681 4526 851 4582 iraterumate,
863 4533 903 4572 trra
915 4524 927 4573 ‘l

346 4589 466 4649 Quidquid
476 4591 505 4635 alt
517 4599 574 4636 arce
587 4587 654 4636 Deus
664 4586 719 4636 coeli
732 4589 823 4635 uirens
836 4586 858 4632 in
869 4585 955 4634 orbem

376 4651 506 4708 Scriptura
518 4654 609 4697 sanctu
621 4660 665 4705 per
677 4649 714 4710 pia
727 4649 799 4696 rerba
813 4648 889 4706 riris;

348 4710 398 4758 illic
410 4712 531 4766 inuenies,
542 4708 657 4769 quidquid
666 4709 784 4769 sapientia
797 4707 879 4756 mundi

375 4770 480 4819 Protulit
493 4772 518 4818 iu
527 4771 641 4818 mundum
654 4770 803 4830 temporibus
815 4771 894 4817 variis.

321 4877 363 4931 ill.
384 4875 443 4930 lion
459 4874 530 4929 solus
545 4883 634 4928 umen
650 4873 749 4928 inistis
771 4871 871 4927 scholis
888 4871 1001 4925 docebat
1016 4871 1070 4925 tta-

283 4970 380 5031 luuus,
398 4966 506 5021 taatretsi
519 4965 669 5034 precipuus
683 4965 810 5034 magister
830 4972 898 5016 erat.
913 4961 1068 5030 Adiutorem

282 5059 455 5127 sodaliumque
463 5057 556 5111 habuit
569 5055 729 5117 Samuelem,
737 5063 830 5124 postea
843 5051 1068 5107 Wormutiensem

281 5149 458 5216 episcopum,
480 5141 669 5213 quem‘ctiam
687 5143 738 5197 sub
763 5142 877 5196 diculno
904 5147 1069 5209 praeceptore

282 5240 497 5310 condiscipulum
518 5240 658 5294 habuerat.
676 5237 825 5305 Utrumque
843 5241 951 5289 constat
963 5247 995 5287 er
1009 5247 1069 5286 car·

283 5331 354 5384 turine
369 5331 399 5385 Qi
420 5350 426 5383 :

343 5445 469 5500 uuoudam
483 5453 586 5504 namque
597 5455 679 5489 meum
691 5437 827 5499 gaudebam
840 5446 864 5487 te
879 5450 934 5488 esse
946 5433 1051 5485 sodalem

376 5505 443 5553 luter
455 5503 569 5560 lectores,
580 5502 656 5550 lrater
669 5509 758 5560 amate,
769 5499 836 5547 milri.
984 5558 989 5568 Ι

342 5564 412 5613 h'uuc
426 5579 523 5626 orturus
535 5573 561 5612 te
573 5565 679 5625 gratulor
696 5565 806 5609 retinere
817 5562 870 5619 jura
882 5562 991 5620 magistri

374 5627 493 5676 Crescere
506 5627 608 5683 virtute,
621 5624 695 5686 patris
707 5623 799 5671 hahere
811 5622 898 5671 locutu.

281 5727 652 5797 Quibusversiuussigniueat
662 5724 816 5781 Samuelem
824 5737 916 5778 secum
928 5719 1071 5790 aliquando

281 5822 399 5893 gessisse
415 5820 536 5892 magistri
550 5833 598 5873 seu
614 5817 723 5872 lectoris
733 5814 861 5879 ollicium,
881 5812 953 5882 quod
967 5812 1072 5880 episco-

280 5929 333 5985 pus
343 5921 453 5968 creatus
462 5911 605 5967 retinebat.
618 5908 698 5964 addit
713 5915 774 5977 post
787 5905 856 5959 duos
866 5919 971 5966 versus,
983 5903 1071 5957 cidem

281 6003 366 6057 ctiam
380 6015 550 6057 communem
563 6008 756 6071 preceptorem
772 5994 855 6048 lusisse
869 5992 1005 6046 hibiuum.

1123 4361 1203 4414 rerba
1220 4371 1282 4414 sunt
1299 4362 1376 4415 initio
1395 4361 1476 4415 libelli
1491 4377 1570 4430 quiem
1595 4365 1627 4416 de
1645 4362 1705 4417 Vita
1719 4363 1908 4433 Eigllisubbu-

1123 4456 1158 4508 tis
1173 4457 1325 4524 composuit
1340 4474 1346 4506 s
1363 4474 1371 4504 r
1392 4456 1428 4509 be
1439 4465 1536 4510 caetcro
1548 4470 1656 4526 ortoque
1668 4466 1761 4509 notum
1776 4455 1846 4510 lucio
1857 4463 1908 4508 tuae

1123 4542 1248 4596 churitati
1272 4543 1344 4611 qttod
1366 4558 1437 4597 anuo
1452 4545 1589 4612 praeterito
1603 4543 1718 4598 domnus
1732 4543 1814 4599 abbas
1831 4543 1908 4597 illiu-

1122 4632 1219 4695 bauus,
1233 4647 1297 4686 curn
1310 4630 1346 4684 ilii
1363 4632 1497 4700 querebar
1518 4634 1580 4701 quia
1596 4648 1648 4687 uon
1665 4633 1793 4686 haberem
1815 4648 1908 4702 quem-

1124 4737 1205 4791 quam
1221 4736 1325 4776 mecum
1337 4721 1523 4776 consociorum
1538 4738 1599 4777 curn
1611 4738 1664 4790 qrro
1675 4723 1701 4776 in
1715 4722 1805 4777 diuina
1816 4722 1909 4778 lectio-

1083 4794 1156 4866 I)nu
1171 4813 1330 4882 disputando
1344 4821 1372 4866 et
1396 4812 1507 4882 legendo
1524 4812 1655 4882 prolicere
1669 4813 1827 4882 potuissent,
1855 4814 1908 4867 tale

1123 4905 1188 4958 mihi
1204 4921 1360 4973 responsum
1381 4904 1537 4958 relercbat:
1560 4903 1675 4968 Euercc,
1693 4904 1791 4972 inquit,
1815 4913 1907 4957 teuset-

1122 4997 1332 5067 ipsumlepeudo,
1344 5008 1367 5051 et
1375 4998 1475 5067 aliquid
1483 4999 1602 5051 utilitatis
1613 4998 1681 5052 udde
1692 4998 1825 5052 dictando.
1835 4998 1906 5052 Nous

1122 5087 1184 5140 dum
1203 5103 1249 5156 epo
1278 5088 1382 5151 ibidem,
1400 5088 1443 5141 ubi
1466 5105 1534 5141 nuuc
1548 5089 1601 5156 ipse
1620 5089 1742 5152 tuereris,
1762 5105 1907 5142 commune·

1122 5192 1189 5241 rem,
1199 5176 1293 5229 librum
1306 5194 1384 5246 prosu
1399 5188 1422 5230 et
1435 5178 1549 5231 cursibus
1562 5179 1589 5230 iu
1600 5175 1704 5231 laudent
1714 5189 1811 5230 sanctu
1822 5179 1908 5232 crucis

1121 5254 1213 5321 divino
1228 5269 1313 5337 gratio
1334 5270 1477 5337 inspirante
1500 5269 1599 5338 inrupi.
1620 5268 1728 5338 »Atqui
1748 5269 1819 5323 istud
1841 5283 1910 5338 opus

1122 5372 1266 5428 aggressus
1281 5368 1321 5413 est
1334 5358 1470 5422 licitantes,
1487 5359 1549 5412 duur
1566 5359 1737 5414 humaniores
1751 5359 1908 5428 disciplinas

1122 5447 1231 5504 doceret
1245 5449 1271 5503 in
1290 5449 1380 5504 schola
1397 5451 1560 5511 monasterii,
1578 5450 1604 5502 in
1620 5465 1671 5518 quta
1687 5450 1798 5520 proinde
1809 5449 1908 5504 Candi-

1122 5537 1172 5591 dus
1187 5546 1254 5602 tum,
1271 5553 1331 5591 curn
1345 5537 1437 5607 Bigilis
1459 5539 1547 5593 l'itarn
1564 5537 1709 5603 scrihebat,
1733 5538 1908 5607 preceptoris

1122 5628 1261 5683 obtinebat
1274 5627 1400 5684 officium.

1424 5721 1536 5778 CAPUT
1561 5720 1606 5776 ll'.

1185 5810 1376 5875 Sacerdotium,
1392 5813 1501 5874 secutio,
1520 5813 1570 5865 iter
1582 5809 1841 5879 ierosolymitanum.

1158 5902 1200 5957 it.
1219 5902 1328 5956 Ordinis
1346 5901 1520 5956 sacerdotalis
1534 5901 1646 5970 graelum
1664 5901 1782 5970 suscepit
1795 5902 1830 5957 ab
1843 5900 1908 5956 liul-

1122 5994 1202 6049 stullo
1226 5994 1429 6062 archiepiscopo
1444 5991 1691 6061 lloguntiuo,quod
1716 5991 1773 6062 ipse
1796 6003 1908 6051 testatur
