4509 6850
302 697 356 754 aaa
625 692 656 746 a.
677 687 802 744 natatu
821 683 931 742 aarum
950 679 1109 738 attcttter.
1132 680 1286 739 atterat.
1305 681 1449 741 ananau
1468 683 1558 737 tratas
1577 683 1597 737 t.
1885 683 1938 740 aaa

302 812 329 866 ln
344 825 377 866 eo
391 807 463 880 quod
476 805 609 871 eredidit,
622 819 708 861 uacua
719 818 773 858 non
787 800 928 856 remansit.
945 797 1012 852 liam
1030 810 1092 849 mox
1107 797 1131 855 Α
1145 809 1178 850 er
1205 796 1398 866 temporalibus
1421 795 1564 865 stipendiis
1585 793 1727 848 continere
1753 801 1844 863 parata
1862 805 1943 865 suut,

301 900 450 973 predicare
462 898 565 954 studuit
575 896 645 966 quod
657 893 767 958 audivit,
780 899 808 948 et
818 890 939 947 docendo
952 889 1051 943 utultos
1061 901 1094 941 ex
1146 888 1193 943 sed
1220 890 1414 959 praedicatores
1441 888 1550 952 sancti,
1579 887 1721 958 percipere
1750 885 1850 942 nolunt
1873 898 1945 946 tem·

305 1010 336 1050 se
348 991 541 1064 praedicatores
564 986 686 1059 protulit.
700 985 778 1055 Aqua
790 984 889 1054 quippe
903 981 930 1036 in
945 980 1041 1051 hydria
1053 987 1097 1033 est
1146 980 1266 1050 peralta,
1286 981 1338 1035 nisi
1361 980 1437 1051 prius
1456 979 1596 1035 obtineant
1620 986 1731 1032 aeterna.
1757 977 1787 1034 Si
1815 979 1891 1035 enim
1916 980 1945 1037 in

304 1085 418 1143 scientia
432 1065 632 1154 praedicationis
644 1079 672 1133 in
687 1088 830 1139 mensura,
849 1073 913 1143 quia
934 1078 1028 1127 sancta
1046 1069 1096 1124 Ee-
1148 1070 1289 1125 auimabus
1304 1069 1421 1124 iructum
1445 1084 1499 1124 non
1520 1067 1681 1133 inveniunt,
1708 1083 1818 1124 sumere
1844 1069 1946 1140 stipen-

304 1172 492 1232 clesiastudet
504 1167 623 1239 asapius
636 1181 726 1235 sapere
739 1179 817 1235 quam
829 1170 929 1231 oportet
939 1175 1041 1230 sapere,
1051 1155 1096 1211 aad
1147 1161 1191 1216 dia
1222 1162 1380 1232 corporibus
1403 1168 1600 1224 contemnunt,
1630 1174 1680 1215 nec
1699 1160 1783 1230 pedes
1807 1175 1879 1231 aqua
1904 1161 1945 1216 la·

303 1283 395 1337 sapere
417 1264 452 1320 ad
472 1261 647 1318 sobrietatem.
671 1257 704 1311 Et
719 1253 814 1326 hydria
834 1268 911 1323 aquae
929 1251 956 1305 in
977 1249 1040 1305 ultra
1055 1257 1098 1304 est

305 1357 428 1414 doctrina
441 1351 642 1426 praedicationis
656 1350 683 1403 in
695 1363 793 1419 opere,
807 1361 868 1416 quae
878 1360 932 1399 non
942 1343 1029 1399 solum
1039 1340 1098 1410 ejus

304 1447 459 1509 comitibus,
475 1443 522 1498 sed
536 1450 627 1512 potum
641 1440 722 1495 etiam
734 1436 845 1493 camelis
856 1435 968 1504 praebet,
978 1433 1023 1502 qui
1034 1447 1096 1487 rer-

305 1539 369 1593 bum
385 1536 448 1588 uitae
463 1549 517 1587 nou
533 1531 620 1588 solum
635 1529 812 1599 prudentibus
822 1526 892 1590 ,¹sed
913 1525 996 1592 etiam
1008 1522 1099 1579 stultis

305 1627 464 1698 pradicant,
479 1623 556 1694 juxta
570 1620 646 1676 Pauli
664 1635 759 1676 uocem
780 1618 895 1674 dicentis
909 1633 915 1669 ε
931 1614 1098 1684 sapientibus

305 1730 330 1774 et
344 1718 526 1789 insipientibus
542 1716 643 1770 debitor
653 1730 712 1768 aaran
723 1711 813 1782 (liam.
827 1710 858 1780 a).
876 1707 924 1763 Vel
936 1717 1011 1762 certe
1029 1720 1099 1775 aqua

306 1811 388 1867 etiam
401 1809 533 1880 juntcntis
544 1806 633 1870 datur,
646 1804 754 1874 quando
774 1817 839 1857 cura
858 1798 950 1855 caratis
964 1795 1099 1867 quomode

307 1900 344 1955 sit
361 1897 483 1953 habenda
498 1895 660 1965 disponitur,
672 1902 702 1947 ut
713 1907 746 1947 ex
761 1891 897 1959 voluptate
914 1887 1032 1957 impendi
1045 1901 1099 1941 non

307 1988 415 2052 debeat,
430 1994 457 2041 et
473 1986 600 2040 tamenin
614 1983 882 2038 necessitatibusnon
897 1985 1018 2046 negetur,
1031 1977 1100 2032 sicut

308 2076 440 2147 scriptum
455 2085 517 2132 est:
532 2075 627 2128 Carris
640 2089 731 2127 curam
743 2089 774 2126 tae
795 2072 908 2139 feceritis
926 2071 952 2123 iat
963 2068 1099 2122 desideriis

1148 1261 1221 1319 sant,
1237 1254 1300 1323 quia
1313 1253 1416 1308 laboris
1431 1253 1472 1307 sui
1485 1251 1649 1307 desideriunt
1668 1251 1741 1306 naalia
1753 1252 1946 1310 consolatione

1148 1343 1278 1398 relevant.
1308 1342 1369 1397 hlox
1395 1357 1461 1397 vero
1492 1349 1523 1395 ut
1553 1357 1664 1397 eausam
1693 1340 1812 1414 conjugii
1843 1343 1947 1399 donnini

1148 1432 1190 1486 sui
1215 1447 1282 1501 puer
1302 1431 1436 1496 obtinuit,
1462 1447 1527 1485 rasa
1551 1444 1633 1485 aurea
1655 1439 1736 1503 atque
1758 1443 1892 1506 argentea
1915 1450 1948 1492 ac

1149 1531 1238 1577 restes
1255 1522 1380 1592 protulit,
1402 1536 1470 1591 quas
1487 1521 1617 1577 Rebeccae
1632 1521 1715 1589 dedit,
1737 1523 1802 1594 quia
1819 1524 1949 1582 doctores

1150 1613 1200 1667 viri
1221 1620 1322 1668 sanetae
1343 1613 1471 1668 Ecclesiae
1490 1621 1531 1668 tot
1544 1624 1704 1669 ornamenta
1722 1615 1859 1685 praebent,
1880 1625 1951 1688 quot

1150 1704 1279 1759 uirtutum
1301 1705 1372 1759 bona
1387 1704 1545 1760 docuerunt.
1561 1704 1626 1771 Quae
1644 1706 1717 1760 enim
1733 1705 1811 1775 prius
1823 1705 1853 1760 ln
1867 1721 1949 1764 aures

1151 1793 1311 1848 etarmiilas
1324 1801 1477 1864 acceperat,
1497 1795 1554 1865 jaan
1567 1810 1640 1849 nunc
1661 1809 1725 1850 vasa
1748 1809 1835 1850 aaarea
1857 1803 1885 1851 et
1907 1811 1950 1852 ar·

1151 1894 1246 1954 genten
1268 1900 1300 1940 ae
1323 1893 1412 1941 restes
1427 1887 1534 1956 accipit,
1552 1886 1615 1957 quia
1637 1897 1730 1943 saneta
1743 1887 1870 1945 Ecclesia
1888 1905 1951 1960 que

1152 1982 1214 2029 ante
1226 1990 1277 2045 per
1289 1974 1369 2030 ildean
1379 1976 1559 2031 obedientiam
1573 1985 1602 2031 et
1617 1979 1805 2048 operationem
1818 1981 1949 2052 percipit,

1153 2081 1324 2132 excrescens,
1346 2067 1518 2137 postmodum
1537 2069 1619 2123 etiam
1643 2069 1677 2123 ad
1701 2069 1857 2139 spiritualia
1878 2071 1949 2128 dona

308 2167 396 2234 (liam.
411 2165 484 2237 xtra).
501 2166 551 2233 Qut
569 2165 641 2221 enim
655 2165 726 2219 hane
741 2164 768 2218 in
782 2162 923 2218 desideriis
938 2161 996 2215 iteri
1012 2160 1102 2229 prohi-
1115 2141 1139 2200 Β
1153 2158 1331 2223 convalescit,
1345 2168 1376 2213 ut
1390 2158 1538 2229 prophetiae
1552 2160 1647 2230 spiritu
1666 2168 1694 2214 et
1706 2161 1843 2216 uirtutum
1863 2163 1950 2234 gratia

307 2259 376 2324 buit,
388 2257 481 2329 procul
492 2258 574 2312 dubio
587 2256 613 2309 iu
630 2254 794 2310 necessitate
807 2252 945 2316 concedit,
958 2252 1035 2321 justa
1050 2250 1101 2306 hec

307 2350 380 2420 quoti
393 2365 501 2405 rursum
517 2349 635 2404 dicitur:
653 2345 737 2401 Nettto
756 2360 859 2398 critatem
878 2359 954 2397 aarum
973 2341 1034 2396 adio
1052 2341 1101 2394 hu-

307 2443 366 2508 bet,
386 2442 431 2496 ted
454 2441 537 2496 aautra't
550 2450 574 2495 et
592 2440 660 2509 suaet
678 2455 735 2493 eam
753 2436 861 2508 (Epitca.
877 2435 914 2506 t).
928 2434 998 2488 Puer
1011 2442 1102 2488 autern

308 2534 439 2591 Rebeccae
453 2534 562 2589 inaures
579 2541 606 2588 et
618 2529 737 2586 armillas
753 2530 844 2594 dedit,
863 2529 926 2599 quia
941 2526 1103 2597 praedicator

308 2625 422 2695 quisque
445 2632 473 2679 et
495 2623 618 2678 auditum
642 2629 743 2677 sanctae
763 2618 891 2675 Ecclesiae
911 2632 960 2687 per
976 2616 1103 2672 ohedien-

309 2716 387 2781 tiam,
399 2723 426 2769 et
439 2728 535 2769 manus
549 2728 599 2784 per
613 2714 690 2768 bonae
705 2710 870 2783 operationis
882 2710 1008 2763 meritum
1024 2720 1104 2761 exor-

310 2817 366 2862 nat.
393 2806 447 2861 Sed
470 2807 579 2861 inaures
594 2806 709 2860 duorum
734 2802 861 2858 siclorum
885 2806 964 2866 sucat,
991 2797 1104 2853 armiilae

309 2910 399 2955 autem
413 2900 541 2956 siclorum
555 2899 661 2964 decem,
672 2898 734 2968 quia
750 2897 836 2966 prima
848 2895 934 2949 virtus
944 2890 1104 2949 obedieutiae

310 2993 337 3048 in
352 2992 484 3048 charitate
505 3001 548 3048 est
563 3011 569 3045 :
584 3007 645 3062 qnae
665 2990 791 3045 uidelicet
812 2989 932 3044 charitas
954 2987 981 3041 in
1000 2985 1105 3041 duobus

310 3086 453 3155 praeceptis
466 3084 651 3154 distinguitur,
668 3090 699 3137 ut
718 3082 790 3137 baua
807 3088 834 3134 et
856 3080 997 3149 protimus
1010 3076 1105 3146 diliga-

311 3184 365 3240 tur,
379 3184 407 3230 ct
422 3183 496 3230 recta
509 3175 633 3245 operatio
649 3188 683 3226 ex
695 3171 816 3242 decalogi
835 3169 1014 3240 cottapletione
1025 3166 1105 3239 perit·

312 3266 410 3329 eiutur,
433 3274 464 3319 ut
487 3281 548 3319 cum
565 3265 634 3319 hona
650 3264 692 3335 agi
708 3264 856 3333 coeperint,
879 3260 948 3316 mala
960 3260 1017 3330 jam
1032 3259 1104 3313 nulla

1154 2248 1266 2320 repleta,
1281 2250 1415 2320 antpliatis
1425 2249 1482 2317 jam
1496 2251 1654 2307 muneribus
1668 2260 1784 2308 creseat.
1799 2253 1874 2309 Puer
1886 2271 1950 2310 uero

1154 2341 1234 2395 matri
1255 2338 1313 2408 ejus
1326 2355 1358 2396 ac
1372 2340 1502 2396 iratribus
1519 2340 1589 2397 dona
1603 2343 1714 2409 obtulit,
1730 2344 1795 2414 quia
1812 2345 1951 2416 gentilitas

1153 2448 1187 2488 ex
1202 2447 1255 2503 quo
1269 2431 1387 2487 Ecclesia
1409 2434 1443 2488 ad
1459 2433 1540 2490 iidem
1556 2434 1640 2500 venit,
1660 2445 1721 2504 post
1741 2436 1951 2492 corruersionem

1154 2522 1213 2590 cius
1236 2523 1264 2576 in
1288 2521 1373 2593 gloria
1395 2523 1537 2593 temporali
1556 2523 1708 2590 convaluit,
1734 2523 1805 2580 sieut
1828 2533 1858 2582 et
1879 2541 1952 2582 nune

1155 2613 1301 2677 cernimus,
1323 2614 1386 2684 quia
1406 2614 1506 2684 ubique
1520 2614 1667 2671 Christiani
1693 2615 1870 2673 allliotionem
1890 2633 1951 2673 scu·

1155 2706 1235 2759 tiuut.
1260 2705 1293 2760 Et
1306 2705 1420 2777 gentiles
1432 2706 1533 2778 quique
1546 2708 1574 2763 in
1593 2716 1700 2764 terrena
1714 2710 1818 2766 virtute
1834 2710 1951 2782 glorian·

1156 2808 1209 2853 tur.
1225 2798 1279 2853 Sed
1294 2808 1321 2853 et
1331 2797 1430 2854 iratres
1441 2797 1499 2868 ejus
1519 2799 1588 2855 dona
1603 2801 1766 2872 percipiunt,
1782 2802 1849 2874 quia
1862 2802 1891 2857 hi
1903 2802 1950 2873 qui

1155 2889 1182 2944 in
1193 2904 1225 2944 ea
1241 2888 1320 2943 thlem
1332 2889 1497 2945 verbotenus
1516 2899 1619 2957 tenent,
1634 2892 1681 2947 sed
1696 2901 1787 2948 tamen
1802 2891 1951 2964 professio·

1120 3024 1122 3028 .
1155 2996 1217 3035 nem
1239 2996 1314 3035 suam
1343 2981 1464 3036 moribus
1493 2996 1547 3036 non
1572 2992 1716 3052 sequentes
1740 2983 1887 3040 carnaliter
1908 2983 1950 3040 ri·

1156 3078 1231 3136 suut,
1252 3071 1367 3144 benigne
1389 3086 1405 3125 a
1429 3072 1552 3128 ildeiihns
1574 3073 1702 3129 honorari
1731 3073 1821 3131 solent
1844 3091 1896 3146 pro
1918 3088 1952 3130 eo

1156 3165 1228 3235 equod
1248 3178 1309 3220 esso
1326 3164 1454 3219 uidentur
1473 3164 1575 3220 fideles.
1600 3164 1686 3220 llater
1709 3179 1775 3236 ergo
1796 3175 1825 3222 et
1851 3166 1951 3224 iratres

1156 3257 1227 3312 dona
1249 3257 1412 3328 percipiunt,
1430 3273 1445 3312 a
1463 3266 1536 3314 sorte
1552 3265 1643 3313 tamen
1665 3257 1834 3315 hereditatis
1857 3257 1949 3328 alieni,

312 3363 513 3425 perpetrentur.
528 3354 649 3409 Rebecca
660 3363 752 3408 aaucm
765 3369 825 3408 csse
838 3354 865 3406 in
878 3354 957 3407 donae
967 3352 1054 3422 patris
1064 3350 1105 3406 sui
1156 3349 1219 3418 quia
1237 3351 1293 3405 sire
1307 3349 1429 3405 intidcles
1453 3365 1501 3406 seu
1516 3350 1639 3406 carnales
1653 3350 1699 3420 qui
1718 3349 1791 3405 iutra
1807 3350 1870 3407 iadei
1890 3365 1952 3425 pro·

312 3441 401 3496 iocum
423 3443 571 3513 spatiosum
592 3444 626 3497 ad
651 3444 814 3498 manendum
838 3444 984 3514 perhibuit,
1005 3444 1104 3513 quiea
1159 3440 1304 3496 iussionem
1320 3447 1447 3496 tenentur
1468 3442 1502 3496 ad
1524 3443 1690 3498 haereditatis
1712 3451 1825 3499 aeternat
1848 3454 1950 3499 sortem

312 3533 404 3601 priore
414 3532 471 3601 jam
487 3534 585 3604 populo
599 3543 704 3589 naturae
718 3534 804 3605 legem
826 3543 919 3591 sancta
937 3536 1057 3591 Ecclesia
1076 3550 1105 3591 se
1119 3492 1143 3557 C
1159 3548 1212 3586 raon
1228 3532 1349 3597 vendunt,
1368 3531 1416 3588 scd
1436 3540 1525 3588 tatuen
1541 3548 1665 3603 superne
1677 3532 1815 3605 largitatis
1835 3533 1951 3605 gloriam

312 3623 397 3678 scisse
416 3625 593 3689 naonstravit,
613 3632 641 3678 et
654 3625 854 3693 praedicationis
867 3626 950 3681 uerba
971 3625 999 3680 in
1017 3625 1106 3697 amplo
1157 3621 1342 3691 temporaliter
1366 3629 1580 3693 cotrsequuutur.
1611 3622 1734 3679 Rebecca
1762 3630 1856 3679 autem
1887 3638 1951 3679 cum

313 3714 569 3784 charitatisgremio
580 3716 707 3784 suscepit.
720 3715 829 3771 Doctori
842 3717 912 3771 euim
927 3716 1062 3786 spatiosus
1072 3717 1106 3772 ad
1156 3714 1252 3785 puellis
1272 3715 1328 3769 auis
1346 3714 1433 3768 tirum
1454 3722 1546 3770 secuta
1565 3722 1618 3779 est,
1633 3714 1696 3784 quia
1711 3722 1807 3770 sancta
1827 3712 1951 3771 Ecclesia

314 3805 476 3860 naancndum
492 3805 566 3860 locus
582 3815 624 3861 est
639 3807 666 3859 in
679 3807 812 3862 auditoris
823 3808 919 3871 corde,
933 3807 1046 3861 latitudo
1059 3808 1107 3862 ho-
1157 3806 1238 3859 hahet
1252 3819 1343 3859 secum
1356 3804 1469 3859 minoris
1483 3804 1572 3860 meriti
1586 3804 1691 3859 animas
1703 3804 1813 3861 sociales
1834 3820 1911 3870 suas,
1923 3814 1952 3859 et

313 3896 417 3951 uitatis.
432 3895 509 3952 Unde
523 3905 551 3952 et
564 3898 724 3966 quibusdam
739 3897 855 3953 dieitur:
868 3897 960 3967 Capite
973 3914 1018 3952 aaa
1030 3913 1039 3949 .·
1053 3897 1108 3951 Ne·
1157 3895 1185 3949 in
1199 3895 1359 3963 quibusdam
1378 3910 1426 3965 per
1441 3910 1584 3949 ascensum
1610 3894 1709 3949 montis
1733 3896 1866 3949 thronum
1889 3910 1953 3949 cou-

313 3987 408 4040 auiaaem
422 3985 549 4052 ierimus,
562 3988 690 4040 nemiuem
711 3989 887 4057 corrupimus,
901 3987 1106 4058 Anprtstiamiai,
1158 3985 1341 4054 templationis
1361 3986 1520 4039 nonhabet.
1537 3984 1603 4052 Quae
1622 3983 1748 4039 vilelicet
1764 3984 1834 4039 tales
1854 3984 1951 4041 auitae

313 4091 366 4128 arata
378 4076 405 4128 in
418 4076 492 4129 arabia
502 4089 511 4127 .·
522 4077 713 4147 anquatiaaatiui
728 4087 816 4130 autem
826 4078 853 4131 in
865 4079 1004 4133 uisceribus
1015 4080 1107 4133 cestria
1157 4079 1235 4148 quasi
1250 4077 1345 4148 puellae
1369 4077 1499 4132 Rebeccae
1518 4085 1590 4142 sunt,
1614 4074 1677 4147 quia
1699 4083 1853 4146 sequuntur
1872 4074 1953 4131 mori·

315 4162 359 4233 (ll
370 4160 434 4220 Cor.
449 4164 498 4236 tu).
516 4164 556 4221 ile
571 4167 594 4221 si
613 4175 707 4236 aperte
728 4165 883 4222 diceretur:
896 4167 937 4222 tt
959 4170 1108 4238 suscipien-
1158 4168 1217 4231 hus,
1237 4169 1284 4222 sed
1298 4176 1387 4220 tamen
1404 4166 1436 4220 ad
1449 4164 1686 4235 contemplationis
1700 4163 1831 4220 thronum
1844 4162 1953 4218 minime

314 4254 376 4307 dam
391 4255 541 4310 doctrinam
557 4258 706 4326 spatiosum
723 4259 821 4313 mentis
833 4259 922 4314 locum
946 4258 1044 4324 iacite,
1060 4259 1107 4316 sed
1159 4259 1318 4314 ascendunt.
1345 4257 1412 4311 Nam
1433 4266 1461 4311 ct
1479 4257 1550 4312 idem
1566 4272 1635 4328 puer
1651 4256 1782 4327 quosdam
1807 4254 1906 4311 habuit
1924 4256 1951 4310 in

313 4346 347 4398 ad
358 4346 501 4415 cogitanda
513 4347 642 4412 carnalia,
653 4350 760 4419 angusti
772 4359 918 4405 remanete.
931 4350 1007 4417 Quod
1019 4350 1109 4419 palea·
1159 4350 1299 4411 comitatu,
1324 4348 1386 4418 quia
1402 4364 1464 4402 aum
1489 4349 1591 4403 sanctis
1613 4347 1753 4419 prophetis
1774 4346 1891 4417 quidam
1909 4346 1953 4417 qui

315 4451 375 4489 mm
390 4451 423 4491 ae
437 4436 490 4490 ieni
503 4438 647 4507 plurimum
659 4439 773 4493 haberet
784 4439 923 4507 indicavit,
938 4440 1001 4511 quia
1014 4447 1108 4495 sancta
1158 4441 1228 4495 bene
1251 4439 1383 4504 uiuerent,
1407 4439 1454 4494 scd
1475 4439 1624 4510 prophetiae
1644 4439 1769 4510 spiritum
1795 4452 1852 4494 aton
1869 4438 1954 4495 habc-

316 4526 436 4581 Ecclesia
452 4528 534 4584 verha
548 4528 611 4582 ritae
626 4530 754 4594 atadieus,
771 4538 877 4585 terrena
893 4530 1025 4601 stipendia
1041 4546 1110 4601 pre·
1159 4538 1230 4583 rent.
1255 4528 1321 4584 Cum
1339 4529 1426 4584 beatis
1441 4528 1571 4598 apostolis
1586 4527 1697 4584 iueruut
1713 4529 1839 4600 plerique
1852 4530 1900 4600 qui
1914 4530 1954 4587 ti·

315 4616 481 4672 dicatorihus
493 4618 626 4685 reddidit;
644 4634 704 4688 que
718 4620 781 4674 dum
792 4619 892 4676 Paulus
905 4621 981 4690 quasi
1000 4636 1049 4689 pro
1068 4620 1109 4673 ni·
1161 4632 1215 4676 tarn
1235 4623 1355 4678 moribus
1368 4630 1502 4687 tenerent,
1523 4623 1570 4677 sed
1587 4621 1788 4691 praedicationis
1802 4623 1888 4679 uerba
1901 4636 1955 4679 nott

314 4706 371 4761 hilo
385 4709 539 4779 acciperet,
554 4709 639 4764 dicit:
659 4708 688 4763 Si
710 4726 757 4764 aaa
772 4710 842 4764 uobis
865 4710 1016 4781 spiritualia
1033 4711 1109 4764 sanai·
1159 4720 1325 4782 promerent.
1342 4711 1468 4768 Festinus
1483 4723 1573 4767 autem
1589 4727 1655 4784 puer
1668 4713 1702 4767 ad
1717 4712 1859 4769 dominum
1875 4712 1956 4775 redit.

315 4799 445 4862 aruimus,
469 4815 593 4868 maenum
616 4808 652 4852 rat
676 4801 700 4853 aa'
720 4817 736 4853 a
759 4800 829 4853 totta
846 4800 965 4854 carnalia
980 4803 1223 4896 metamuaunia
1248 4802 1440 4873 praedicatores
1461 4804 1559 4870 saneti,
1583 4818 1645 4858 curn
1671 4802 1846 4874 praedicando
1869 4802 1957 4857 tritam

317 4883 343 4952 (l
359 4882 421 4938 Car.
437 4887 494 4955 tri?
508 4887 603 4941 Frater
618 4897 709 4942 autem
723 4888 852 4943 uehccea
863 4896 921 4943 erat
937 4888 1046 4955 haban,
1060 4890 1107 4961 qui

315 4977 421 5031 courcite
442 4992 584 5049 egressus,
606 4980 714 5033 inaures
735 4988 764 5035 et
784 4979 905 5035 arnullas
918 4982 1020 5036 sororis
1033 4982 1108 5052 aspi·

315 5065 401 5129 ciens,
418 5065 490 5120 intus
505 5081 616 5135 puerum
630 5068 745 5133 vocarit,
760 5068 823 5137 quia
838 5079 901 5122 sum
914 5068 1036 5124 carnales
1049 5068 1109 5139 qui-

315 5174 367 5227 que
382 5157 504 5214 fidelihus
521 5159 676 5230 eottjuneti,
692 5161 738 5231 qui
756 5162 818 5216 dum
837 5161 1018 5231 spiritualium
1034 5162 1106 5217 dona

315 5252 497 5321 conspiciunt,
509 5253 536 5306 iu
548 5252 728 5308 admiratione
740 5254 875 5322 suspensi,
886 5263 914 5309 et
922 5255 945 5308 si
957 5269 1010 5308 non
1021 5269 1108 5323 usqne

317 5342 351 5394 ad
363 5356 457 5409 opera,
474 5343 604 5397 tamenin
621 5343 742 5397 altimum
758 5344 891 5412 usquead
908 5343 1107 5413 suscipiendam

316 5430 396 5484 tidetn
413 5431 527 5485 uerbum
549 5429 748 5499 praedicationis
769 5432 923 5486 admittunt.
944 5431 1012 5498 Quia
1034 5432 1107 5487 enim

316 5522 401 5576 honos
415 5537 486 5591 sepe
500 5522 638 5578 miraculis
660 5522 763 5594 iulgere
782 5525 971 5589 considerant,
991 5540 1021 5579 ca
1048 5540 1108 5595 quae

316 5611 349 5664 de
361 5612 512 5666 :eternitate
520 5612 632 5667 audiunt
643 5629 696 5669 non
708 5624 845 5679 recusant,
853 5616 977 5685 queuntis
987 5623 1108 5669 sanctam

315 5702 464 5755 electorum
492 5702 642 5757 Ecclesiam
669 5706 790 5760 moribus
813 5720 866 5759 non
892 5712 1052 5774 sequentes,
1079 5705 1106 5759 in

316 5790 419 5844 carnali
444 5792 602 5860 operatione
625 5803 793 5849 remaneant.
815 5794 865 5861 Qui
882 5794 974 5850 haban
998 5796 1107 5864 paleae,

317 5878 422 5941 ianam,
439 5896 552 5949 panem,
572 5898 671 5951 aquam
687 5885 802 5949 obtulit,
819 5884 867 5939 sed
882 5899 949 5953 puer
972 5886 1023 5940 nisi
1044 5902 1107 5941 cau-

318 5988 373 6025 eun
399 5973 475 6041 prius
502 5975 621 6045 conjugii
651 5978 804 6040 obtineret,
830 5986 970 6048 accepturu
992 5993 1022 6034 se
1046 5994 1108 6034 esse

317 6063 470 6128 recusarit,
495 6066 557 6134 spatia
586 6072 649 6121 sunt
672 6066 793 6139 plerique
817 6069 862 6138 qui
890 6069 1017 6125 doctores
1042 6085 1106 6127 suos

1160 4893 1326 4948 attalieutium
1348 4894 1482 4959 obtinent,
1506 4893 1544 4948 illi
1567 4910 1629 4948 mox
1653 4894 1755 4966 gratias
1772 4892 1904 4961 reddunt,
1924 4894 1958 4951 tie

1160 4985 1238 5054 eujus
1252 4985 1304 5039 hoc
1320 5001 1433 5041 minnere
1447 4995 1638 5055 perceperunt,
1652 4994 1682 5040 ut
1696 4985 1747 5041 sibi
1765 4985 1794 5039 ln
1811 5000 1843 5041 ea
1857 5002 1956 5057 opera·

1161 5074 1233 5131 tione
1244 5076 1311 5130 nihil
1326 5077 1457 5141 tribuant,
1471 5079 1519 5132 scd
1532 5077 1647 5132 auctori.
1673 5076 1712 5130 Eo
1723 5084 1816 5131 autem
1834 5085 1958 5151 tempore

1159 5167 1234 5220 isaac
1252 5166 1439 5222 deambulabat
1455 5183 1504 5236 per
1526 5168 1597 5222 riam
1614 5185 1674 5238 qna·
1689 5168 1763 5223 ducit
1779 5169 1814 5223 ad
1830 5178 1955 5240 puteum,

1160 5257 1236 5325 cuijus
1250 5262 1291 5310 est
1306 5271 1404 5310 nomen
1422 5254 1535 5311 Viventis
1548 5267 1571 5311 et
1585 5258 1704 5311 rideatis.
1725 5258 1792 5324 Qttis
1806 5266 1850 5313 est
1861 5260 1958 5315 uirens

1159 5356 1185 5400 et
1201 5347 1303 5410 sitlans,
1326 5348 1377 5400 nisi
1403 5349 1576 5418 outraipotens
1589 5349 1677 5414 heras,
1695 5349 1728 5403 de
1743 5365 1799 5419 quo
1822 5350 1957 5421 scriptum

1159 5446 1200 5491 est
1215 5452 1222 5489 :
1238 5436 1305 5491 Vico
1321 5453 1371 5506 ego
1391 5437 1419 5491 in
1441 5448 1586 5506 aeternum,
1606 5438 1672 5494 dicit
1693 5438 1887 5505 vertumade
1902 5444 1957 5513 qu'e

1160 5543 1266 5581 rursum
1280 5527 1380 5582 dicitur
1396 5547 1402 5580 :
1421 5525 1517 5581 Outut'a
1540 5526 1611 5582 arada
1629 5538 1654 5583 et
1676 5538 1766 5599 aperta
1787 5538 1849 5585 aurat
1872 5530 1956 5585 acriis

1159 5618 1216 5686 cjua
1229 5614 1326 5687 (liebr.
1343 5616 1399 5689 tvl?
1419 5616 1521 5672 Puteus
1534 5633 1599 5672 vero
1611 5617 1729 5672 viventis
1741 5625 1769 5672 ct
1783 5617 1903 5675 ridentia
1915 5628 1960 5675 eat

1161 5722 1245 5761 sacrae
1262 5704 1410 5775 Scriptura>
1427 5705 1609 5775 proiuuditas,
1635 5722 1718 5776 quam
1740 5706 1820 5763 nobis
1840 5706 1876 5763 ati
1894 5708 1957 5765 irri-

1160 5800 1294 5868 gatiouena
1307 5797 1405 5851 mentis
1416 5796 1532 5866 praebuit
1544 5797 1716 5866 omnipotens
1730 5794 1813 5852 Deus.
1833 5796 1901 5865 Quae
1914 5804 1958 5855 eat

1160 5899 1248 5944 antem
1261 5890 1304 5943 tia
1322 5904 1382 5960 quae
1395 5888 1469 5943 ducit
1482 5888 1516 5942 ad
1533 5897 1644 5959 puteum
1658 5889 1774 5945 uiuentis
1788 5896 1817 5945 et
1827 5888 1961 5955 rimata·

1144 5979 1210 6033 -uisi
1233 5978 1371 6034 humilitas
1388 5979 1523 6049 passionis
1541 5979 1684 6050 unigeniti,
1708 5994 1855 6050 perquam
1878 5979 1955 6037 trebia

1158 6081 1281 6141 aqtcrtum
1305 6080 1347 6128 est
1361 6073 1413 6128 hoe
1429 6072 1500 6142 quod
1514 6072 1589 6143 priua
1612 6070 1728 6128 iatcutcr
1743 6070 1895 6145 Scriptura
1913 6086 1954 6129 sa·
