4509 6850
313 638 367 695 683

961 635 1062 693 alben
1081 639 1125 693 DE
1144 638 1319 697 cettrtte.

1903 628 2005 704 εει

313 752 429 818 addidit,
442 760 473 806 ut
494 752 520 806 in
535 765 628 806 ceeurv
642 748 748 815 dielms,
766 748 864 820 quibus
879 748 1020 806 duodecim
1045 750 1115 807 lunae
1128 765 1153 821 Α
1168 755 1256 824 scopis
1279 756 1407 825 aperitur.
1430 756 1549 814 Arbores
1564 772 1671 829 quoque
1692 764 1721 813 et
1744 757 1846 826 lierbae,
1867 764 1916 819 sed
1929 773 1957 821 ει

315 859 414 901 cursus
439 840 536 897 confici
561 840 686 897 eredidit.
699 854 787 895 annus
808 841 1009 896 extenderetur.
1026 840 1114 910 Atque

315 939 360 994 bis
374 934 570 1007 quinquaginta
585 932 679 987 diebos
693 930 792 986 additis
804 929 901 999 adiecit
924 931 991 986 alios
1007 931 1056 986 'sex
1071 946 1113 986 re·

315 1039 419 1087 tractos
433 1026 485 1081 illis
498 1040 544 1080 ser
560 1022 698 1078 mensibus
712 1022 758 1093 qui
773 1022 884 1093 triginta
897 1021 1033 1078 habebant
1043 1022 1111 1087 (lies,

315 1121 345 1177 id
366 1128 418 1185 est,
438 1118 472 1173 de
487 1115 600 1187 singuiis
624 1113 744 1185 singulos
760 1113 899 1184 laetosque
919 1114 1112 1185 quinquaginta

316 1220 345 1267 et
358 1225 405 1267 sex
420 1208 477 1265 dies
503 1207 531 1261 in
541 1206 610 1261 duos
625 1220 710 1261 nouos
723 1219 832 1260 meuses
844 1204 903 1276 pari
921 1205 1026 1260 ratione
1040 1204 1113 1259 dirl-

316 1301 362 1365 sit,
379 1315 412 1355 ae
425 1299 458 1353 de
479 1296 584 1353 duobus
610 1295 729 1367 priorem
754 1294 914 1351 ianuarium
938 1295 1113 1365 nuncuparit,

316 1390 491 1462 primumque
515 1387 578 1442 anni
607 1401 728 1442 mensem
752 1401 814 1443 esse
835 1386 929 1453 uoluit,
956 1394 1115 1456 sequentem

317 1495 384 1535 vero
394 1479 574 1536 Februarium
589 1477 747 1533 nominarit.
763 1475 900 1548 Pauloque
912 1485 974 1549 post
985 1477 1072 1533 Numa
1088 1478 1115 1534 ln

317 1573 451 1627 bonorem
476 1568 588 1641 imparis
602 1567 706 1623 numeri
720 1582 803 1622 uuum
817 1568 915 1639 adjecit
939 1568 1021 1634 diem,
1034 1582 1114 1639 queur

317 1660 449 1717 ianuario
466 1660 551 1715 dedit.
566 1658 620 1715 Sed
638 1674 700 1713 curu
723 1658 782 1713 haec
796 1658 867 1714 ratio
878 1659 966 1714 adbuc
989 1658 1042 1713 lixa
1062 1674 1116 1713 non

317 1766 379 1808 esse
391 1750 542 1816 videbatur,
558 1756 714 1819 comparata
728 1747 762 1803 ad
777 1749 897 1803 siderum
921 1763 1041 1814 cursum,
1059 1757 1117 1803 tan-

318 1843 381 1898 dem
395 1841 476 1897 Caius
487 1839 575 1896 tutius
586 1838 687 1906 Caesar,
707 1840 830 1897 imitatus
843 1839 995 1913 AEqyptios,
1012 1842 1046 1897 ad
1067 1858 1117 1896 nu·

317 1948 426 1988 merum
441 1932 506 1987 solis
517 1947 630 1996 annum,
645 1930 716 1985 sieut
732 1931 813 1986 bodie
837 1941 970 1997 seruatur,
987 1932 1115 1997 instituit,

1166 844 1315 899 animantia
1335 861 1461 915 quaeque,
1483 847 1510 902 in
1526 846 1628 916 prolem
1646 862 1676 903 se
1692 847 1797 918 aperire
1812 847 1955 920 incipiunt.

1166 935 1239 991 Drsc.
1255 936 1326 1002 erot
1348 937 1434 991 modis
1448 936 1533 992 binius
1548 937 1665 993 dicitur?
1687 936 1755 993 biso.
1772 937 1892 1006 Duobus,
1907 942 1958 998 boe

1166 1034 1224 1093 est,
1240 1026 1385 1083 sub-idolo
1408 1026 1488 1094 binio,
1510 1043 1589 1099 quem
1612 1028 1707 1085 torem
1729 1044 1790 1085 esse
1805 1028 1956 1095 voluerunt,

1166 1118 1245 1187 quasi
1263 1118 1406 1189 maiestate
1426 1119 1602 1188 praeeipuum.
1629 1117 1692 1175 Siue
1714 1119 1816 1176 ablaia
1832 1120 1957 1177 Mercurii

1166 1215 1263 1263 matre.
1278 1208 1312 1263 Et
1336 1209 1386 1264 sub
1411 1224 1456 1273 re,
1482 1208 1534 1266 boe
1549 1218 1605 1276 est,
1620 1225 1636 1265 a
1650 1198 1798 1280 majoribus
1823 1211 1959 1269 Romano·
2046 1251 2048 1255 -

1167 1311 1238 1362 rum,
1250 1312 1330 1367 quem
1346 1296 1460 1352 Rsirnuto
1473 1296 1510 1351 ita
1525 1299 1616 1353 vocari
1640 1299 1751 1371 placuit.
1774 1300 1847 1357 bisc.
1862 1300 1958 1359 lunius

1169 1390 1240 1444 unde
1256 1405 1353 1444 nornen
1378 1389 1475 1444 babet?
1494 1388 1564 1445 biso.
1586 1387 1728 1447 Aluuone
1753 1390 1807 1446 lilia
1830 1391 1957 1460 Saturni,

1169 1494 1264 1535 sorore
1287 1477 1372 1534 iovis.
1397 1476 1460 1533 Sire
1483 1477 1662 1547 ajunioribus
1685 1478 1886 1547 Romanorum,
1911 1483 1958 1552 qui

1167 1568 1251 1623 armis
1269 1567 1448 1624 defendebant
1469 1569 1673 1641 rempublicam.
1693 1569 1766 1626 bisc.
1787 1568 1874 1626 Julius
1887 1574 1960 1629 unde

1167 1676 1265 1716 nomeu
1287 1660 1408 1732 aceepit?
1422 1660 1492 1718 linc.
1507 1660 1564 1718 lloe
1577 1670 1629 1729 est,
1643 1677 1659 1716 a
1674 1659 1745 1719 lulio
1758 1663 1875 1729 Caesare,
1895 1664 1960 1734 qnia

1167 1753 1194 1808 in
1207 1761 1305 1824 quarto
1326 1753 1387 1809 idus
1399 1752 1462 1809 iulii
1476 1753 1577 1810 mensis
1589 1763 1698 1810 creatus
1711 1752 1791 1810 Caius
1804 1753 1891 1812 tutius
1904 1754 1959 1812 Cae·

1167 1861 1223 1910 sar,
1241 1845 1288 1916 qui
1302 1845 1407 1916 prImus
1428 1844 1543 1915 arripuit
1556 1844 1697 1915 imperium
1721 1845 1792 1915 apud
1809 1844 1958 1901 Romanos.

1167 1932 1235 1989 Nam
1260 1943 1339 1989 autea
1361 1950 1376 1988 a
1395 1934 1491 1989 blurtio
1505 1942 1595 1990 mente
1615 1942 1780 1998 numeratus,
1804 1933 1960 2002 Quintilian

319 2025 414 2080 decem
429 2024 555 2081 uidelicet
576 2023 633 2079 dies
648 2024 831 2081 observationi
851 2026 943 2081 caeteri
963 2023 1115 2095 superadji-
1168 2041 1281 2081 numero
1301 2026 1414 2080 sortitus
1435 2033 1476 2080 est
1491 2039 1599 2079 nomen.
1617 2024 1689 2079 bisc.
1711 2023 1849 2095 Augustus
1861 2040 1960 2081 nomeu

319 2116 407 2182 ciens,
420 2126 450 2171 ut
468 2131 568 2171 annum
579 2130 679 2171 ccccxv
693 2115 761 2182 dies,
780 2117 878 2190 quibus
892 2117 950 2189 ipse
973 2100 1113 2175 zodiacum
1129 2118 1237 2190 Bunde
1259 2117 1380 2186 aceepit?
1393 2114 1464 2170 blan.
1486 2114 1527 2169 Ab
1540 2114 1688 2170 Octauiano
1703 2116 1811 2172 casare
1826 2118 1960 2188 Augusto,

320 2205 429 2273 lustret,
441 2206 587 2262 edicerent.
602 2206 636 2262 Et
658 2220 692 2262 ne
705 2208 843 2279 quadrans
864 2208 983 2276 deesset,
998 2209 1116 2265 instituit
1166 2208 1212 2278 qni
1235 2206 1261 2262 in
1277 2206 1406 2262 liniendis
1419 2206 1498 2262 istius
1516 2205 1618 2261 mensis
1628 2204 1779 2262 Antonium
1801 2214 1830 2263 ει
1847 2205 1961 2278 Cleopa·

320 2308 351 2356 ut
375 2311 473 2372 quarte
496 2315 603 2371 quoque
629 2314 701 2358 anno
723 2306 889 2371 sacerdotes
913 2305 959 2375 qui
984 2303 1116 2361 curabant
1167 2305 1237 2352 tram
1254 2296 1337 2363 uicit,
1358 2306 1386 2352 et
1408 2295 1551 2368 imper'tum
1574 2295 1665 2367 pepuli
1691 2296 1806 2353 Romani
1831 2296 1960 2354 firmarit.

320 2391 460 2447 mensibus
484 2405 516 2446 ae
531 2391 635 2457 diebus,
651 2407 734 2447 uuum
761 2394 952 2451 intercalarent
978 2395 1061 2461 «diem,
1083 2408 1116 2447 eo
1168 2388 1235 2443 Cum
1251 2397 1341 2444 animm
1364 2388 1478 2459 Augusti
1500 2402 1597 2442 nomen
1612 2386 1657 2442 ille
1679 2386 1740 2442 inde
1764 2388 1960 2458 assumpserit,

320 2482 426 2537 scilieet
439 2497 531 2537 mense
545 2497 577 2537 ae
591 2482 651 2538 loeo
664 2486 811 2555 quostiam
827 2486 898 2555 apud
922 2494 1027 2541 veteres
1039 2499 1114 2539 men·
1167 2498 1199 2536 eu
1216 2481 1448 2537 senatusconsulto
1471 2496 1592 2536 mensem
1611 2481 1646 2536 ob
1665 2482 1823 2537 memoriam
1848 2483 1889 2537 sui
1911 2499 1961 2539 uo·

320 2577 360 2632 sis
373 2577 598 2644 intercalabatur,
610 2577 637 2633 id
647 2585 699 2644 est,
710 2583 773 2633 aute
785 2577 904 2647 quinque
920 2575 1028 2631 ultimos
1038 2590 1116 2629 men·
1168 2589 1228 2628 naen
1253 2575 1304 2629 boe
1318 2574 1418 2629 babere
1443 2572 1535 2628 roluit.
1551 2572 1624 2629 bisc.
1648 2573 1806 2644 September
1829 2574 1901 2630 unde
1914 2590 1962 2631 ro·

320 2668 361 2726 sis
376 2668 517 2725 Februarii
537 2670 615 2736 dies,
641 2668 722 2739 idque
733 2667 884 2724 bissextum
902 2666 1009 2725 censuit
1028 2666 1117 2722 nomi·
1168 2664 1262 2719 catur?
1276 2662 1379 2720 bisoA
1397 2677 1520 2728 numero,
1537 2678 1570 2719 eu
1583 2664 1655 2735 quod
1674 2663 1709 2718 sit
1730 2663 1862 2735 septimus
1874 2665 1962 2721 imber

305 2760 453 2816 enaudum.
476 2760 549 2815 bisc.
566 2758 699 2815 blensium
716 2755 846 2815 voeabula
861 2764 926 2828 quot
943 2756 1030 2814 ruodis
1053 2771 1117 2812 eon·
1169 2773 1182 2810 a
1208 2755 1314 2811 blartio.
1339 2756 1412 2811 bisc.
1435 2755 1602 2812 octimbrem
1627 2769 1702 2827 ergo,
1721 2754 1916 2824 Nouembrem,
1934 2766 1963 2813 et

321 2860 407 2919 stam,
420 2861 448 2907 et
470 2852 540 2907 unde
562 2851 692 2922 originem
716 2848 895 2927 sumpserint,
909 2863 1024 2919 expone.
1046 2847 1116 2903 biso.
1169 2846 1345 2902 Decembrem
1363 2846 1435 2901 unde
1453 2844 1560 2916 judicas
1583 2859 1643 2902 esse
1666 2844 1770 2902 dictos?
1792 2845 1897 2902 bineli
1916 2863 1963 2904 nu·

321 2942 447 3011 Quatuor
460 2957 525 3014 ergo
537 2940 625 2998 modis
635 2955 742 2995 menses
757 2938 941 3005 nominantur,
953 2938 1005 2995 lroe
1017 2938 1118 2994 estsub
1170 2951 1245 2991 mero
1256 2936 1355 3008 quippe
1377 2936 1503 2991 similiter
1517 2946 1545 2992 et
1562 2938 1595 2992 ab
1610 2937 1706 3002 imbre,
1721 2937 1784 3006 quia
1797 2937 1839 2993 bis
1859 2945 1963 3009 tempo-

322 3032 413 3098 idolis,
429 3034 480 3088 sub
504 3031 596 3096 rebus,
620 3032 669 3087 sub
689 3030 806 3102 regibus,
831 3028 880 3086 sub
897 3028 1028 3085 numeris.
1044 3029 1117 3084 biso.
1171 3027 1246 3082 ribus
1257 3025 1359 3083 inrbres
1372 3034 1450 3082 terrae
1465 3026 1617 3083 iruminent.

322 3119 396 3191 Quot
416 3121 504 3177 niudis
527 3118 672 3175 lanuarias
695 3119 784 3176 dietus
810 3119 956 3176 estillic.
975 3117 1120 3175 ianuarius
1435 3136 1550 3194 cqpup
1570 3138 1687 3194 ιιιιιιιιΙ

322 3221 412 3270 autem
435 3213 538 3267 duobus
560 3211 647 3266 modis
669 3223 767 3266 nemen
790 3210 912 3282 aceepit,
937 3210 989 3265 boe
1009 3217 1069 3275 εει,
1086 3224 1119 3264 er
1337 3204 1376 3262 be
1391 3205 1530 3273 Kalendis,
1547 3208 1631 3264 lionis
1645 3220 1668 3264 et
1693 3208 1795 3267 idibus.

323 3306 396 3365 idolo
414 3315 442 3362 et
469 3318 507 3360 re.
530 3305 569 3359 Ex
594 3304 664 3359 idolo
686 3318 768 3375 erqo,
789 3305 841 3361 boe
855 3311 913 3383 est,
933 3317 966 3360 ex
988 3301 1058 3359 land
1079 3303 1120 3358 bi·
1208 3301 1280 3359 bisc.
1296 3302 1334 3357 be
1349 3300 1478 3358 lialeudis
1492 3316 1568 3373 erpo,
1584 3300 1668 3359 Nouis
1684 3312 1712 3358 et
1735 3302 1836 3369 idibus,
1854 3310 1916 3373 peto
1932 3313 1963 3358 ut

324 3398 423 3462 lronte,
447 3395 591 3452 simulacro
612 3395 736 3452 uidelicet
756 3393 816 3451 iani
840 3391 1012 3464 Epirotarum
1037 3391 1118 3464 regis,
1172 3391 1239 3450 mibi
1253 3391 1397 3449 edisseras.
1413 3390 1482 3449 blau.
1495 3391 1615 3449 Faciam.
1628 3390 1856 3466 Kalendaeerqoa
1869 3392 1963 3452 Graeea

323 3490 371 3560 qui
394 3498 552 3559 argumento
565 3487 718 3558 excogitato
738 3484 912 3557 semetipsum
926 3487 979 3557 igni
993 3487 1114 3551 tradidit,
1130 3490 1153 3552 C
1169 3485 1272 3559 origine
1298 3500 1397 3542 nomen
1420 3494 1576 3552 traxerunt;
1597 3485 1660 3557 quia
1683 3485 1742 3541 bolo
1761 3487 1872 3543 uerbum
1890 3487 1964 3545 Gru-

324 3587 353 3636 et
375 3595 411 3635 er
426 3580 477 3634 boe
502 3574 630 3633 Romanis
654 3577 795 3633 uictoriam
813 3576 927 3647 peperit.
949 3576 1056 3633 bilrons
1071 3591 1118 3630 au·
1171 3592 1233 3632 eum
1247 3585 1299 3644 est,
1315 3575 1342 3632 id
1358 3586 1410 3642 cst,
1425 3592 1501 3635 uoco.
1519 3575 1620 3634 Priscis
1632 3592 1698 3650 ergo
1717 3572 1884 3650 temporibus
1900 3595 1965 3651 peu-

324 3676 381 3723 tem
392 3663 453 3721 lani
468 3664 640 3721 simulacrum
658 3672 727 3731 erat,
741 3665 803 3736 quia
819 3678 852 3719 ex
868 3676 920 3718 una
935 3673 1012 3734 parte
1026 3663 1076 3718 riri
1091 3672 1119 3718 ct
1171 3666 1237 3723 uilici
1259 3667 1357 3724 minori
1382 3667 1440 3724 haee
1455 3667 1623 3738 providentia
1645 3669 1821 3740 delegabatur
1841 3679 1871 3726 ut
1889 3685 1966 3727 noras

324 3776 359 3817 ex
372 3759 458 3815 altera
472 3758 578 3815 lendum
592 3759 749 3815 adorabant.
763 3758 880 3829 indeque
894 3756 1052 3814 ianuarium
1072 3772 1119 3811 re·
1171 3757 1240 3814 iuna
1260 3757 1377 3839 primum
1398 3757 1556 3815 observaret
1577 3766 1726 3830 aspectum,
1744 3761 1833 3816 risum
1848 3761 1904 3832 regi
1922 3777 1966 3817 sa-

324 3859 459 3910 caremnt
478 3850 596 3925 bicipitis
608 3852 661 3908 diei
675 3866 794 3907 mensem
817 3849 1006 3922 respicientem
1027 3856 1118 3905 trans·
1171 3848 1292 3907 crillruio
1313 3850 1459 3907 nuntiaret.
1483 3851 1576 3922 ltaque
1600 3852 1765 3909 sacrilieioa
1786 3867 1849 3925 repe
1864 3860 1892 3909 ει
1915 3853 1965 3908 mi-

325 3947 379 4004 aeti
395 3945 458 4002 anni
480 3945 561 4001 linem
576 3958 608 3999 ac
625 3943 834 4014 prospicientem
857 3941 940 3997 laturi
956 3942 1020 3997 anni
1044 3942 1120 4012 priu-
1171 3962 1238 4007 nore
1262 3945 1390 4016 pontifice
1412 3945 1560 4011 cembrato,
1585 3946 1657 4002 idem
1673 3944 1795 4015 pontilex
1818 3944 1917 4011 calata,
1937 3943 1965 4001 id

325 4036 439 4108 cipium.
452 4033 517 4090 item
539 4033 685 4089 lanuarlus
701 4048 732 4090 ex
754 4047 783 4088 re
807 4032 916 4098 dicitur,
936 4046 969 4088 eo
990 4031 1061 4102 quod
1085 4032 1120 4086 sit
1171 4046 1228 4103 est,
1244 4044 1338 4092 uocata
1359 4036 1385 4090 in
1407 4033 1569 4104 Capitolium
1586 4034 1753 4103 plebeium
1767 4034 1871 4090 curiam
1892 4035 1966 4090 0212.

322 4125 408 4201 janua
424 4126 503 4192 anni,
526 4125 577 4180 boe
597 4133 652 4187 εει,
678 4123 848 4194 principium.
866 4122 939 4178 Drsc.
956 4120 1120 4178 Februarius
1171 4127 1259 4192 braun,
1281 4141 1341 4196 quae
1354 4139 1425 4179 case
1447 4123 1553 4178 Romuli
1567 4124 1690 4192 proxima
1704 4131 1756 4190 est,
1771 4131 1838 4196 quot
1851 4139 1965 4180 numero

306 4220 400 4277 'unde
413 4219 530 4278 eicitur?
543 4214 613 4274 blan
629 4217 669 4273 Ab
692 4215 762 4271 idolo
774 4223 801 4270 et
817 4229 853 4270 re.
869 4215 940 4270 bose.
964 4212 1121 4282 Quomodo?
1172 4215 1229 4271 dies
1249 4232 1264 4270 a
1280 4214 1405 4271 liniendis
1420 4213 1453 4268 ad
1469 4213 1560 4270 Nonas
1573 4225 1747 4285 superessent
1759 4216 1963 4287 pronuntiabat.

327 4310 400 4368 iliu.
413 4310 455 4366 Ab
469 4310 540 4365 idolo
554 4324 619 4381 erpo
642 4308 757 4373 Februo,
773 4306 825 4362 lroe
844 4313 903 4370 est,
926 4305 1051 4370 Plutone,
1074 4305 1119 4376 qui
1172 4306 1206 4362 Et
1219 4306 1364 4377 quintanas
1380 4303 1490 4376 quidem
1504 4306 1577 4360 dicto
1590 4306 1733 4376 quinquies
1747 4305 1830 4362 verbe
1843 4305 1913 4373 colo,
1926 4321 1965 4363 se

326 4401 518 4458 lustrationum
543 4407 639 4471 potens
660 4414 721 4455 esse
744 4414 758 4453 a
782 4397 926 4468 gentilibus
949 4394 1119 4460 credebatur,
1170 4397 1305 4468 ptimadas
1328 4396 1442 4467 repetito
1455 4396 1554 4468 septies
1569 4397 1741 4468 praedicabat.
1758 4397 1791 4452 Et
1805 4397 1876 4454 bane
1893 4398 1965 4454 diem

326 4492 493 4550 Februarius
504 4500 545 4548 εει
560 4492 724 4547 nominatus.
753 4488 876 4545 Lustrari
899 4487 971 4542 enim
982 4500 1014 4542 eo
1028 4501 1121 4544 mense
1172 4489 1218 4559 qui
1231 4504 1265 4544 ex
1283 4488 1326 4544 his
1346 4489 1442 4545 diebus
1461 4489 1507 4559 qui
1520 4488 1676 4546 kalarentur
1689 4489 1794 4560 primus
1807 4500 1890 4557 esset,
1906 4492 1967 4563 pla-

327 4585 466 4642 eiritatenr
480 4583 630 4638 Romanam
645 4595 756 4638 necesse
771 4588 905 4650 eratque
921 4585 1021 4633 statuta
1033 4576 1120 4647 jussa,
1173 4582 1228 4637 cuit
1241 4579 1375 4636 llalendas
1395 4581 1497 4636 uocari.
1510 4581 1543 4635 Et
1564 4581 1629 4636 bine
1648 4580 1698 4652 ipsi
1713 4581 1805 4647 eurise,
1825 4583 1860 4638 ad
1882 4599 1964 4654 quam

327 4678 447 4743 boeest,
467 4673 610 4739 sacrificia,
624 4673 676 4728 diis
695 4671 816 4726 blanibus
831 4669 976 4725 solverent.
990 4664 1054 4723 Sive
1071 4665 1121 4722 Fe·
1173 4670 1350 4736 uocabantur,
1375 4670 1499 4726 ilalabrae
1522 4685 1619 4726 nomen
1642 4671 1735 4727 datum
1757 4681 1815 4738 est,
1829 4681 1858 4729 et
1874 4673 1965 4741 classi,

328 4767 457 4825 bruarius
473 4765 562 4822 dictus
575 4773 617 4820 est
631 4780 646 4818 a
662 4762 746 4828 lebre,
762 4763 814 4818 bne
830 4769 911 4827 est,a
933 4759 1042 4832 frigore,
1059 4774 1121 4830 pru·
1173 4762 1246 4832 quod
1258 4761 1347 4818 omnis
1370 4761 1397 4817 in
1418 4776 1479 4816 eam
1493 4771 1638 4817 vocaretur
1652 4762 1776 4833 populus.
1800 4763 1863 4819 ideo
1877 4773 1965 4820 autem

327 4869 392 4933 pter
413 4858 541 4932 lriqidum
566 4867 671 4928 tempus
688 4857 771 4928 ipsius
794 4855 905 4912 mensis.
922 4854 993 4910 bisc.
1010 4851 1122 4908 blartius
1136 4864 1162 4924 ι)
1175 4853 1263 4910 minor
1281 4851 1402 4924 pontileu
1425 4867 1568 4910 numerum
1585 4854 1690 4910 dianam
1705 4855 1749 4924 qui
1770 4855 1805 4912 ad
1819 4854 1910 4912 Nonas
1922 4871 1967 4911 su-

328 4966 396 5023 ergo
417 4950 488 5006 unde
504 4949 611 5004 dietus?
634 4948 702 5003 blac.
725 4947 747 5001 A
768 4945 854 5002 biarte
876 4945 957 5012 idolo,
979 4944 1024 5014 qui
1043 4951 1121 5015 paler
1173 4956 1294 5018 peresset
1315 4946 1433 5004 kalando
1446 4947 1587 5017 prodebat,
1602 4948 1665 5019 quia
1688 4956 1860 5019 postneratn
1874 4947 1966 5003 lunam

329 5039 438 5099 Remuli
450 5048 479 5097 et
490 5038 619 5094 Romanas
637 5038 724 5109 geritis
736 5043 831 5093 auctor
846 5050 906 5092 esse
925 5035 1119 5091 aestimabatur.

329 5132 395 5190 Sive
409 5146 425 5186 a
439 5145 480 5198 re,
492 5130 544 5186 boe
559 5137 609 5195 est,
625 5130 754 5196 maribus,
768 5144 865 5185 nomen
882 5127 992 5183 blartius
1007 5128 1120 5198 aceepit.

330 5223 399 5280 Nam
415 5231 442 5279 ει
456 5237 489 5278 eo
505 5230 626 5293 tempore
648 5230 744 5278 cuneta
769 5222 915 5277 animantia
937 5230 1016 5277 terrm
1033 5235 1124 5276 mares

331 5317 488 5374 desiderant
502 5315 535 5371 ad
557 5314 751 5371 concumbendi
774 5314 946 5386 uoluptatem.
965 5313 1037 5370 bisc.
1058 5312 1122 5382 Qui·

330 5412 383 5470 bus
396 5409 483 5466 modis
497 5406 600 5480 Aprilis
614 5406 733 5464 dieitur?
746 5403 816 5462 linc.
830 5404 939 5461 iiuobus
955 5403 1051 5460 orodis.
1066 5403 1123 5461 Sub

330 5498 414 5565 idolo,
439 5499 465 5554 id
492 5507 535 5556 est
564 5496 686 5564 Venere,
715 5505 811 5562 matre,
838 5503 867 5550 ut
891 5493 992 5560 lerunt,
1019 5493 1122 5550 AEneae.

332 5591 418 5651 Alren
439 5581 516 5650 enim
535 5590 631 5652 Graec
652 5605 746 5662 spuma
764 5590 966 5659 interpretatur.
984 5586 1059 5643 Unde
1074 5585 1125 5642 ile-

332 5698 385 5739 nus
415 5691 473 5739 orta
508 5682 610 5739 crecdta
634 5688 690 5745 est,
714 5694 773 5752 qua
805 5676 898 5733 Afrilis
928 5677 984 5732 sive
1013 5674 1124 5733 Alrouia

333 5773 404 5846 apud
427 5772 537 5831 Grecos
559 5774 696 5829 nominata
716 5778 768 5825 est.
785 5768 818 5823 Ει
833 5767 883 5822 sub
899 5781 938 5833 re,
956 5765 1008 5820 boe
1024 5774 1075 5831 est,
1091 5764 1126 5820 ab

334 5865 497 5939 aperiendo,
514 5865 592 5937 quasi
617 5861 769 5937 apericulis.
795 5858 823 5913 ln
848 5856 900 5914 boe
922 5856 993 5912 enim
1020 5871 1124 5921 mense,

1175 5041 1315 5109 oportebat
1327 5039 1465 5096 Nonarum
1475 5039 1519 5096 die
1532 5038 1676 5110 populares
1688 5039 1735 5109 qui
1749 5038 1777 5095 ln
1788 5039 1862 5111 agris
1873 5045 1966 5095 essent

1175 5130 1311 5188 eorrduere
1333 5132 1360 5187 iu
1382 5133 1486 5196 urbem,
1503 5137 1664 5200 accepturos
1683 5145 1781 5187 causas
1800 5128 1928 5186 ieriarum
1950 5145 1965 5181 a

1176 5237 1240 5294 reqe
1255 5236 1405 5286 sacrorum,
1423 5222 1593 5291 sciturosque
1605 5221 1671 5291 quid
1683 5230 1757 5279 esset
1768 5235 1802 5277 eo
1817 5234 1910 5276 mense
1924 5215 1965 5272 ia-

1176 5313 1311 5371 ciendum.
1333 5311 1408 5369 Unde
1427 5311 1536 5382 quidam
1558 5312 1621 5368 binc
1640 5309 1731 5367 Nonas
1753 5311 1909 5366 existimant
1922 5307 1966 5361 di·

1176 5413 1246 5470 ctas,
1259 5401 1335 5474 quasi
1350 5416 1426 5456 rreum
1444 5400 1550 5457 initium
1564 5400 1772 5464 observationis,
1794 5397 1837 5454 rel
1850 5396 1913 5467 quia
1931 5395 1966 5448 ab

1176 5509 1210 5550 eo
1226 5493 1270 5549 die
1285 5506 1391 5562 semper
1405 5491 1440 5546 ad
1461 5488 1522 5545 idus
1544 5501 1605 5547 ocri)
1619 5491 1679 5546 dies
1697 5496 1866 5562 putarentur.
1881 5484 1966 5543 i‘orro

1176 5582 1239 5640 idus
1257 5597 1355 5638 uocare
1376 5580 1476 5653 placuit
1497 5580 1568 5637 diem
1591 5582 1637 5652 qui
1654 5577 1749 5636 diuidit
1770 5591 1901 5633 mensem.
1923 5573 1967 5631 lu·

1178 5676 1261 5732 (luere
1274 5674 1345 5731 enim
1358 5672 1469 5728 Etrusca
1491 5670 1580 5742 lingua
1594 5670 1715 5727 dividere
1728 5675 1779 5722 est.
1796 5665 1873 5723 Unde
1886 5663 1967 5718 vidua

1179 5765 1257 5837 quasi
1270 5763 1347 5820 valde
1361 5763 1433 5830 idua,
1457 5764 1546 5829 idest,
1561 5761 1636 5816 ualde
1656 5758 1751 5814 divisa.
1767 5757 1820 5817 Aqt
1833 5755 1924 5820 vidua,
1938 5753 1966 5809 id

1178 5864 1228 5922 εει,
1244 5872 1260 5911 a
1274 5854 1333 5911 uiro
1346 5853 1442 5912 diuisa.
1466 5848 1606 5908 Nonnullis
1619 5848 1709 5922 placet
1729 5847 1792 5903 ldus
1809 5847 1895 5903 dietas
1917 5860 1966 5900 ro·

334 5958 450 6014 remotis
470 5958 596 6023 nubibus,
621 5955 735 6028 pminis,
751 5968 783 6008 ac
805 5951 1012 6023 tempestatibus
1032 5948 1125 6006 biber·
1178 5948 1274 6004 cabulo
1286 5947 1381 6003 Graec
1394 5962 1410 6001 a
1424 5944 1524 6017 specie,
1537 5957 1598 6013 quae
1611 5939 1682 6013 apud
1697 5938 1757 5995 illos
1770 5938 1830 5994 idea
1844 5946 1965 6002 uocatur,

337 6055 392 6119 nis,
406 6049 619 6118 coelum„terrn,
635 6061 711 6103 nrare
731 6045 831 6109 nasutis,
854 6041 980 6116 agricolis
999 6049 1026 6096 ει
1046 6041 1127 6094 boro-
1180 6043 1250 6112 ‹prrod
1263 6055 1294 6096 ea
1310 6039 1353 6094 die
1365 6036 1470 6099 plenam
1488 6031 1681 6101 speeiemluna
1696 6031 1872 6088 demonstret.
1889 6025 1963 6083 bisc.
