4509 6850
591 639 765 701 collatur.
786 640 819 695 ΙΝ
836 640 996 697 titta'ttsttt.
1016 673 1051 682 -
1071 641 1133 696 tttt.
1154 641 1195 697 lll.
1647 641 1700 702 lm

215 773 312 825 mum.
337 773 452 830 euntque
475 761 557 815 luisse
580 759 664 814 hlittnr
684 759 789 829 Sephor
807 774 859 814 non
874 763 898 822 Λ
913 759 1058 825 sitiamus,
1074 763 1249 818 etrenditus.
1265 761 1317 815 .·lut
1331 775 1395 831 ergo
1415 763 1509 817 codena
1539 744 1610 819 aratro
1620 765 1701 835 supti-

215 867 258 921 ar,
279 854 326 910 aed
348 853 433 909 luisse
450 856 534 908 etiam
555 855 590 909 ihi
610 863 675 909 tune
694 853 777 909 illium
792 854 861 909 licor
912 867 956 906 ruo
971 852 1087 912 decimo.
1101 860 1147 907 ant
1159 853 1241 906 ctiam
1253 852 1390 922 aliquanto
1401 853 1486 923 major
1496 855 1569 908 teuit
1583 856 1608 909 iu
1620 855 1702 929 alay-

216 958 261 1000 toa
277 942 375 998 italae:
392 958 473 1013 auteur
485 943 593 997 Balaam
606 946 775 999 conduxerat
790 944 861 998 idem
911 952 986 1015 ptum
1001 959 1033 1000 ac
1043 957 1092 1015 per
1105 945 1157 1002 hoe
1174 946 1301 1000 utrolibet
1312 947 1392 1002 modo
1414 956 1554 1017 permanet
1577 951 1700 1018 quaestio.

215 1036 429 1093 maledicendum
443 1037 570 1107 populum
585 1036 677 1092 lsrael.
912 1032 1024 1090 sienim
1038 1036 1130 1091 decem
1142 1043 1170 1090 et
1184 1044 1287 1105 septem
1301 1041 1433 1091 annorum
1449 1037 1499 1092 luit
1514 1045 1576 1109 post
1587 1047 1702 1095 tttomcru

215 1139 283 1186 cast
296 1138 384 1183 astera
400 1128 473 1193 Belo,
493 1139 517 1182 et
533 1129 648 1198 rapuerit
669 1142 715 1198 pro
734 1142 765 1181 eo
779 1125 862 1181 lacni
912 1123 955 1178 avi
966 1124 1016 1188 sui,
1031 1117 1140 1194 qtrando
1157 1135 1234 1196 pater
1245 1126 1303 1196 ejus
1314 1133 1425 1181 centum
1444 1127 1537 1198 rigirrti
1558 1126 1619 1187 luit.
1638 1143 1703 1200 pro·

215 1221 274 1276 eda
285 1219 381 1284 Boura,
395 1227 447 1274 etc.
473 1219 549 1273 llune
562 1218 672 1287 quidam
691 1216 864 1286 suspicantur
913 1215 984 1271 lecto
997 1231 1068 1272 anno
1081 1218 1141 1288 elna
1151 1219 1286 1274 tricesimo
1298 1226 1413 1282 ctnuno,
1428 1220 1537 1288 quando
1549 1218 1633 1276 Jacob
1653 1235 1699 1275 rc·

236 1319 268 1368 at
287 1310 387 1375 iatine
401 1310 545 1364 uoluminis
565 1310 650 1379 ipsius
668 1307 789 1362 additum
809 1313 861 1361 cst.
914 1306 954 1359 nit
967 1305 1161 1378 inaegyptum,
1185 1315 1294 1362 centrum
1324 1308 1502 1379 quadraginta
1528 1308 1595 1365 duos
1617 1323 1703 1365 arruns

215 1397 295 1458 brat
309 1410 449 1461 asserunt,
471 1401 504 1454 dc
519 1398 627 1454 Nachor
639 1411 701 1453 cunt
717 1397 800 1465 stirpe
816 1407 862 1466 pe·
910 1394 986 1450 idern
1002 1394 1085 1452 Jacob
1099 1410 1181 1469 apere
1198 1397 1299 1452 debuit.
1327 1395 1390 1452 Fuit
1417 1405 1506 1452 autern
1529 1407 1593 1454 trtnc
1619 1397 1703 1455 laceb

223 1488 321 1564 trtjam
335 1503 416 1559 supra
430 1487 532 1542 dictum
546 1495 597 1542 est
914 1495 1021 1542 eentum
1036 1488 1156 1560 triginta,
1171 1503 1202 1544 ac
1213 1501 1262 1559 pcr
1273 1489 1323 1543 hoe
1336 1490 1358 1543 si
1369 1489 1461 1545 decem
1470 1497 1496 1545 et
1505 1499 1605 1561 septem
1619 1507 1704 1549 aano-

352 1579 587 1656 capacitati,
917 1594 974 1633 rutn
983 1577 1083 1649 loseph
1103 1580 1129 1634 in
1149 1579 1293 1651 AEpypttrm
1305 1587 1347 1635 est
1356 1582 1490 1648 recutitus,
1510 1593 1572 1638 ante
1601 1584 1702 1640 duode-

230 1671 270 1728 lle
283 1672 379 1743 loseph
391 1672 492 1725 samaria
509 1671 577 1742 quod
596 1672 705 1725 uiderat.
915 1669 968 1723 cim
983 1675 1068 1724 antros
1079 1683 1161 1740 quarn
1176 1678 1327 1725 rnorerctur
1349 1687 1415 1726 arus
1431 1670 1498 1739 citas,
1522 1673 1647 1729 venditus
1663 1674 1704 1728 in·

215 1761 424 1835 tmrr.)doseph
442 1776 501 1814 catat
512 1771 577 1816 caret
596 1761 707 1815 sedecim
723 1773 863 1821 cunctam.
915 1758 1032 1813 renitur.
1045 1758 1141 1815 Decem
1153 1764 1181 1815 ct
1193 1768 1295 1830 septem
1317 1762 1388 1817 enim
1412 1777 1543 1818 canturam
1567 1779 1626 1819 esse
1649 1779 1704 1821 arou

215 1869 306 1925 nepem
319 1867 376 1906 asar
389 1852 515 1923 [ratribus
528 1853 582 1907 asir
597 1851 683 1905 adhuc
693 1865 767 1920 puer.
793 1848 865 1917 Quo·
916 1852 1012 1922 potuit,
1028 1852 1080 1906 uisi
1094 1860 1158 1908 ante
1168 1853 1308 1909 duodecim
1323 1869 1409 1910 annos
1424 1855 1519 1910 mortis
1538 1855 1621 1920 isaac,
1637 1869 1703 1912 ccu-

215 1946 285 2002 acrit
305 1959 379 2000 mors
392 1944 479 2009 lsaac,
492 1944 586 1999 decem
607 1950 636 1997 et
663 1950 765 2013 septem
782 1954 866 1995 anno-
917 1941 1013 1995 tesimo
1029 1949 1055 1996 ct
1067 1948 1163 1997 octauo
1190 1957 1261 1998 antro
1279 1943 1365 2013 patris
1387 1944 1428 1999 sui
1455 1941 1548 2000 Jacob.
1571 1946 1618 2000 llis
1631 1945 1704 2002 enlm
1774 1945 1778 1951 '

215 2037 280 2094 mire
288 2034 387 2106 loseph
399 2036 457 2106 ejus
468 2043 605 2106 nepotem,
617 2035 799 2092 sicctuidetur
808 2041 866 2088 tan·
916 2047 978 2088 cunr
990 2032 1171 2103 adjecerimus
1180 2032 1273 2104 uiginti
1285 2033 1353 2090 duos
1365 2049 1459 2101 annos,
1486 2036 1585 2104 attilius
1604 2034 1703 2108 loseph

225 2127 319 2183 ordine
336 2126 477 2196 Scriptura
507 2132 618 2182 n'arrare
632 2144 639 2194 ;
654 2139 814 2195 (utrocunque
832 2139 864 2202 se
879 2117 902 2179 B
916 2136 1000 2192 usqne
1013 2122 1047 2175 ad
1060 2121 1205 2178 adrentum
1216 2123 1353 2193 patrissui
1369 2123 1422 2178 lutit
1435 2124 1462 2178 in
1485 2123 1612 2196 AEgppto,
1639 2125 1705 2181 licut

215 2221 353 2283 ehtcrtat,
368 2218 490 2272 invenire
507 2216 613 2273 difficile
630 2225 681 2272 cst.
699 2216 766 2271 Nolo
793 2215 864 2270 enim
915 2213 1003 2268 rotatis
1015 2212 1077 2267 anni
1090 2210 1190 2282 loseph
1203 2212 1312 2284 triginta
1328 2225 1435 2279 norem,
1452 2213 1572 2271 etlacob
1596 2225 1704 2273 centurn

216 2322 322 2378 apassc
339 2308 463 2372 irneuiri,
491 2323 525 2362 no
551 2306 620 2362 lorte
638 2322 682 2362 nte
695 2306 779 2378 fngiat
793 2307 865 2376 qnod
916 2302 1036 2373 triginta,
1051 2309 1080 2357 et
1094 2301 1166 2357 nulia
1181 2303 1233 2358 ecit
1258 2303 1381 2373 quaestio.
1405 2303 1457 2360 Scri
1480 2306 1606 2376 quoniam
1633 2308 1706 2364 Scri·

215 2413 225 2452 r
243 2396 321 2470 tagit.
338 2398 366 2453 si
377 2399 450 2453 enim
465 2405 526 2467 post
540 2399 707 2453 ntortemaui
720 2397 762 2453 sui
780 2397 865 2461 isaac,
915 2401 994 2463 ptura
1004 2400 1186 2464 postmortem
1194 2392 1270 2450 isaac
1282 2394 1333 2465 ista
1343 2395 1475 2461 narrarit,
1487 2396 1704 2469 putatnrloscph

222 2496 325 2558 septem
344 2502 476 2541 annorum
488 2487 537 2541 luit
548 2486 659 2558 loseph,
684 2489 791 2559 parando
804 2501 866 2542 euru
916 2495 977 2554 post
991 2484 1110 2555 ejusaem
1124 2485 1168 2540 ari
1179 2485 1221 2540 sni
1236 2493 1360 2551 mortem,
1377 2483 1469 2542 decern
1489 2496 1516 2541 et
1540 2496 1642 2559 septena
1658 2505 1706 2542 au·

225 2576 371 2649 Egyptam
384 2578 675 2649 rcutlidcruttt‚procul
688 2578 807 2634 dnbioet
820 2591 868 2647 pa-
916 2592 1013 2633 nomm
1047 2575 1139 2632 luisse.
1167 2575 1337 2648 Quapropter
1357 2577 1561 2650 intelligamus,
1589 2582 1623 2636 de
1651 2582 1704 2636 rita

215 2667 350 2738 ,septimo
363 2667 468 2721 decimo
486 2667 533 2721 lilii
546 2668 588 2722 sui
602 2682 672 2721 anno
684 2666 791 2737 loseph,
804 2682 868 2722 ceu-
917 2668 1000 2732 lsaac‚
1018 2675 1147 2737 tanquam
1161 2667 1275 2723 multum
1285 2666 1414 2739 decrepiti
1426 2670 1484 2725 scai
1501 2671 1617 2726 tacuisse
1632 2671 1706 2727 Scri·

215 2757 383 2814 tianaorum
399 2757 459 2811 luit,
479 2757 578 2813 Genuit
601 2766 692 2812 autem
717 2772 765 2813 ens
781 2758 865 2823 isaac,
916 2755 1334 2829 pttrraur,camdelacobctejus
1347 2758 1650 2830 liliislotpneretunsiuo
1663 2770 1704 2816 tu·

215 2859 364 2904 :annorum
378 2848 528 2920 sexaginta,
542 2848 612 2903 sieut
625 2848 755 2917 scriptum
766 2846 869 2901 est.l¹t'-
918 2863 978 2905 meu
990 2848 1074 2916 isaac,
1083 2849 1175 2905 decern
1188 2855 1216 2905 et
1226 2858 1328 2920 septem
1343 2864 1473 2906 annornm
1490 2864 1552 2908 esse
1564 2853 1645 2924 empit
1657 2852 1704 2909 lo·

216 2950 373 3011 mapattea
389 2950 491 2993 centum
511 2941 602 3009 uipiati
613 2956 706 3003 aanor,
720 2939 783 3009 prtia
805 2953 866 2992 ceu·
918 2940 995 3009 seph.

215 3030 278 3096 tituta
288 3039 406 3084 arortcrts
420 3038 467 3083 cst.
478 3030 582 3085 ideirco
593 3030 700 3099 reliquit
714 3029 784 3083 tilius
802 3043 866 3084 een·
953 3031 987 3085 et
1003 3038 1059 3086 erat
1071 3046 1131 3086 errat
1145 3030 1208 3102 illlis
1221 3029 1296 3085 Bata
1312 3040 1336 3086 et
1360 3027 1467 3103 Zelplta
1488 3047 1599 3089 aceram
1623 3033 1706 3104 patria

215 3122 251 3178 ati
269 3137 355 3178 annos
374 3123 486 3188 babens,
506 3131 533 3176 ct
545 3120 643 3192 loseph
658 3122 751 3177 deccat
763 3129 791 3177 et
804 3135 865 3192 sup·
916 3123 958 3176 atti
970 3138 980 3188 ,·
991 3122 1173 3194 accusavitque
1191 3122 1287 3192 [ratres
1306 3138 1366 3177 suot
1387 3122 1457 3195 epod
1475 3129 1575 3194 patrem
1598 3124 1706 3178 camiac

215 3214 254 3286 pit
268 3221 359 3269 autem
378 3215 503 3284 quoniam
524 3212 575 3268 suit
591 3213 701 3284 triginta
722 3226 866 3279 annorum,
916 3213 1137 3285 pertimebant
1157 3221 1243 3268 antem
1257 3212 1381 3284 dilipebct
1409 3213 1506 3283 loseph
1524 3229 1604 3287 saper
1616 3231 1705 3270 caruca

215 3305 321 3376 pparait
332 3305 358 3358 iu
369 3313 514 3374 conspectu
529 3303 688 3367 Pharaonis,
707 3303 791 3358 secuti
804 3312 867 3356 stant
917 3304 985 3375 phoa
997 3321 1070 3372 scos,
1081 3320 1112 3360 eo
1123 3305 1193 3377 qaod
1205 3306 1233 3359 iu
1245 3314 1375 3360 senectute
1388 3308 1517 3377 persistet
1535 3322 1604 3362 eram,
1619 3305 1707 3362 Fecit·

215 3396 362 3465 alemanni
384 3394 515 3451 ubertatis
536 3402 564 3450 et
591 3394 645 3450 duo
666 3394 756 3462 tarnis,
781 3394 867 3450 doucc
917 3411 966 3468 quta
991 3396 1016 3450 ει·
1048 3395 1163 3451 tualeam
1192 3393 1464 3467 polymitamlaseph
1480 3396 1706 3453 unusexduoslc·

215 3498 279 3545 ater
299 3504 359 3545 cunr
384 3488 512 3544 fratribus
537 3488 632 3553 renit;
650 3488 759 3559 triginta
770 3500 865 3543 norem
879 3480 901 3542 C
917 3489 969 3543 cim
981 3486 1145 3556 tiliislacob,
1156 3501 1236 3558 quem
1251 3495 1393 3558 paterprae
1407 3488 1514 3544 catoris
1525 3488 1619 3545 dilexit
1633 3488 1706 3555 liliis,

215 3582 404 3649 auuosagehat
418 3579 527 3650 loseph,
546 3578 653 3648 qtrando
671 3575 754 3633 Jacob
783 3578 866 3631 intra·
917 3576 1054 3634 Christum
1068 3577 1211 3633 Dominam
1226 3577 1361 3649 ligarunt,
1384 3593 1463 3649 quern
1479 3576 1641 3636 beusPater
1664 3595 1708 3637 sc·

215 3678 286 3726 tam.
303 3670 377 3724 Tunc
391 3679 481 3724 autern
491 3668 584 3734 iacob,
597 3668 723 3738 quodorc
737 3664 865 3722 suumra-
916 3668 1034 3724 cundum
1048 3681 1158 3724 earnem
1172 3674 1276 3734 natum,
1290 3669 1396 3724 caeteris
1407 3668 1535 3725 iratribus
1546 3686 1578 3727 ex
1591 3669 1707 3727 Abrahae

215 3762 242 3829 tt.
254 3762 430 3817 centesimum
445 3769 472 3816 et
495 3761 661 3830 trigesimum
685 3774 784 3813 anntrrn
803 3772 867 3829 apa·
916 3758 1000 3828 stirpe
1013 3758 1162 3830 progenitis
1175 3759 1303 3830 pretulit.
1317 3758 1408 3831 (isid.)
1420 3758 1496 3816 Unde
1508 3768 1535 3816 et
1545 3762 1581 3817 ibi
1594 3763 1705 3819 dicitur:

215 3868 239 3919 a,
254 3865 360 3911 ceratum
375 3863 465 3908 autern
484 3861 511 3908 ct
522 3853 614 3924 uiginti
639 3850 731 3916 Jacob,
757 3852 866 3922 qtrandn
917 3849 1028 3906 Amabat
1039 3868 1097 3905 eatur
1106 3849 1200 3917 lacot,
1210 3867 1240 3907 eo
1250 3851 1319 3922 quod
1328 3852 1355 3906 in
1363 3862 1492 3908 senectute
1501 3855 1704 3924 penaisaetettnr.

216 3958 242 3999 m
256 3954 285 4001 ct
296 3952 398 4014 septem
408 3942 522 4014 loseph:
538 3944 609 4014 quand
621 3957 781 3998 rerunresse
794 3943 867 3998 attilo
918 3937 1081 3996 Senescente
1093 3939 1165 3995 caina
1181 3942 1291 4007 mundo,
1307 3939 1467 3998 illucescens
1478 3943 1525 3998 hei
1546 3944 1630 3999 Filius
1658 3961 1708 4015 pcr

216 4045 269 4093 cst.
285 4036 313 4091 st
332 4038 403 4091 enim
423 4037 527 4092 decimo
540 4037 692 4106 etseptimo
712 4050 783 4091 anno
805 4035 868 4090 ritae
918 4032 1008 4089 Marta
1021 4033 1133 4104 uirginis
1144 4041 1261 4103 partum,
1276 4046 1353 4089 senas
1364 4034 1472 4089 aduenit
1488 4042 1615 4104 tanquam
1636 4036 1707 4091 lulius

216 4130 283 4187 acob
300 4139 408 4185 centum
426 4138 454 4185 et
464 4131 558 4202 uiginti
570 4135 672 4201 ageret,
687 4128 868 4200 proculdubio
918 4128 1064 4182 senecintis
1078 4128 1225 4182 seeundum
1236 4137 1434 4183 sacramentnm
1446 4128 1563 4197 suscepti
1576 4129 1706 4199 corporis,

215 4231 259 4283 ret
269 4238 340 4281 nono
354 4237 424 4279 arum
436 4221 547 4293 loseph,
564 4230 734 4279 noneeatum
747 4223 865 4296 triginta,
918 4218 962 4291 qui
977 4226 1036 4276 erat
1048 4225 1112 4275 ante
1125 4217 1195 4275 sicut
1209 4230 1315 4290 semper
1334 4218 1407 4290 apud
1417 4216 1535 4275 Patrem.
1552 4217 1638 4286 Fecit,
1665 4218 1708 4274 in·

216 4330 243 4371 ru
256 4324 286 4371 et
296 4316 481 4386 quadraginta,
497 4325 524 4371 et
537 4317 604 4371 daos
615 4332 709 4383 anuos,
734 4329 814 4389 agere
828 4317 867 4372 tn·
918 4310 986 4381 quit,
1001 4311 1025 4365 ei
1039 4310 1158 4366 tunicam
1172 4311 1340 4384 polymitam,
1355 4310 1444 4377 idest,
1458 4311 1567 4366 caricum.
1588 4311 1641 4367 Pro
1661 4326 1707 4365 ra·

216 4404 322 4465 *iacob
336 4406 461 4462 Siautern
474 4408 517 4462 dic
528 4409 622 4462 mortis
649 4408 735 4473 lsnac,
747 4409 866 4463 nundum
919 4401 958 4456 ria
976 4401 1065 4455 tunica
1082 4400 1179 4472 Aquila
1191 4401 1384 4472 interpretatus
1397 4414 1438 4456 est
1452 4401 1570 4456 tunicam
1580 4404 1710 4480 ἀστραγά·

215 4510 282 4555 tram
296 4498 388 4555 deceta
399 4509 426 4553 et
437 4507 538 4569 septem
555 4497 664 4570 loseph,
677 4502 723 4556 scd
749 4501 869 4571 alitpuan-
917 4495 993 4559 leura,
1007 4493 1033 4548 id
1047 4500 1097 4557 est,
1113 4492 1235 4548 talarem.
1252 4492 1442 4565 Symmachus,
1459 4492 1579 4548 tunicam
1593 4494 1710 4548 uranica-

215 4600 268 4646 tore
287 4599 475 4660 postmortem
490 4590 592 4657 avisari,
607 4592 639 4645 au
658 4591 800 4660 septimum
821 4592 868 4646 (te-
918 4593 983 4649 tam,
995 4584 1052 4639 sire
1070 4581 1141 4655 quod
1152 4582 1186 4638 ad
1204 4583 1273 4639 talos
1288 4599 1372 4654 usque
1388 4585 1574 4650 descenderet,
1600 4594 1628 4639 et
1650 4601 1708 4639 nra·

215 4679 312 4735 euenit
320 4694 491 4749 anuum,quo
502 4696 583 4746 aranu,
592 4679 730 4751 Scriptura
741 4688 866 4747 testante,
918 4676 999 4731 nibus
1022 4672 1134 4729 artiheia
1160 4674 1228 4729 mira
1247 4680 1320 4729 esset
1340 4672 1471 4729 varietate
1486 4674 1630 4740 distincta;
1654 4674 1710 4729 sire

215 4781 268 4828 tam
279 4779 322 4828 test
335 4787 351 4826 a
365 4771 494 4827 iratribus
504 4773 639 4839 venditus,
657 4771 773 4843 pluriam
785 4771 866 4827 ctiam
919 4768 990 4838 qttod
999 4766 1111 4823 haberet
1121 4766 1251 4821 manicas.
1261 4765 1373 4838 Antiqui
1390 4766 1462 4822 enirn
1487 4767 1574 4840 magis
1587 4767 1709 4825 collobiis

215 4867 283 4917 tlara
297 4861 476 4932 quadraginta
489 4863 602 4916 duorum
614 4876 746 4916 annorum
758 4863 867 4918 essede-
881 4840 906 4899 Ῑ)
919 4856 1074 4913 tutabantur.
1090 4854 1193 4913 Tunica
1207 4863 1298 4912 autem
1309 4856 1451 4927 polymita,
1461 4873 1543 4928 quant
1557 4857 1622 4913 lecit
1632 4858 1710 4928 cipa-

215 4950 309 5020 reittt.
323 4951 430 5020 quantia
441 4958 482 5004 cst
495 4949 579 5003 hlium
595 4950 621 5003 ia
635 4948 779 5021 AEgypturn
800 4966 866 5005 con·
920 4957 971 5012 ter,
986 4947 1134 5003 seeundum
1144 4946 1310 5019 allegoriam,
1328 4947 1489 5002 uarietatem
1502 4948 1661 5019 populorum
1676 4965 1709 5004 er

215 5038 352 5110 Scriptum
369 5039 467 5109 quippe
481 5049 654 5108 posteaquam
674 5038 796 5092 narravit
821 5052 868 5092 aa·
919 5040 1045 5095 omnihus
1061 5040 1185 5112 gentibus
1209 5040 1238 5097 in
1256 5054 1369 5113 corpora
1392 5039 1493 5098 Christi
1511 5052 1709 5115 congregatam,

215 5128 361 5185 cattinum
375 5128 457 5191 isaac
479 5130 655 5184 centesimum
681 5136 708 5184 et
733 5128 868 5201 octogesi-
920 5130 1089 5202 significarit.
1100 5130 1167 5187 item
1183 5129 1235 5187 alio
1249 5128 1449 5203 modolosepb
1462 5131 1507 5202 aui
1528 5132 1599 5188 iuter
1612 5132 1711 5188 iratres

222 5217 630 5290 &amorremaesspnhuram
645 5219 870 5275 octateuchus
919 5223 1044 5279 undecim
1056 5220 1187 5292 amasae
1206 5220 1287 5278 taem
1308 5219 1397 5291 justus
1410 5222 1710 5293 perseverasscdescu-

216 5309 442 5379 quenadmodum
454 5325 579 5381 egr-assus
592 5317 665 5365 esset
688 5310 757 5364 Esau
783 5310 868 5365 aira·
918 5314 1000 5378 bitur,
1015 5312 1087 5367 solus
1109 5310 1220 5366 talarem
1244 5312 1363 5367 tunicam
1390 5312 1518 5368 babuisse
1544 5311 1709 5382 perhibetur.

215 5408 309 5455 atcrra
324 5398 452 5454 chanaan
476 5401 502 5453 iu
523 5409 614 5455 tuente
642 5400 711 5465 Scir,
728 5409 755 5455 et
777 5408 869 5456 coute-
919 5406 988 5472 Quid
1015 5413 1133 5476 estersso
1146 5403 1414 5469 talarittunica,nisi
1430 5404 1501 5460 actio
1514 5411 1708 5459 consummata.

215 5491 435 5545 memorationem
451 5505 543 5559 regatur
567 5497 594 5543 et
616 5491 766 5559 principatu
781 5488 869 5560 gentis
920 5494 1022 5565 (drap.)
1036 5495 1117 5560 Quasi
1143 5494 1217 5549 enim
1241 5508 1374 5564 propensa
1387 5494 1477 5550 tunica
1491 5494 1574 5548 talum
1589 5490 1710 5564 corporis

215 5596 229 5637 a
251 5595 305 5654 qna
330 5598 359 5638 se
379 5583 529 5646 constituit,
557 5582 597 5635 vul
620 5598 700 5651 qtraru
712 5581 870 5651 propagarit
920 5585 1125 5654 cooperit,ctrua
1147 5582 1218 5639 bona
1232 5585 1302 5640 actio
1315 5585 1435 5639 anteDei
1456 5583 1559 5649 oculos,
1581 5586 1710 5655 usquead

215 5678 243 5731 Ι
253 5675 501 5731 beuuarrattnuru
517 5673 551 5726 dc
563 5672 661 5742 loseph
673 5673 712 5727 sic
722 5674 811 5726 intulit
826 5672 868 5726 di·
921 5678 984 5731 ritae
994 5677 1139 5731 terminum
1154 5691 1204 5731 nos
1216 5676 1292 5746 tegit.
1309 5674 1385 5731 llndc
1399 5682 1426 5731 et
1438 5689 1487 5746 per
1497 5673 1710 5745 bloysemcauda

215 5763 317 5820 waiet
327 5763 411 5819 iacob
427 5766 454 5817 t'n
468 5774 538 5818 tarra
550 5762 686 5819 channaa.
719 5763 764 5817 lla
777 5772 867 5818 autern
922 5766 1016 5821 hostia
1031 5766 1057 5821 in
1068 5764 1148 5820 altari
1159 5762 1252 5820 ollerri
1263 5763 1427 5834 praecipitur,
1451 5772 1482 5817 ut
1492 5763 1617 5820 uidelicet
1630 5776 1711 5819 outae

215 5868 262 5910 ff!
271 5852 364 5918 imit.
373 5853 570 5924 lwhhdeoeffi
582 5860 608 5907 θῑ
622 5863 724 5922 stlitem
736 5869 867 5908 annortun
920 5857 1019 5913 bonurn
1033 5856 1104 5929 quod
1113 5856 1266 5928 incipimus,
1279 5855 1362 5911 etiam
1375 5853 1559 5925 perseveranti
1574 5852 1711 5910 draccum·

215 5956 341 6001 macana
364 5945 491 6000 iratribus
514 5960 587 5999 oves.
611 5945 711 6000 Deinde
741 5956 868 6000 narratur
920 5950 1050 6021 plearuus.

215 6038 352 6105 animum,
367 6039 590 6107 qunnalntcdum
605 6038 714 6093 odiosus
740 6035 867 6092 iratribus
962 6038 1082 6095 l'ideutcr
1105 6051 1193 6096 autam
1221 6040 1314 6096 fratrer
1339 6038 1407 6110 ejas,
1435 6038 1504 6112 qood
1525 6047 1633 6112 epatre
1646 6034 1706 6110 piat
