4509 6850
283 615 322 677 73
656 629 662 641 ·
958 603 1229 675 PROLEGOllEb'A.
1884 608 1920 665 'll

284 743 329 791 aar
342 727 477 792 infirmos,
487 725 650 795 omninoque
662 723 774 788 debiles,
786 722 927 779 sumebant
940 722 967 776 in
977 720 1077 786 cibum,
1092 727 1119 783 ,t
1167 717 1227 774 liox
1242 717 1314 773 cuim
1327 726 1356 773 ut
1369 733 1455 776 annos
1477 717 1600 790 pueritie
1621 721 1768 790 superavit,
1790 737 1821 781 se
1833 730 1919 784 toturn

285 835 338 878 uec
353 815 434 887 buius
456 814 549 870 mundi
570 814 754 885 voluptatibus
768 814 923 869 utebantur.
940 811 1022 866 Panis
1035 825 1081 867 eo-

284 929 347 969 rum
360 908 510 967 cribrarius
522 914 582 963 erat
592 915 620 960 ct
633 905 770 972 nisticus;
787 902 866 969 labae,
882 905 951 973 pisa,
968 910 996 957 et
1007 901 1080 957 olera

285 1001 376 1063 cibus,
390 1010 461 1068 aqua
472 993 515 1047 vel
528 992 642 1048 cervisia
651 1000 742 1072 potus.
750 991 884 1046 livebant
896 990 931 1046 de
945 989 1083 1045 laboribus

288 1104 419 1143 alannum
434 1101 558 1150 suarum,
583 1083 653 1139 sicut
672 1083 729 1138 veri
746 1083 831 1153 patris
845 1081 929 1138 nostri
943 1079 1081 1136 Benedicti

287 1193 419 1250 sequaces
431 1185 459 1232 et
477 1174 687 1240 monachicum
702 1172 789 1228 nullos
803 1187 837 1228 eo
850 1181 971 1242 tempore
985 1171 1012 1226 in
1026 1184 1083 1226 mo·

286 1267 408 1324 lanterio
433 1280 527 1321 serios
552 1264 774 1336 permitterentur
799 1263 899 1318 babere
928 1260 1081 1318 saeculams.

287 1358 356 1412 Nam
368 1356 499 1427 quidquid
514 1354 604 1425 operis
623 1353 772 1410 necessarii
797 1353 950 1409 iaciendum
971 1353 999 1409 in
1025 1367 1084 1408 mo·

290 1449 414 1506 nastcrio
427 1446 619 1503 claustralibus
637 1444 813 1512 occurrisset,
834 1460 887 1501 uon
901 1443 1081 1511 secularium,

287 1543 334 1597 sed
353 1540 481 1596 manibus
499 1536 580 1593 fiebat
597 1536 801 1592 monachorum.
824 1535 925 1593 Omnes
941 1548 1005 1591 tunc
1022 1551 1082 1592 mo-

288 1633 368 1689 uncbi
393 1632 429 1688 ad
455 1630 612 1686 monastice
635 1629 734 1700 regular
749 1630 895 1700 puritatem
915 1628 1007 1683 vivere
1028 1635 1084 1683 sat-

287 1723 417 1795 agebant,
438 1722 465 1776 in
481 1719 616 1775 communi
630 1720 680 1773 sub
696 1720 775 1774 unius
789 1717 937 1774 directione
954 1716 1083 1787 pastoris,

289 1816 317 1870 in
335 1830 398 1870 nera
419 1820 589 1885 paupertate,
615 1811 673 1865 sine
696 1810 800 1882 peculio
814 1810 969 1867 castitatem
986 1808 1084 1865 mentis

288 1917 315 1963 ct
329 1906 454 1977 corporis
466 1902 658 1958 inviolabiliter
672 1910 882 1968 conservantes,
906 1899 1084 1972 omnipotenti

289 2000 345 2054 beo
370 1997 400 2052 in
425 1994 555 2050 fraternae
580 1993 723 2048 eharitatis
747 1992 854 2048 vinculo
881 1989 1084 2048 serviebanto

1133 810 1231 866 divinis
1248 810 1412 880 mancipavit
1431 810 1588 881 obsequiis,
1607 813 1634 867 in
1649 812 1763 869 ecclesia
1781 812 1921 887 frequens,

1133 903 1161 957 iu
1171 902 1258 958 ›cboro
1271 902 1441 973 psallentium
1455 903 1589 969 asnduus,
1605 912 1633 959 et
1647 903 1705 961 sine
1719 906 1846 963 vanitatis
1857 917 1921 963 stota

1134 993 1161 1047 in
1181 992 1292 1048 servitio
1312 992 1418 1047 Domini
1436 993 1590 1064 singularis.
1607 993 1701 1049 Nullus
1727 997 1922 1052 monachorum

1134 1082 1204 1137 inter
1216 1082 1381 1137 carmardam
1396 1090 1424 1138 ct
1435 1082 1577 1154 legendum
1595 1083 1641 1140 illo
1656 1083 1708 1139 iuit
1720 1085 1849 1153 alacrior,
1863 1086 1924 1142 nul-

1133 1171 1175 1226 lus
1188 1172 1222 1226 ad
1233 1172 1414 1228 obedientiam
1436 1174 1573 1228 seniorunt
1587 1174 1659 1228 iuter
1668 1190 1763 1231 ornnes
1776 1178 1924 1248 promptio-

1134 1278 1190 1318 rem
1219 1279 1248 1319 se
1266 1279 1384 1333 uuquam
1404 1265 1536 1319 exhibuit.
1553 1265 1636 1320 Deum
1662 1281 1728 1335 pura
1752 1268 1851 1323 riseritis
1868 1268 1924 1324 ele·

1134 1354 1241 1407 vatione
1263 1367 1370 1423 semper
1392 1355 1494 1409 amavit
1516 1358 1727 1424 superomnia,
1754 1356 1831 1428 cujus
1850 1358 1924 1414 ordi·

1134 1442 1281 1498 natissimae
1308 1443 1437 1498 voluntati
1464 1444 1593 1513 quidquid
1620 1454 1760 1516 acceptum
1787 1458 1923 1515 troverat,
1943 1477 1975 1525 „-

1135 1529 1246 1600 implere
1266 1546 1371 1586 summo
1384 1540 1481 1587 conatu
1503 1536 1653 1605 satagebat.
1667 1535 1707 1589 Ea
1720 1551 1794 1601 vero,
1809 1552 1868 1606 quae
1881 1537 1950 1618 “te

1135 1628 1204 1682 vinae
1217 1627 1350 1683 voluntati
1371 1628 1465 1685 didicit
1486 1644 1546 1684 esse
1569 1631 1721 1697 contraria,
1744 1647 1882 1702 nunquam
1897 1632 1924 1687 in

1135 1720 1224 1776 cordis
1237 1721 1415 1792 ergasterium
1429 1723 1535 1778 censuit
1553 1722 1730 1779 admittenda.
1752 1723 1849 1780 lientis
1870 1740 1926 1781 suae

1135 1812 1242 1867 oculum
1270 1828 1287 1867 a
1311 1813 1466 1884 pulveribus
1498 1822 1611 1869 terrenae
1641 1815 1796 1885 cupiditatis
1827 1832 1926 1885 parurn

1135 1905 1280 1959 custodivit
1290 1914 1318 1960 et
1331 1906 1478 1970 mundum,
1494 1914 1575 1976 atquae
1598 1907 1624 1961 in
1648 1908 1736 1962 medio
1752 1906 1926 1963 confratrum
1994 1975 2017 1986 ⁴,

1136 2011 1246 2051 suorum
1268 1998 1340 2052 umeri
1363 2005 1484 2068 tempore
1508 1999 1566 2053 sine
1590 1998 1738 2055 oliensione
1762 2001 1880 2055 vivebat.
1897 2001 1926 2057 ln

289 2088 352 2143 telis
377 2095 461 2151 aetas,
480 2094 509 2141 et
531 2094 651 2156 tempora
669 2083 879 2140 charismatibus
895 2082 982 2137 sancti
998 2080 1083 2152 5ρίτὶ-
1096 2083 1120 2143 Β
1133 2088 1258 2143 oratione
1272 2098 1365 2144 sancta
1383 2104 1451 2159 pene
1466 2088 1517 2145 iuit
1534 2090 1688 2156 continuus,
1713 2090 1739 2145 in
1757 2090 1874 2147 lectione
1887 2092 1927 2147 di-

289 2189 334 2233 tus
345 2177 452 2233 abunde
472 2162 619 2240 fructuosa,
644 2175 753 2246 quando
767 2173 918 2231 claustralis
933 2174 994 2229 vitae
1014 2187 1077 2242 pro-

288 2266 408 2323 fessores
420 2274 499 2321 erant
515 2265 609 2337 optimi
623 2264 740 2321 etomoi
758 2265 855 2321 decore
866 2264 993 2319 virtutum
1005 2262 1080 2318 miri-

288 2358 342 2412 fice
354 2355 442 2411 ornati
457 2365 486 2412 et
500 2355 604 2425 prediti
617 2356 625 2409 l
645 2354 692 2410 llis
705 2354 771 2409 viris
793 2355 821 2410 in
837 2353 1000 2408 niuriasterio
1018 2351 1081 2407 l'ul-

287 2450 368 2504 densi
390 2449 443 2504 vita
466 2457 494 2503 et
522 2447 728 2502 conversatione
754 2445 932 2501 sanctissimis
953 2444 1082 2501 dubanus

289 2558 360 2612 puer
369 2542 458 2597 divina
470 2541 641 2595 ordinatione
657 2538 825 2608 conjunctus,
850 2537 997 2592 venerabili
1022 2536 1082 2591 cui·

287 2636 353 2687 «tarn
382 2632 517 2687 monacho
533 2631 649 2697 seniori,
668 2630 815 2702 liatbgario
835 2631 954 2696 nomine,
970 2630 1083 2685 scientia

287 2726 463 2790 litterarum,
477 2731 505 2777 et
518 2723 619 2778 sanctis
634 2723 754 2778 movibus
769 2721 928 2778 imbuendus
937 2722 1083 2777 committi-

288 2829 358 2884 tur,
374 2832 390 2869 a
403 2832 458 2885 quo
475 2815 681 2886 diligentissime
705 2815 738 2869 ad
753 2815 855 2885 optima
874 2829 988 2883 quaeque
1000 2811 1084 2867 iniur-

286 2918 393 2963 iuratur.
411 2907 493 2961 Bonae
505 2922 612 2977 quoquc
626 2906 810 2976 dispositionis
823 2922 900 2976 puer,
922 2905 1022 2961 bonum
1041 2921 1085 2961 as·

289 3009 404 3055 secutus
422 2998 582 3062 doctorem,
607 2997 698 3052 diviua
723 2997 896 3052 miseratione
921 2996 1084 3069 atliuvsnte,

290 3107 356 3146 ntor
370 3100 471 3147 mnetae
481 3092 696 3148 conversationis
709 3092 863 3162 primordia,
873 3098 1004 3162 quantum
1020 3098 1087 3148 rems

289 3182 338 3236 iila
352 3182 486 3252 permisit,
493 3183 561 3238 bene
576 3181 722 3247 inchoavit,
735 3182 763 3236 in
774 3181 923 3252 arctiusque
935 3180 1087 3237 successive

286 3273 435 3343 perduxit,
465 3280 492 3327 et
520 3274 622 3341 optimo
646 3271 754 3326 tandem
778 3271 832 3326 bne
865 3272 1071 3326 consummavit.

326 3364 428 3418 Postea
441 3377 598 3434 veroquam
611 3378 712 3417 atinum
733 3371 838 3418 matum
857 3362 991 3418 det-imunt
1008 3378 1083 3418 corit-

1129 2178 1254 2233 vinarnnr
1281 2178 1484 2249 seripturarum
1507 2180 1566 2235 sine
1585 2180 1786 2236 intermissione
1806 2180 1931 2237 laudabi-

1131 2267 1194 2323 liter
1208 2278 1365 2339 uccupatus.
1380 2269 1465 2326 Nemo
1481 2270 1556 2324 illum
1570 2271 1638 2325 vidit
1652 2272 1787 2338 otiosum,
1808 2288 1863 2328 non
1886 2271 1928 2327 la·

1131 2359 1224 2426 bulis,
1265 2376 1312 2415 seu
1345 2361 1441 2417 otiosis
1473 2362 1646 2418 sermonibus
1675 2362 1750 2418 illum
1783 2365 1928 2435 quisquam

1133 2452 1236 2506 audivit
1260 2454 1415 2519 intentum,
1442 2468 1530 2524 neque
1560 2467 1636 2508 more
1667 2453 1846 2525 complurium
1878 2470 1928 2526 per

1133 2543 1284 2598 claustrum
1299 2542 1468 2598 discursibus
1480 2544 1556 2599 vauls
1570 2545 1712 2614 quisquam
1726 2546 1825 2617 reperit
1843 2562 1926 2617 vaga-

1134 2631 1263 2686 bundum.
1284 2631 1340 2686 lieo
1354 2647 1460 2702 semper
1478 2640 1569 2689 mente
1593 2633 1723 2699 deditus,
1749 2645 1796 2688 aut
1818 2634 1926 2690 lectioni

1135 2723 1339 2794 Scripturarum
1368 2724 1510 2790 incubuit,
1538 2731 1586 2779 aut
1609 2723 1717 2795 scripsit
1746 2724 1847 2796 aliquid
1878 2741 1928 2797 pro

1135 2815 1270 2869 communi
1284 2812 1398 2869 fratrum
1414 2814 1541 2880 utilitate,
1560 2814 1602 2870 vel
1621 2823 1695 2871 certe
1708 2831 1800 2871 secum
1815 2816 1844 2872 iu
1860 2816 1928 2874 cella

1135 2908 1407 2963 solitariusbabitans
1420 2917 1488 2964 erat.
1500 2907 1573 2963 Nibil
1588 2909 1660 2964 cuim
1685 2909 1790 2964 dulcius
1814 2909 1851 2963 illi
1878 2908 1929 2965 tuit

1135 3012 1216 3068 quam
1236 2997 1392 3053 continuum
1406 3008 1561 3052 sanctarum
1578 2998 1695 3051 studium
1711 2996 1927 3067 scripturarum,

1136 3097 1163 3143 et
1181 3088 1241 3144 iden
1255 3088 1330 3143 colice
1347 3087 1504 3143 monasticae
1527 3096 1683 3153 secretum,
1708 3087 1801 3143 multis
1827 3088 1929 3160 impor-

1137 3184 1219 3240 tabile
1247 3181 1453 3248 claustralibus,
1488 3179 1606 3251 paradisi
1639 3180 1750 3236 delicias
1781 3181 1926 3249 reputavit.

1137 3275 1213 3343 Quod
1228 3274 1301 3329 enim
1314 3273 1435 3345 piscibus
1452 3273 1525 3327 rivus
1541 3280 1567 3325 ct
1582 3286 1662 3340 aqua,
1679 3271 1730 3327 hoc
1745 3272 1823 3327 bonis
1833 3280 1859 3327 et
1872 3279 1929 3327 stu·

1138 3368 1220 3423 diosis
1233 3364 1375 3420 monacbis
1387 3364 1537 3418 rectissime
1552 3362 1650 3417 dicitur
1664 3361 1741 3417 cella.
1761 3361 1828 3417 Nam
1848 3362 1929 3419 sicuti

286 3456 424 3525 plerissct
437 3456 534 3522 atatis,
551 3463 622 3512 anilo
636 3455 760 3511 videlicet
772 3455 919 3510 bomiuicae
937 3435 1121 3512 natiuitatisC
1137 3461 1225 3531 pisces
1239 3458 1284 3513 diu
1303 3458 1394 3513 visere
1413 3457 1471 3512 sine
1493 3471 1563 3525 aqua
1581 3464 1735 3526 nequeunt,
1750 3457 1790 3510 sic
1801 3456 1929 3515 monachi

288 3549 319 3601 in
333 3561 419 3602 carne
430 3547 654 3618 octingentesimo
670 3557 766 3616 quarto
781 3559 811 3611 ³,
827 3547 974 3601 indictione
987 3545 1086 3601 lloum·

289 3654 391 3693 norum
416 3639 584 3705 duodecima,
606 3637 750 3709 Bangolius
774 3638 858 3693 abbas
872 3637 1013 3694 Fuldensis
1036 3640 1086 3693 mi-

289 3731 381 3803 gravit
403 3732 436 3786 ad
457 3732 613 3796 bominum,
631 3746 702 3785 antro
725 3730 862 3800 regiminis
884 3730 927 3784 sui
955 3730 1085 3786 vicesimo

291 3823 399 3892 quinto.
418 3822 477 3890 Quo
500 3838 554 3878 non
577 3822 635 3878 sirie
658 3822 785 3892 opinione
814 3822 967 3878 sanctitatis
982 3837 1085 3893 magnas

288 3913 408 3983 sepulto,
415 3914 627 3983 prenominatus
635 3913 740 3968 liabani
751 3912 836 3967 llauri
848 3913 1087 3993 praeceptorliabt·

288 4006 383 4076 garius
402 4005 536 4062 electione
553 4006 668 4062 fratrum
683 4007 805 4061 unanimi
828 4007 924 4062 tertius
936 4007 962 4061 in
976 4006 1085 4061 'abbatia

287 4095 462 4161 succedens,
479 4094 586 4166 pvaeluit
607 4096 685 4151 annis
709 4095 826 4151 sedecim
842 4094 875 4162 ¹³,
902 4096 944 4150 vir
964 4095 1086 4165 probatas

289 4188 443 4258 religionis,
457 4198 486 4244 et
503 4203 608 4260 magne
622 4188 785 4244 sanctitatis.
805 4185 855 4241 llic
873 4185 1014 4242 Rabanum
1028 4202 1086 4258 prae

289 4281 398 4338 caeteris
416 4282 545 4353 singulari
561 4282 689 4354 diligebat
714 4281 824 4348 affectu,
846 4288 990 4351 propterea
1012 4278 1085 4350 quod

289 4388 353 4427 oum
379 4381 494 4428 noverat
515 4373 575 4443 plus
591 4375 717 4428 omnibus
739 4373 774 4427 ad
791 4371 973 4427 obedientiam
995 4386 1086 4442 prom·

290 4474 386 4532 ptuut,
403 4471 431 4518 ct
443 4463 470 4517 in
483 4462 643 4519 lectionibus
663 4463 814 4518 divinarum
830 4461 1031 4532 scripturarum
1042 4462 1085 4517 in·

291 4556 397 4613 defessa
422 4555 605 4611 sollicitudine
629 4557 789 4611 studiosum.
811 4554 928 4610 videbat
949 4555 1024 4611 illum
1050 4556 1085 4612 ad

288 4646 376 4700 ardua
391 4654 485 4699 natum
497 4685 504 4710 ,
518 4657 544 4700 et
559 4646 604 4714 qui
621 4648 705 4702 verbo
721 4655 749 4702 et
762 4647 887 4717 exemplo
904 4647 997 4702 multis
1013 4654 1085 4704 esset

287 4753 352 4793 cum
367 4747 490 4809 tempore
513 4738 671 4809 profuturus
689 4739 715 4793 in
731 4739 856 4795 salutem.
871 4737 1081 4795 Noveratetiam

287 4831 439 4886 salutarem
465 4832 617 4902 pastoribus
636 4833 818 4888 necessariam
831 4847 891 4887 csse
908 4832 1080 4899 doctrinam,

288 4939 353 4977 curn
368 4923 439 4976 lmna
454 4923 570 4978 bominis
584 4924 639 4976 vita
659 4923 717 4978 siue
738 4924 851 4978 scientia
867 4922 999 4992 spirituali
1014 4922 1082 4977 divi·

290 5028 389 5067 uarum
405 5011 604 5081 Scripturarum
627 5028 680 5066 non
704 5011 820 5067 sufficiat
835 5012 869 5066 ad
884 5012 1082 5067 institutionem

289 5100 469 5157 subditorum.
490 5101 557 5157 Nam
570 5103 616 5172 qui
630 5102 680 5156 sibi
694 5102 744 5157 soii
756 5110 797 5157 est
810 5103 908 5168 bonus,
927 5101 1001 5156 utilis
1016 5100 1082 5155 alio·

290 5209 352 5247 rum
368 5200 456 5247 rector
480 5208 540 5248 esse
564 5208 619 5247 non
637 5201 735 5263 potest.
752 5191 897 5261 Propterea
916 5191 1083 5260 Ratbgavius

289 5283 406 5339 docilem
429 5298 542 5351 puerum
570 5299 740 5354 nequaquam
767 5282 861 5336 statuit
878 5280 1082 5351 negligendum,

288 5389 371 5445 quein
394 5372 555 5428 illustratum
570 5375 662 5429 divino
677 5373 778 5443 Spiritu
794 5372 888 5426 irruitis
903 5387 957 5426 non
974 5372 1082 5426 dubita·

289 5469 338 5523 bat
364 5466 424 5522 iore
446 5450 663 5538 praeponendum.
692 5465 747 5519 Nee
773 5481 821 5518 sua
848 5464 897 5518 luit
921 5463 1083 5518 confidentia

290 5557 450 5621 frustratus,
464 5573 525 5612 cum
538 5553 624 5624 major
636 5556 754 5610 evaserit
777 5555 903 5610 iiabatnus
914 5555 1080 5621 eruditione,

288 5646 430 5718 dignitate,
445 5646 524 5701 simul
537 5655 565 5701 et
577 5645 674 5701 merito
692 5645 853 5709 sanctitatis,
868 5660 950 5714 equam
970 5659 1081 5701 suorum

288 5739 390 5808 aliquis
403 5737 447 5793 vel
464 5737 734 5808 eagjurcputuisset,
757 5735 799 5789 sel
818 5744 908 5789 merite
925 5735 1080 5803 concipere.

329 5885 345 5915 ι
358 5873 436 5926 Anno
459 5871 513 5927 8i5
534 5871 636 5927 obiisse
657 5869 794 5924 conterrdit
811 5869 954 5923 Browems
979 5868 1026 5922 lib.
1054 5883 1080 5923 tv

290 5943 493 6069 {offmrtfflt‘in’
503 5940 879 6011 cumdepositaeprniecturae
903 5939 1081 6010 superfuisset

490 6104 628 6165 Parnon.
645 6101 738 6164 evit.

1136 3549 1259 3605 erebrius
1275 3558 1353 3603 extra
1373 3546 1468 3602 cellam
1482 3547 1684 3612 discurrentes,
1708 3547 1737 3602 in
1751 3563 1815 3602 vcra
1830 3548 1929 3605 metitis

1135 3641 1251 3712 puritate
1269 3656 1324 3695 riou
1347 3640 1506 3695 subsistunt.
1527 3637 1600 3694 Cella
1619 3639 1691 3692 enim
1724 3639 1865 3694 rnorrachis
1885 3647 1929 3696 est

1134 3733 1241 3788 cilicina
1256 3733 1387 3786 virtutum
1402 3771 1410 3798 ,
1425 3739 1454 3785 et
1468 3730 1582 3785 mundus
1604 3729 1716 3784 ninnium
1739 3729 1928 3800 frequentatus

1136 3826 1281 3881 inultorum
1301 3840 1383 3880 eausa
1402 3819 1542 3877 vitiorum.
1566 3819 1638 3876 Cella
1660 3821 1800 3876 monacbis
1822 3830 1864 3877 est
1888 3822 1930 3878 di·

1136 3919 1205 3972 vinee
1219 3916 1312 3973 subola
1325 3914 1470 3980 scientim,
1487 3923 1565 3969 extra
1579 3928 1661 3984 quam
1682 3912 1801 3969 coelestis
1816 3929 1869 3969 non
1881 3912 1929 3970 da·

1137 4016 1181 4062 tur
1207 4007 1345 4078 sapientiae
1359 4006 1494 4061 doctrina.
1509 4001 1587 4060 Unde
1602 4005 1760 4070 monachus,
1772 4005 1817 4076 qni
1840 4019 1930 4061 secre-

1136 4107 1194 4152 tum
1206 4098 1281 4153 cellae
1299 4113 1353 4152 uon
1368 4096 1466 4169 diligit,
1485 4097 1519 4151 ad
1541 4112 1634 4151 veram
1649 4097 1790 4152 scientiam
1809 4096 1929 4167 Scriptu-

1136 4205 1229 4245 rarum
1239 4189 1287 4245 Dei
1302 4189 1413 4244 minime
1429 4188 1565 4260 pertingit.
1580 4186 1657 4254 Quod
1668 4188 1841 4243 beatissimus
1852 4197 1930 4258 pater

1136 4282 1181 4337 bic
1206 4289 1319 4346 noster,
1340 4288 1451 4335 sanctus
1475 4279 1560 4350 probe
1587 4279 1763 4335 considerans
1777 4277 1928 4344 liabanus,

1136 4374 1231 4429 cellam
1249 4374 1284 4429 ab
1297 4372 1410 4428 infantia
1431 4388 1478 4427 sua
1500 4371 1595 4427 dilexit
1616 4371 1805 4435 monasticam,
1831 4371 1859 4425 in
1874 4384 1929 4440 qua

1137 4465 1332 4539 conscientiam
1354 4480 1430 4520 suam
1448 4463 1482 4518 ab
1498 4464 1626 4534 operibus
1642 4463 1735 4517 mundi
1749 4463 1826 4518 vanis
1840 4471 1929 4520 custo-

1137 4557 1204 4614 divit
1218 4555 1340 4620 illaesam,
1353 4562 1381 4608 et
1393 4555 1513 4609 oninium
1528 4555 1746 4623 scripturarum,
1763 4562 1817 4609 tam
1832 4554 1929 4612 linsma-

1137 4661 1321 4716 ennumquam
1332 4643 1610 4714 divinarum,plenam
1622 4643 1673 4698 luit
1687 4652 1828 4700 assecutus
1838 4646 1923 4702 scien-

1137 4740 1213 4794 tiam.
1226 4736 1434 4805 cellariumque
1446 4745 1581 4790 secretum
1591 4734 1742 4789 annutiavi
1753 4748 1929 4806 comparatur

1132 4829 1264 4903 paradisi,
1280 4828 1371 4898 inqua
1386 4825 1580 4883 delectabiliter
1595 4826 1757 4894 consistens,
1769 4841 1801 4881 ac
1814 4825 1864 4881 sibi
1877 4841 1929 4896 per

1137 4924 1219 4980 divini
1244 4921 1345 4976 acrioris
1357 4920 1514 4975 coritiouum
1527 4919 1687 4974 exercitium
1700 4919 1792 4974 unitus
1806 4959 1814 4985 ,
1838 4927 1929 4976 merite

1137 5014 1216 5070 simul
1230 5023 1256 5068 et
1270 5027 1384 5081 corpore
1396 5009 1528 5064 ballitasit
1542 5025 1633 5066 seeum
1647 5009 1674 5063 in
1696 5009 1775 5064 domo
1789 5008 1835 5064 [ici
1851 5008 1927 5079 quie·

1138 5115 1190 5170 tus,
1205 5104 1297 5157 animo
1310 5100 1425 5156 creatori
1440 5114 1490 5155 suo
1504 5100 1634 5164 devotus,
1656 5098 1721 5152 nulli
1740 5100 1855 5153 l‘ratruur
1871 5113 1929 5153 mo·

1137 5195 1221 5250 tesius
1236 5234 1243 5254 ,
1260 5192 1326 5247 nulli
1343 5190 1433 5260 gravis
1448 5231 1455 5254 ,
1483 5189 1548 5242 nulli
1563 5204 1693 5244 onerosus
1708 5228 1715 5254 ,
1740 5188 1787 5244 scd
1801 5198 1928 5259 acceptus

1134 5285 1213 5341 bonis
1225 5284 1359 5347 ernrribus,
1375 5291 1402 5335 et
1415 5281 1441 5334 in
1456 5280 1561 5334 vinculo
1574 5279 1715 5334 charitatis
1730 5277 1855 5334 iraterrrae
1869 5277 1926 5332 sin·

1135 5389 1196 5430 cere
1220 5373 1346 5428 dilectus.
1361 5372 1390 5425 ln
1403 5385 1435 5424 eo
1449 5370 1499 5423 luit
1515 5369 1694 5440 completum,
1714 5370 1784 5439 quod
1802 5383 1851 5438 pcr
1864 5382 1927 5437 pro-

1134 5466 1243 5536 phetam
1269 5463 1413 5518 leremiavn
1441 5460 1539 5516 dudum
1570 5460 1667 5530 legitur
1695 5458 1925 5530 pronuntiatum:

1135 5559 1237 5613 Rouana
1252 5568 1288 5613 eet
1303 5555 1412 5620 bomini,
1430 5570 1489 5608 cnm
1506 5555 1646 5624 portaverit
1654 5553 1751 5623 lingum
1766 5549 1873 5604 Domini
1893 5548 1926 5603 ob

1135 5649 1311 5704 adolescentie
1324 5663 1373 5700 suo
1387 5645 1467 5716 :quio
1488 5644 1585 5697 sedebit
1606 5643 1742 5697 solitarius
1766 5648 1789 5694 et
1807 5639 1925 5703 tacebit,

1133 5740 1256 5811 quonlam
1284 5737 1376 5790 tenebit
1397 5752 1424 5789 se
1442 5751 1521 5806 snpra
1537 5750 1563 5788 se
1583 5732 1690 5804 (ibren.
1707 5745 1748 5794 tn,
1761 5729 1796 5782 st
1809 5737 1832 5782 ct
1846 5726 1924 5799 seq).

1169 5873 1183 5913 b
1198 5850 1254 5926 leno
1270 5870 1302 5924 15
1317 5877 1431 5932 teritum,
1455 5867 1546 5921 aban.
1562 5863 1614 5918 aba
1640 5862 1673 5916 ad
1686 5860 1754 5926 811,
1770 5875 1824 5930 quo
1838 5873 1853 5914 a
1868 5857 1926 5914 lra-

1133 5943 1220 5998 tribus
1233 5941 1371 6012 tlepmsitus
1384 5939 1481 6011 legitur
1494 5937 1520 5989 in
1534 5934 1635 5988 eisdem
1647 5931 1744 5986 Aneiai.

1651 6093 1672 6154 3
