4509 6850
346 658 382 717 39
911 648 958 703 aa
975 646 1089 703 orem
1107 643 1139 701 a.
1159 641 1287 701 aaran
1306 641 1414 703 naum
1937 636 1973 701 to

346 775 375 823 et
390 759 527 819 Ambrosii
548 757 711 813 testimoniis
731 757 862 811 adversus
887 758 1032 826 quemdam
1057 772 1135 812 seem
1149 756 1278 819 Amissa,
1292 751 1978 826 quamvisboalsoperibuspraeditiluerint.0uaa-

346 852 518 909 sentientem.
533 847 569 902 At
582 846 736 917 oppositam
751 845 858 900 invenio
870 847 940 916 apud
957 846 1137 916 liugrtstinum
1189 861 1269 916 quam
1284 861 1377 901 omnes
1396 845 1544 901 universim
1569 846 1777 901 catechumenos
1797 847 1853 899 tine
1877 844 1981 903 redeat·

346 943 434 1012 ipsum
451 939 479 993 in
495 951 619 993 sermono
633 936 669 991 ab
681 936 714 990 de
729 936 825 990 Verbis
834 934 965 1006 Apostoli,
980 951 1039 1005 cap.
1054 936 1081 1002 6,
1091 936 1137 991 abi
1188 938 1275 1008 prinae
1286 939 1406 1007 baptismi
1424 936 1570 1004 defunctos,
1591 951 1667 991 sacra
1682 934 1817 991 oblatione
1837 943 1865 991 et
1886 934 1980 993 Ecelo·

346 1025 1137 1098 exporrdens,‹quaretduobuscatecbumeaismnoprobo,
1190 1029 1236 1083 siae
1256 1025 1390 1098 suffragiis
1413 1027 1501 1095 prirat
1524 1024 1667 1081 concilium
1691 1024 1857 1080 bracarense
1879 1040 1978 1082 seeum

347 1118 434 1172 altero
458 1115 592 1183 improbo,
619 1112 829 1169 ‹isteadduetus
852 1122 893 1168 est
911 1128 927 1167 a
945 1114 1139 1183 gubernatione
1189 1117 1252 1173 dum
1267 1133 1326 1187 cap.
1349 1117 1391 1169 ll.

348 1208 405 1273 Ilei,
431 1215 461 1262 at
480 1206 683 1274 baptizaretur:
698 1205 742 1258 illo
766 1212 866 1268 autem,
893 1219 953 1258 earn
975 1204 1043 1258 bene
1067 1210 1140 1258 cato
1224 1208 1269 1262 bi.
1285 1209 1407 1277 Denique
1424 1203 1543 1262 nonnulli
1560 1207 1627 1263 ritio
1650 1214 1758 1274 ¹vertant
1771 1205 1883 1262 liubane
1907 1206 1977 1277 quod

348 1302 496 1355 alrammus
510 1297 618 1361 timii,
642 1297 730 1351 subita
748 1296 825 1350 ruina
840 1303 962 1349 ¹¹¹⁰l¹¹¹1¹⁵
987 1302 1038 1359 est,
1059 1300 1087 1347 el
1105 1292 1140 1347 ad
1189 1298 1377 1354 Gotesealcmn
1391 1299 1502 1369 citusque
1519 1299 1668 1354 doctrinam
1691 1300 1869 1354 damnauerit.
1894 1298 1930 1355 tt
1943 1314 1978 1355 ex

347 1390 509 1460 baptismum
535 1403 588 1442 non
612 1387 749 1456 perrenit;
767 1406 776 1438 ι
797 1388 848 1440 laoc
867 1401 950 1439 ιιιιιιιιι
973 1383 1137 1454 respondetz
1190 1389 1556 1460 oppositosaatquillabani
1573 1389 1674 1444 lactum
1689 1390 1741 1445 bac
1763 1390 1790 1445 ln
1814 1398 1890 1460 parte
1914 1406 1981 1463 pro·

350 1479 465 1547 «Quare
482 1478 587 1540 metita,
607 1492 660 1531 ιιοιι
678 1479 806 1538 invenies,
829 1476 880 1530 uisi
903 1489 1028 1543 poenam3
1048 1488 1140 1542 sturm
1190 1482 1263 1537 beat.
1284 1480 1457 1550 Saneipsam
1471 1488 1545 1536 reete
1565 1482 1682 1536 sensisse
1697 1481 1730 1536 de
1744 1481 1980 1550 praedestinatione

347 1569 501 1639 gratiam,o
515 1566 628 1619 altitudo
654 1566 847 1619 ‹lividorum›
869 1563 938 1617 ilinc
955 1571 1068 1633 apparot
1085 1561 1140 1615 liu-
1190 1577 1295 1625 constat
1315 1585 1348 1624 ex
1372 1568 1432 1638 ejus
1456 1571 1577 1639 epistolis
1599 1572 1722 1641 superius
1749 1572 1883 1628 laudatis:
1898 1582 1980 1643 atque

347 1655 483 1730 guastinam
499 1657 615 1711 sensisse
628 1656 678 1709 hoe
692 1656 762 1720 loco,
788 1654 858 1709 bono
878 1654 914 1707 illi
934 1652 1138 1715 catechumeno,
1190 1656 1296 1709 etiamsi
1315 1654 1465 1710 Getescalci
1480 1657 1640 1710 senteutiam
1658 1658 1750 1713 itidem
1776 1666 1876 1713 rectam
1897 1658 1980 1714 luisse

347 1747 418 1816 qaod
433 1747 466 1800 ud
479 1744 603 1814 baptismi
617 1743 731 1813 gratiam
746 1758 797 1797 uon
810 1742 942 1811 persenit,
961 1740 1083 1809 deputari
1105 1739 1140 1793 ad
1190 1747 1381 1810 concedamus,
1396 1760 1449 1800 non
1466 1746 1603 1802 immerito
1623 1756 1713 1801 tamen
1738 1763 1878 1817 repressus
1893 1765 1908 1802 a
1921 1749 1980 1802 11³.

347 1851 467 1905 poenam,
491 1849 541 1888 ¹¹0⁰
571 1834 655 1888 il0¹¹0⁵
686 1848 775 1890 ¹¹¹⁰l⁰⁸
799 1833 833 1886 ³¹¹
858 1832 970 1887 salutem
996 1830 1138 1901 lllsssfllsse·
1190 1837 1403 1892 banoestztum
1421 1835 1483 1905 quia
1511 1835 1709 1906 praedicationis
1732 1835 1846 1891 alliciam
1867 1838 1893 1891 in
1921 1837 1980 1907 ejus

348 1927 424 1993 Quod
440 1941 521 1980 unum
538 1925 664 1980 Raburrus
677 1933 704 1979 et
717 1924 848 1978 alcuinus
863 1924 977 1977 luctasse
988 1922 1138 1984 docuerint,
1190 1926 1328 1996 provincia
1342 1935 1443 1980 temere
1457 1928 1606 1995 usurpavit,
1627 1936 1684 1981 tum
1706 1927 1768 1995 quia
1794 1927 1874 1981 nimis
1895 1942 1978 1995 quam

350 2016 456 2070 utrretsi
469 2030 531 2070 etam
543 2015 688 2069 Ambrosio
703 2014 892 2085 etilugustino
906 2012 957 2066 alio
972 2012 1000 2066 in
1016 2012 1075 2066 loco
1093 2012 1140 2064 ad·
1191 2016 1365 2086 pertinaciter
1389 2013 1519 2069 vocabulo
1547 2014 1790 2084 predestinationis
1813 2015 1843 2092 in
1871 2014 1980 2082 sequio-

348 2104 482 2169 miserint,
496 2104 573 2158 bonis
584 2103 794 2167 catechumenis,
807 2103 851 2172 qui
868 2117 964 2171 magna
976 2116 1008 2155 uc
1020 2099 1139 2170 perlecta
1153 2097 1177 2156 B
1192 2121 1248 2160 rem
1275 2112 1380 2175 purtem
1406 2104 1480 2158 abuti
1499 2104 1658 2159 credebatur
1682 2120 1742 2158 cum
1760 2105 1849 2175 populi
1867 2104 1979 2159 offensa.

348 2194 483 2249 charitate
490 2194 614 2263 baptismi
625 2194 738 2264 gentiunt
751 2193 971 2255 desideraverint,
984 2207 1036 2245 non
1044 2190 1139 2244 obesse
1192 2212 1246 2266 quo
1257 2196 1284 2250 in
1298 2210 1380 2250 sensu
1391 2195 1449 2250 haee
1464 2210 1516 2249 ιὀιι
1532 2195 1621 2249 rarius
1639 2210 1654 2248 a
1670 2194 1795 2249 Patribus
1807 2196 1932 2250 sumitur.

348 2285 420 2353 qaod
431 2285 498 2353 rapti
510 2286 637 2340 sintantc
651 2294 775 2354 suscepta
793 2284 919 2354 mysteria
935 2303 941 2337 :
958 2297 1036 2337 secus
1053 2283 1076 2337 si
1096 2297 1139 2336 re·

826 2579 878 2664 B.
919 2573 1134 2663 aibant
1172 2572 1362 2661 biliUlll
1398 2561 1541 2662 vlla

667 2766 855 2831 rtucronn
874 2764 1064 2827 aanotro
1087 2762 1362 2824 sanotasrrco
1384 2762 1475 2823 naus
1496 2760 1704 2843 arsenato

767 2926 848 2991 (Apud
861 2925 962 2986 flabili,
974 2923 1060 2973 Aunal.
1071 2923 1114 2972 SS.
1127 2922 1180 2971 ord.
1192 2923 1218 2973 S.
1229 2921 1334 2983 liened,
1348 2935 1405 2973 saec.
1418 2937 1440 2971 rr
1454 2928 1522 2984 parte
1534 2923 1570 2985 ιι.)

1052 3075 1286 3092 ,Ἥ

515 3183 800 3243 observaremus
819 3180 983 3237 PRAEl'lAE.
1192 3182 1220 3235 in
1236 3180 1451 3262 Antiquitatibus
1470 3176 1658 3244 Fuidensibus,
1671 3187 1698 3233 ot
1710 3177 1866 3237 bollandum
1880 3184 1908 3239 in
1928 3182 1979 3245 lle.

385 3322 497 3376 lribrum
516 3319 548 3373 de
562 3318 645 3387 gestis
661 3316 774 3381 aaran,
795 3331 842 3370 seu
855 3313 996 3376 llllulaui,
1020 3313 1072 3368 alio
1093 3328 1142 3368 uo-
1191 3250 1473 3371 hrgffrffiairlio'lludold
1489 3315 1704 3372 lucubrationem
1727 3319 1748 3372 si
1771 3318 1845 3388 legit,
1860 3321 1976 3390 injussu

351 3392 426 3448 mine
453 3388 552 3452 Manat,
570 3385 694 3441 monaehi
717 3387 846 3455 primum,
870 3384 931 3438 dein
954 3383 1059 3438 abbatis
1080 3381 1141 3436 Ful·
1155 3385 1177 3449 C
1193 3387 1261 3442 Vitae
1274 3402 1387 3441 numero
1403 3402 1454 3439 non
1470 3385 1563 3439 babuit
1577 3383 1694 3441 loannes
1709 3387 1880 3455 Tritltemius,
1895 3395 1978 3463 quiin

352 3461 453 3520 densis.
468 3475 499 3515 ae
513 3459 620 3513 demum
643 3455 837 3526 archiepiscopi
853 3453 1012 3524 tingemini,
1033 3453 1141 3523 scripsit
1192 3457 1305 3528 prologo
1317 3457 1384 3511 vita
1395 3455 1508 3516 liobam,
1524 3470 1604 3523 quam
1618 3457 1705 3510 tribus
1718 3456 1794 3511 libris
1809 3460 1916 3515 hortata
1932 3467 1979 3520 ΛΙ-

352 3530 496 3596 lludollas,
518 3544 566 3584 sca
594 3526 776 3590 lllirrodollus,
801 3524 973 3586 liodoll'asrc,
999 3523 1142 3578 Faldensis
1193 3527 1261 3582 berti
1289 3526 1499 3594 lloguntincnsis
1521 3525 1656 3593 pontilicis
1677 3525 1789 3595 digessit
1812 3543 1883 3583 anno
1897 3534 1977 3600 1515,

352 3601 511 3662 monachus,
528 3598 612 3667 ipsius
631 3596 733 3649 liubaai
756 3595 911 3664 discipulus,
933 3594 1017 3662 isqui
1042 3603 1141 3661 sanetae
1193 3597 1250 3650 lraee
1264 3597 1344 3651 babet
1358 3615 1365 3648 :
1380 3615 1388 3646 t
1403 3594 1457 3649 Nee
1474 3595 1570 3648 mirum
1583 3596 1603 3647 si
1617 3595 1695 3675 plara
1716 3606 1851 3666 gestorum
1866 3601 1924 3670 ejas
1939 3608 1978 3660 si.

355 3669 446 3726 Liobae
464 3669 608 3724 abbatissae
622 3664 877 3719 llischollreimeusis
891 3664 979 3717 Vitam
993 3665 1020 3717 in
1037 3660 1141 3718 litteras

354 3739 457 3804 retulit,
472 3738 572 3793 editam
598 3736 624 3788 lu
650 3735 740 3789 saculi
761 3735 832 3788 tertii
849 3741 924 3802 parte
947 3734 1074 3796 secunda,
1095 3734 1140 3787 tibi

375 3810 433 3862 lura
451 3809 484 3862 de
499 3805 612 3861 Rudollo
627 3805 752 3859 diximus.
765 3806 879 3859 Dubium
894 3811 936 3857 est
951 3818 984 3855 aa
999 3802 1141 3856 lllluodol-

355 3824 399 3933 Pus
410 3877 588 3933 scholasticus
602 3882 629 3929 et
642 3874 831 3945 cancellarius,
843 3873 889 3942 qai
904 3873 1031 3943 liutgario
1044 3872 1141 3927 abbata

355 3948 486 4019 quasdam
510 3945 614 4001 litteras
638 3943 811 3998 donationum
852 3958 881 3997 ro
905 3942 1068 3997 mortasterio
1091 3958 1141 3997 suo

353 4017 475 4072 exarant
492 4030 562 4070 arrno
576 4014 664 4084 primo
679 4011 805 4067 Ludovici
824 3958 947 4082 Rugusti,
969 4013 1039 4080 apud
1054 4010 1141 4065 Pisto·

354 4088 424 4141 rium
457 4100 498 4156 ag.
514 4084 576 4145 524,
590 4084 660 4138 idem
683 4083 719 4137 sit
731 4098 793 4137 curn
808 4081 922 4136 Rudollo
942 4082 995 4136 isto
1008 4099 1015 4135 ι
1028 4097 1062 4134 an
1074 4096 1140 4137 vero

354 4100 486 4211 lludaiias
500 4152 690 4215 subdiaconus,
703 4153 749 4221 qui
762 4152 830 4206 alias
843 4159 936 4220 postea
951 4150 1060 4220 scripsit
1069 4165 1140 4232 anno

353 4224 474 4295 ejusdem
486 4224 526 4277 Aa
565 4224 598 4277 sti
613 4231 721 4286 octavo,
736 4237 797 4292 pag.
812 4221 874 4287 bill,
894 4227 921 4302 et
934 4221 1136 4302 nonodecimo,

353 4290 1161 4430 arsilliialaaualldlluarmillata,

356 4443 557 4503 temporeque
582 4430 707 4485 {tabanus
723 4430 812 4485 l'uldae
826 4431 929 4485 litteras
961 4432 1066 4494 beabat,
1082 4431 1141 4501 jam

356 4502 546 4557 cancellarium
558 4510 586 4555 et
595 4500 785 4555 scholasticum
795 4500 896 4555 dietant
908 4500 992 4555 luisse
1002 4508 1138 4623 nonnata.

355 4571 420 4627 Veri
436 4570 551 4627 similias
565 4579 616 4634 est,
635 4569 779 4640 ipsummet
794 4585 854 4624 esse
868 4569 1010 4624 liudollum
1029 4584 1059 4623 su
1081 4571 1139 4625 dia-

1192 3666 1274 3720 lentio
1286 3665 1457 3734 pertransivi,
1469 3664 1566 3734 quippe
1579 3680 1625 3733 qm
1639 3665 1739 3719 nullam
1752 3675 1814 3720 ante
1827 3683 1869 3722 me
1882 3671 1977 3737 tirum,

1192 3735 1306 3790 solidam
1327 3733 1543 3789 etsullieientem
1564 3734 1597 3787 de
1622 3734 1673 3788 brac
1697 3735 1754 3805 ipsa
1771 3740 1882 3791 materia
1902 3745 1978 3810 potui

1192 3806 1293 3860 trabere
1308 3806 1475 3875 scriptorem,
1491 3802 1537 3857 aad
1548 3804 1650 3871 primm
1663 3815 1758 3859 auctor
1768 3819 1826 3859 esse
1840 3809 1898 3863 sine
1909 3827 1979 3881 prat-

1192 3875 1305 3930 cedente
1325 3873 1479 3943 eorrtpellor.
1495 3893 1505 3924 ι
1519 3872 1553 3926 Ει
1568 3873 1656 3929 inira:
1674 3893 1683 3925 ι
1697 3875 1802 3939 l’lureS,
1820 3876 1916 3945 satem,
1933 3884 1977 3937 ai·

1193 3945 1338 3999 storiarum
1353 3943 1500 4012 scriptores
1519 3943 1592 3996 varia
1606 3943 1714 3997 laudum
1729 3948 1862 4015 praeconia
1878 3949 1978 4008 deboc

1191 4013 1349 4069 beatissimo
1364 4025 1444 4082 atque
1459 4013 1615 4068 doctissimo
1629 4014 1687 4067 tiro
1700 4015 1725 4067 ln
1744 4015 1799 4069 suis
1814 4016 1978 4076 lucubratio-

1192 4084 1270 4139 nibus
1284 4085 1385 4154 passim
1402 4085 1464 4138 ltine
1479 4083 1540 4136 inde
1554 4083 1739 4152 scripserunt:
1755 4100 1868 4153 quoram
1885 4098 1976 4145 tamen

1192 4153 1280 4208 nullus
1292 4154 1379 4209 llitam
1393 4151 1450 4218 ejus
1461 4153 1616 4213 continuata
1632 4155 1700 4213 serie
1711 4159 1871 4224 composuit.
1888 4179 1897 4211 ι
1911 4159 1978 4215 Pro·

1191 4232 1284 4303 pterea
1296 4225 1329 4279 ad
1341 4239 1400 4279 eam
1412 4223 1581 4277 scribcmlam
1598 4223 1728 4293 impulsas
1741 4236 1780 4278 cst
1800 4226 1976 4296 Trithcmius,

1192 4292 1319 4362 illamque
1341 4294 1368 4348 in
1390 4301 1456 4357 tres,
1480 4298 1509 4345 nt
1523 4292 1588 4356 dixi,
1605 4293 1687 4347 libros
1709 4293 1977 4368 distinxittquonun

1192 4364 1295 4432 primus
1307 4372 1349 4417 est
1362 4363 1396 4417 de
1413 4361 1516 4416 llabani
1530 4363 1583 4414 vita
1597 4363 1711 4431 priuata,
1727 4367 1861 4420 secandas
1875 4367 1908 4421 de
1918 4368 1978 4437 ejas

1195 4433 1325 4502 regimine
1338 4432 1477 4494 abbatiali,
1493 4433 1587 4486 tertiam
1600 4434 1632 4486 de
1643 4434 1795 4502 episcopali.
1811 4434 1839 4489 la
1854 4450 1885 4491 ea
1895 4435 1977 4493 lucu·

1193 4503 1317 4557 brationc
1336 4501 1500 4561 Tritlaemius
1518 4500 1660 4571 aliquoties
1683 4519 1747 4557 usas
1767 4513 1810 4559 est
1824 4507 1978 4563 testimonio

1193 4570 1343 4643 ilcginsridi
1364 4565 1506 4626 Faldensis
1527 4572 1652 4625 attonaclti
1675 4573 1773 4627 surculo
1787 4591 1835 4637 nu,
1857 4591 1889 4630 ea
1904 4577 1978 4630 aala-

355 4656 464 4701 eonam,
481 4640 526 4708 qm
545 4655 615 4694 anno
628 4637 756 4695 Ladon'ci
767 4647 862 4695 octavo
881 4641 1003 4694 elturtam
1020 4639 1140 4695 condidit
1193 4641 1261 4694 uiue
1275 4641 1313 4695 lle
1326 4643 1482 4722 temporibus
1495 4642 1596 4709 gratim,
1610 4642 1739 4697 haetenus
1752 4645 1863 4708 inedito,
1879 4647 1906 4698 ia
1920 4662 1975 4717 quo

355 4712 409 4764 uice
429 4709 579 4776 Altltariupi
591 4709 732 4777 presbyteri
744 4727 753 4762 .·
765 4725 797 4764 ac
812 4710 924 4780 proinde
938 4709 1057 4763 noudum
1071 4724 1138 4762 can·
1193 4709 1297 4765 liubani
1319 4726 1417 4778 septus
1444 4712 1576 4764 rrtcrainit.
1606 4710 1739 4766 Caeterum
1761 4715 1811 4768 etsi
1834 4712 1977 4770 'lritlremii

355 4778 490 4834 cellarius.
504 4778 648 4848 Presbyter
658 4778 753 4831 deinde
764 4780 863 4833 scholis
874 4779 1017 4848 praelectus
1027 4787 1068 4831 cst
1078 4788 1140 4847 post
1189 4795 1256 4850 opus
1270 4780 1303 4834 de
1318 4780 1429 4851 llattuno
1448 4779 1627 4850 spernendum
1649 4798 1701 4836 non
1725 4784 1770 4847 sit,
1787 4793 1816 4837 ut
1832 4792 1921 4848 tarrteu
1937 4802 1977 4841 re·

356 4847 510 4911 Rabarmm,
527 4861 606 4915 quem
624 4860 701 4899 suum
718 4846 800 4915 ipsius
814 4856 996 4915 praeceptorem
1010 4857 1088 4901 tocat
1111 4849 1138 4902 ln
1188 4850 1343 4914 cuderetur,
1369 4865 1421 4903 non
1446 4852 1530 4904 risum
1553 4862 1594 4903 est
1617 4854 1843 4920 opencprctium,
1866 4865 1977 4924 propter

356 4917 475 4986 prologis
488 4917 556 4970 Vitae
576 4913 701 4982 subjectae
723 4925 751 4969 et
774 4925 873 4970 sanctae
887 4915 985 4980 Liobu,
1003 4916 1080 4985 eujus
1094 4918 1140 4972 Vi·
1189 4919 1347 4987 multiplicia
1359 4929 1449 4973 errata
1461 4935 1520 4989 eptam
1533 4920 1558 4972 in
1573 4936 1605 4973 eo
1621 4923 1755 4975 ettrtrmisit
1768 4941 1773 4974 :
1787 4924 1901 4976 rataaime
1914 4938 1976 4979 cum

357 4996 412 5040 tam
426 4994 623 5056 aggressusest
642 4985 749 5054 iurperio
766 4985 908 5039 uenerandi
921 4983 1020 5050 Patris,
1036 4996 1065 5041 ut
1081 4987 1139 5057 ipse
1191 4990 1261 5044 istud
1277 5005 1345 5059 opas
1367 4998 1457 5044 exstet
1480 4990 1557 5043 initio
1580 4990 1683 5044 liubani
1698 4990 1814 5059 Operam
1832 4998 1860 5047 et
1883 4993 1910 5046 in
1928 4992 1977 5048 ab·

357 5056 405 5117 ait,
431 5072 462 5109 ue
482 5055 646 5125 praeceptoris
669 5055 720 5107 mei
741 5053 879 5108 lllladaui.
903 5054 969 5108 Eum
998 5066 1138 5122 oratorem,
1188 5059 1298 5115 bruurio
1327 5058 1511 5122 bollandiano,
1539 5059 1583 5113 ubi
1605 5058 1764 5128 Godelridus
1789 5061 1977 5118 lleusebenius

356 5124 581 5194 confessoremque
612 5137 710 5187 suam,
734 5140 766 5179 ae
789 5123 940 5178 seltolaram
968 5124 1140 5182 Fuldcusium
1190 5127 1294 5182 llalrani
1310 5128 1976 5187 ilitameruditiscommeauuiisillustraritbb-

357 5192 515 5264 praelectum
542 5191 658 5262 appellat
685 5191 836 5248 Ludorlcus
861 5191 1014 5248 Gerntauiae
1036 5210 1084 5249 rex
1111 5196 1139 5251 in
1189 5197 1583 5279 bisproindesateritbaberc
1599 5197 1852 5266 libellumiiudoili,
1871 5201 1915 5257 cai
1935 5202 1976 5257 bi·

356 5263 450 5318 charta
461 5262 706 5332 donatiorris,cujus
717 5262 896 5334 fragmentum
907 5263 990 5318 relert
998 5265 1141 5320 Broweras
1189 5277 1319 5322 storacem
1344 5267 1446 5321 liubani
1469 5266 1593 5334 Bingium
1614 5269 1674 5323 rice
1696 5271 1885 5326 commentarii
1907 5286 1976 5342 prae·

357 5330 385 5387 in
397 5346 456 5401 cap.
473 5331 506 5386 ll
527 5332 589 5387 libri
602 5348 632 5387 ur
649 5333 847 5402 Antiquitatum
868 5333 1051 5392 Fuldensiuaa.
1068 5334 1140 5395 Sane
1192 5337 1326 5393 misimus.

357 5400 531 5457 Erinenrieus
554 5401 644 5466 levita,
658 5401 858 5474 Elewungensis
877 5404 1034 5468 monachus,
1050 5405 1139 5461 Vitam
1225 5406 1295 5460 ab
1320 5414 1414 5462 saneto
1439 5405 1578 5461 bonifacio
1599 5407 1725 5465 liubanus
1749 5408 1976 5482 liogaatiaeensis

360 5471 448 5526 saneti
460 5468 516 5527 Soli
529 5474 745 5552 nuncupatorum
762 5473 789 5526 itt
801 5482 857 5526 arte
869 5472 1031 5527 celeberrimo
1044 5473 1139 5529 damno
1190 5477 1343 5546 episeopus,
1358 5477 1418 5532 ritae
1430 5477 1607 5533 sartclimonia
1618 5474 1756 5548 praeditus,
1778 5480 1874 5537 tertius
1886 5490 1928 5537 est
1940 5495 1974 5536 er

358 5538 493 5608 liuddulfo
517 5556 574 5593 mea
594 5540 738 5605 didascalo,
754 5558 770 5594 a
783 5558 834 5612 qao
847 5542 985 5595 leuitatem
1001 5559 1032 5596 ae
1043 5543 1137 5598 doctri·
1190 5547 1284 5599 ortliue
1297 5547 1382 5600 sancti
1395 5546 1541 5610 Benedicti,
1553 5560 1585 5600 er
1597 5560 1650 5616 quo
1663 5548 1751 5603 educti
1767 5558 1830 5604 sant
1843 5559 1976 5620 quotquot

359 5625 420 5663 aaut
436 5625 465 5664 se
479 5609 506 5663 in
526 5609 604 5664 aunis
614 5610 778 5679 juvenilibus
791 5612 944 5681 praelibasse
964 5610 1073 5667 latetur.
1087 5612 1141 5667 lla·
1190 5612 1248 5669 lere
1264 5614 1338 5673 illurn
1349 5616 1440 5670 sedem
1452 5623 1597 5671 tenuerunt
1610 5627 1672 5686 post
1682 5618 1822 5674 Rabuaura
1834 5622 1869 5674 ad
1886 5633 1974 5675 saeeat·

357 5677 423 5733 bani
435 5679 522 5735 Vitam
536 5679 668 5750 integram
683 5696 717 5750 an
731 5680 874 5736 absolverit
895 5680 1037 5748 liudolfus,
1053 5683 1141 5738 incer·
1191 5683 1246 5737 lum
1261 5700 1346 5752 usque
1359 5685 1556 5740 duodecimam.
1574 5686 1689 5742 Οιιιιιὶιιο
1704 5689 1832 5743 tredecim
1848 5705 1975 5745 numera·

359 5755 435 5812 lum3
450 5763 581 5818 nusquam
596 5753 667 5807 enim
683 5751 786 5818 integra
802 5750 901 5820 prodiit
922 5752 950 5805 in
972 5750 1059 5806 lacem
1073 5770 1080 5806 :
1092 5753 1140 5807 sed
1191 5754 1237 5809 bat
1251 5752 1349 5808 Paulus
1374 5753 1500 5825 Longius,
1521 5772 1553 5810 ex
1578 5754 1662 5828 ipsius
1680 5753 1814 5814 Chronico
1834 5756 1973 5814 Citizensi.

359 5813 450 5869 delicit
464 5817 491 5871 in
514 5821 717 5875 enumeratione
731 5819 834 5874 liubani
849 5819 976 5890 Operum,
989 5820 1062 5874 nulla
1082 5821 1140 5892 ejus
1191 5822 1249 5876 lion
1269 5822 1367 5877 anirum
1382 5823 1503 5894 proinde,
1528 5827 1550 5880 si
1566 5834 1606 5880 tut
1622 5827 1649 5880 in
1665 5828 1718 5882 illis
1730 5827 1851 5898 partibus
1874 5828 1974 5884 luerint

360 5884 595 5961 archiepiscopalis
606 5891 745 5961 regiminis
757 5890 891 5944 ntentione
903 5889 984 5952 lacta,
999 5899 1055 5944 tant
1069 5892 1140 5962 apud
1190 5891 1370 5946 Benedictinae
1390 5893 1498 5949 lumiliae
1518 5899 1691 5961 monasteria,
1714 5898 1781 5951 arico
1798 5907 1825 5951 at
1840 5916 1850 5948 ι
1864 5899 1891 5953 in
1908 5892 1974 5954 ‘sola

360 5951 498 6035 Saturium
513 5955 545 6035 ‘in
561 5955 679 6014 llistoria
703 5960 867 6030 lloguotiua,
882 5967 938 6012 tunt
961 5959 1031 6028 apud
1046 5959 1140 6016 Galae·
1191 5961 1328 6031 provincia
1351 5962 1506 6034 Mogontina
1521 5986 1530 6018 ι
1553 5966 1694 6021 Trithemii
1716 5976 1836 6038 ternpore
1850 5983 1975 6049 sugeres·

360 6037 464 6076 rterturo
484 6025 560 6079 rmtio
571 6025 673 6083 [labani
687 6029 812 6098 Operam,
824 6036 882 6082 tam
901 6029 969 6095 apud
983 6029 1139 6084 browerum
1192 6037 1252 6086 sent
1269 6048 1278 6081 ι
1294 6041 1405 6087 centum
1424 6035 1518 6105 uiginti
1539 6044 1655 6104 quatum
1668 6036 1783 6091 abbatiae
1805 6048 1890 6094 austra
1904 6040 1975 6094 ordi·
