4509 6850
316 610 367 664 ὃῗει

646 607 676 659 Β.
699 606 823 661 tilittb't
844 606 951 661 little
973 606 1131 661 dilinitur.

1155 606 1307 662 lltrtll'NT.
1328 603 1471 661 otettttssit
1491 602 1579 659 etus
1598 604 1618 657 i.
1851 644 1854 648 .
1898 604 1953 656 ssu

313 727 466 795 cupiebant,
483 737 511 778 ut
531 740 591 779 eum
617 724 761 796 tii-angelis
774 724 841 797 legis
864 733 997 795 praeopta
1012 726 1106 779 nrisre-
1121 730 1146 787 Α
1160 727 1279 791 intrauit,
1296 746 1326 781 nr
1342 729 1379 781 sie
1399 726 1483 781 ourrria·
1498 726 1583 781 lsrael
1598 725 1685 781 suitur
1702 728 1783 798 tieret.
1804 724 1872 794 Quis
1887 740 1955 797 ergo

313 826 385 882 rent,
400 826 426 871 et
449 816 474 872 in
491 818 595 872 utribus
610 817 747 873 veteribus
771 819 861 873 riuum
888 833 988 873 norum
1011 817 1103 872 mitte-

312 916 383 964 rent.
398 905 452 963 Sed
464 906 608 979 Apostolus
620 908 653 964 ad
666 924 713 964 eos
724 906 845 979 loquitur
857 905 928 980 (Gul.
944 908 986 980 ru)
1000 928 1006 962 :
1028 909 1051 964 0
1064 907 1105 963 in·

312 1002 410 1056 sensuli
422 999 523 1057 Galate
534 1001 544 1054 l
556 1003 614 1073 quia
634 1018 676 1056 eoa
693 994 831 1071 fascinavit
850 1002 953 1068 oerituti
976 1020 1027 1057 non
1045 1002 1105 1056 ohe-

311 1095 386 1148 dire?
398 1094 494 1149 Sermo
509 1095 591 1166 igitur
602 1095 774 1166 evangelicus
786 1094 914 1165 apostolis
923 1096 1014 1164 potius
1023 1110 1104 1164 quant

312 1188 410 1241 scribis
423 1194 451 1241 et
468 1186 617 1258 Pharisaeis
631 1195 673 1243 est
683 1186 887 1251 ‘infundendus
902 1188 948 1257 qui
971 1184 1104 1254 maiorum

312 1280 503 1336 traditionibus
524 1279 674 1353 depretiati,
703 1279 886 1334 sinceritatem
907 1286 1104 1348 praeceptorum

311 1369 413 1428 Christi
429 1386 483 1427 non
496 1378 623 1441 poterant
644 1370 791 1428 custodire.
807 1369 866 1425 Atta
878 1379 919 1424 est
940 1369 1012 1423 enim
1032 1368 1105 1439 puri-

310 1472 353 1519 tas
365 1462 505 1537 ilrgiualis
517 1466 624 1531 anima,
636 1472 664 1518 et
675 1464 747 1519 nulla
760 1464 859 1538 prioris
871 1462 929 1517 ritii
944 1463 1105 1532 contagione

308 1554 426 1629 pollutae,
444 1557 504 1613 alle,
517 1557 612 1614 sordes
626 1574 685 1630 quae
704 1557 849 1613 multorum
862 1555 1019 1611 libidinibus
1041 1555 1105 1609 sub

306 1648 461 1716 jactierunt.
493 1649 584 1720 eleg.)
610 1649 765 1704 Cauendum
790 1646 972 1719 ergodoctori
1000 1654 1043 1701 est
1069 1662 1104 1703 ne

310 1736 407 1793 animae
422 1738 541 1793 nondum
566 1748 713 1804 renovatae,
730 1739 778 1793 sed
801 1739 828 1792 in
845 1744 980 1792 uetustate
995 1735 1104 1791 malitiae

310 1827 466 1896 perduranti
491 1839 630 1884 nurerum¹
644 1830 836 1900 mysteriorum
859 1834 964 1884 secreta
979 1827 1102 1882 commit-

310 1928 359 1971 tat.
379 1915 488 1987 Quodsi
504 1921 600 1991 querit
614 1919 712 1991 aliquis
725 1906 790 1992 quid
806 1923 877 1975 inter
893 1922 984 1974 rinnnr
1003 1934 1103 1973 norunt

309 2009 423 2079 mystice
437 2019 463 2063 et
476 2010 669 2066 uestimentum
689 2009 771 2065 distet
793 2026 903 2074 nerum,
929 2009 1008 2064 lacile
1030 2015 1104 2078 patet

1158 820 1388 892 archisynagogus
1402 819 1463 885 iste,
1476 819 1521 888 qui
1537 818 1571 874 ad
1581 817 1727 874 Dominum
1740 832 1791 889 pro
1804 816 1860 873 lilia
1875 834 1955 892 rogn-

1157 918 1235 966 tnrus
1250 910 1367 970 advenit,
1384 909 1480 964 melius
1494 923 1575 978 quam
1593 908 1651 979 ipse
1664 893 1753 963 llnses
1770 906 1936 979 intelligitur

1157 1001 1234 1059 Unde
1249 998 1318 1056 bene
1330 999 1430 1065 laicus,
1446 1001 1474 1055 id
1489 995 1693 1054 estllhu'niuune
1705 999 1761 1054 sire
1771 997 1955 1067 illuminatus,

1157 1104 1279 1147 rocatnr.
1302 1092 1352 1160 Qui
1370 1093 1473 1162 accepit
1489 1091 1569 1146 rerba
1584 1091 1645 1145 ritae
1660 1091 1724 1146 dare
1738 1090 1836 1155 nobis,
1857 1097 1886 1164 et
1907 1107 1955 1161 per

1157 1186 1215 1240 hae
1230 1177 1343 1240 coeteros
1360 1183 1500 1240 illuminat.
1516 1192 1543 1237 et
1556 1184 1613 1253 ipse
1627 1198 1642 1235 a
1657 1177 1760 1251 Spiritu
1775 1192 1874 1239 sancto
1886 1200 1955 1255 ‹yuti-

1157 1275 1237 1330 modu
1252 1274 1344 1330 vitalia
1358 1283 1385 1329 et
1399 1273 1532 1344 spiritalia
1548 1275 1645 1330 docere
1659 1281 1768 1344 posset,
1781 1273 1954 1331 illuminatus

1157 1360 1216 1432 estss
1236 1366 1280 1434 qui
1299 1366 1393 1421 ridens
1414 1363 1524 1428 lesum,
1549 1365 1697 1420 secundum
1713 1364 1797 1419 alium
1812 1366 1953 1436 orarrgeli·

1157 1463 1247 1517 staur,
1273 1455 1390 1526 precidit
1404 1456 1437 1509 ad
1452 1456 1534 1526 pedes
1554 1455 1632 1523 ejus:
1659 1455 1722 1524 qula
1746 1456 1903 1526 previdens
1927 1457 1954 1511 in

1157 1537 1253 1619 spiritu
1269 1537 1412 1602 venturum
1435 1548 1460 1602 in
1481 1562 1564 1601 earne
1581 1549 1682 1611 Deum,
1704 1536 1801 1604 lnnuili
1822 1549 1907 1604 corde
1924 1563 1954 1603 se

1157 1637 1214 1705 ejus
1228 1639 1355 1707 potentin
1371 1638 1498 1692 subdidit.
1516 1638 1601 1704 erent
1618 1638 1654 1691 ita
1671 1634 1744 1692 circa
1761 1639 1844 1694 duem
1860 1639 1952 1695 secuti

1157 1710 1298 1782 hominem
1310 1718 1504 1781 incarnandum
1526 1742 1586 1783 esse
1605 1729 1746 1798 cognorit,
1768 1740 1799 1783 ut
1818 1737 1952 1785 aternum

1156 1813 1220 1873 ante
1238 1834 1319 1874 omne
1337 1820 1464 1874 saeculum
1483 1818 1567 1895 herrm
1585 1822 1701 1875 existere
1726 1837 1779 1875 rien
1805 1822 1951 1877 dubitaret.

1156 1910 1184 1966 Si
1204 1913 1275 1965 enim
1292 1904 1373 1981 eaput
1386 1899 1487 1966 Christi
1504 1912 1584 1977 lieris,
1600 1911 1682 1981 pedes
1703 1914 1761 1983 ejus
1780 1914 1848 1984 qnid
1863 1913 1953 1984 aptius

1155 2017 1236 2075 quam
1253 2012 1390 2073 assumpta
1403 2004 1568 2084 humanitas,
1581 2010 1748 2080 qua'terram
1763 2014 1867 2060 nostro·
1877 2020 1952 2061 mor·

309 2099 372 2168 qnia
388 2101 451 2153 rino
466 2101 539 2154 intus
552 2099 692 2155 reficimur
705 2109 732 2154 et
749 2101 927 2178 inebriamur,
943 2100 1104 2155 uestimento
1119 2092 1142 2151 tt
1158 2095 1269 2150 talitatis
1283 2095 1380 2166 tetigit,
1397 2094 1546 2167 aecipiendi
1562 2097 1645 2151 suntl
1659 2096 1692 2150 lit
1707 2097 1851 2166 procidere
1865 2097 1953 2154 archi-

309 2198 400 2245 autem
413 2190 565 2246 lorinsecus
578 2190 725 2244 induimur.
747 2188 815 2245 Cum
830 2205 892 2245 reru
906 2197 1053 2259 utrumqne
1068 2187 1102 2242 ael

309 2277 519 2351 significantiam
540 2279 603 2333 ritae
615 2280 733 2349 pertinet
746 2269 890 2349 spiritalis,
911 2281 1103 2338 uestimentum

309 2369 431 2440 prolecto
459 2383 540 2439 opera
570 2379 664 2425 nestra
688 2366 830 2438 bonaque
854 2369 921 2424 ieris
936 2370 1051 2442 amatus.
1076 2377 1105 2424 et

309 2460 407 2529 quibus
422 2458 676 2514 coramhominibus
689 2457 819 2524 lucemus,
835 2459 952 2513 insinuat
962 2477 969 2523 ;
980 2458 1042 2514 rino
1053 2473 1102 2512 au·

309 2562 361 2602 tem
376 2565 446 2605 noro
461 2549 550 2604 terror
565 2549 637 2615 hdci,
649 2550 705 2620 spei
716 2557 744 2604 et
756 2539 975 2620 charitatisque
996 2551 1023 2604 in
1040 2565 1103 2604 eon·

310 2648 403 2709 spectu
428 2622 513 2695 nostri
531 2639 679 2695 conditoris
703 2641 729 2693 in
756 2641 875 2695 notitae
900 2656 995 2695 sensus
1017 2641 1104 2696 nostri

310 2735 382 2787 intus
404 2734 454 2804 ipsi
478 2733 669 2796 rcinrmar'nur,
695 2734 866 2805 exprimitur.
887 2732 1016 2804 Sequitur
1038 2734 1104 2788 llat-

310 2823 408 2886 tlueus,
424 2824 548 2877 ordinem
563 2832 716 2892 temporum
732 2837 852 2888 seruans,
868 2832 896 2880 et
911 2823 994 2877 dicit:

345 2913 414 2989 [ll]
436 2913 500 2969 llere
514 2914 559 2969 illo
572 2916 607 2968 eri
625 2912 669 2969 cos
684 2914 814 2985 loquente,
829 2931 887 2968 ecce
901 2914 1020 2984 princepe
1035 2931 1103 2967 erretis

311 2993 431 3072 retersit,
448 3019 471 3062 et
486 3008 613 3061 edoruhot
628 3024 698 3069 erent,
712 3006 821 3060 dicens:
836 3005 957 3068 Domine,
973 3005 1029 3071 filie
1046 3021 1103 3057 men

309 3102 387 3155 modo
410 3100 534 3170 deferretur
550 3110 606 3163 est;
626 3106 670 3153 seii
686 3100 757 3162 uerri,
780 3099 883 3169 iatpoue
902 3115 1008 3151 inuitum
1030 3108 1102 3150 trium

309 3209 387 3262 seper
408 3208 483 3252 erro,
506 3201 529 3244 et
553 3191 629 3245 elect.
659 3189 751 3260 eleg.)
777 3188 854 3244 llunc
869 3200 934 3259 ergo
953 3188 1102 3256 principem

309 3280 415 3336 blarcus
429 3281 526 3353 (ellare.
541 3280 568 3351 r)
591 3290 616 3336 et
639 3279 728 3335 Lucus
743 3275 818 3350 (lue.
834 3279 893 3349 rur)
912 3277 1004 3333 dic'unt
1019 3276 1102 3331 hrisse

308 3372 569 3443 archisynagogum,
595 3380 621 3426 et
642 3371 752 3425 *noterine
772 3367 892 3433 laicum,
917 3368 1100 3440 procidentem

1156 2187 1322 2257 s'ynagngum
1337 2177 1371 2241 ad
1385 2186 1468 2255 pedes
1479 2184 1554 2253 lesu,
1568 2196 1611 2243 est
1623 2186 1805 2260 legislatorem
1819 2201 1882 2245 curn
1897 2198 1952 2246 tota

1155 2278 1284 2348 progenie
1297 2284 1405 2346 patrum
1420 2277 1659 2332 mediatorem-liei
1673 2287 1698 2333 et
1715 2279 1859 2335 hominum
1873 2280 1952 2352 louge

1156 2361 1207 2423 sibi
1222 2367 1361 2439 diguitatis
1376 2368 1461 2440 gloria
1476 2368 1674 2437 preterendum
1689 2384 1750 2425 csse
1773 2355 1950 2443 cognoscere,

1154 2465 1183 2511 et
1197 2456 1318 2512 conliteri
1332 2472 1394 2512 cum
1408 2458 1538 2527 apostole
1549 2457 1575 2528 (l
1589 2456 1652 2510 Gor.
1666 2458 1697 2528 r),
1711 2457 1774 2527 qnia
1788 2458 1860 2529 errori
1874 2458 1949 2521 inir-

1155 2565 1226 2602 mum
1246 2557 1282 2603 est
1301 2547 1361 2611 bet,
1382 2549 1476 2618 [artior
1500 2560 1537 2604 ert
1560 2550 1718 2621 terminibus.
1749 2547 1866 2621 (llere.)
1883 2548 1950 2617 Ouid

1155 2649 1245 2695 autem
1262 2640 1491 2713 archisynagogus
1506 2640 1550 2696 illc
1565 2643 1681 2697 adorans
1695 2640 1851 2707 bominum,
1867 2642 1951 2711 petie·

1156 2734 1191 2787 rit
1204 2734 1364 2788 audiamus:
1383 2730 1466 2797 reue,
1484 2732 1581 2802 inquit,
1597 2749 1654 2787 mro
1669 2733 1888 2802 merlorlelrncto
1903 2744 1949 2793 ert,

1156 2824 1270 2878 seruent
1280 2866 1287 2888 ,
1303 2826 1405 2893 lampone
1419 2840 1525 2878 monum
1545 2833 1616 2879 trram
1637 2842 1715 2894 super
1731 2840 1807 2883 eom.
1829 2835 1855 2879 et
1876 2826 1950 2881 stoi.

1155 2916 1228 2970 Filia¹
1243 2929 1308 2987 ergo
1329 2915 1535 2987 archisynagogi
1562 2917 1618 2985 ipsa
1640 2924 1682 2971 est
1705 2917 1868 2987 synagoga,
1891 2931 1951 2986 quae

1155 3008 1210 3063 sela
1227 2994 1489 3079 legatiinstitutlone
1502 3009 1753 3079 composita,·quasi
1768 3010 1848 3064 unica
1865 3008 1948 3080 ll'oysi

1155 3111 1217 3155 nata
1231 3110 1299 3154 erat.
1328 3099 1404 3156 Unde
1421 3109 1446 3154 ct
1463 3100 1487 3153 in
1506 3098 1650 3170 Evangelio
1668 3099 1748 3154 lucae
1764 3100 1801 3153 ita
1817 3100 1948 3171 scriptum

1154 3202 1206 3258 est,
1221 3195 1282 3263 eperia
1297 3191 1353 3261 filiu
1369 3194 1447 3245 unico
1461 3201 1516 3246 erut
1531 3190 1570 3243 illi
1583 3192 1638 3261 sere
1652 3207 1783 3245 annorum
1798 3191 1947 3252 duodecim,
1996 3218 2000 3224 ·

1153 3294 1178 3337 et
1201 3285 1256 3337 hirc
1279 3282 1448 3336 moriebatur.
1476 3281 1562 3349 Quam
1588 3280 1667 3336 niodo
1692 3279 1849 3338 defunctam
1874 3289 1951 3352 pater

1154 3375 1211 3446 ipse
1225 3375 1413 3445 conqueritur:
1427 3374 1489 3445 qnia
1503 3382 1563 3445 post
1579 3373 1694 3430 nobilem
1708 3374 1898 3432 educationem
1912 3374 1963 3433 lc·.

309 3462 342 3516 aul
355 3463 436 3533 pedes
447 3460 522 3524 lesu,
533 3473 560 3515 ct
571 3464 761 3532 deprecantem
776 3476 825 3532 pro
836 3461 953 3515 sanitate
964 3458 1024 3513 llliae
1034 3475 1099 3512 5¹¹³!-
1116 3457 1139 3520 C
1156 3466 1294 3537 gislatoris
1309 3474 1335 3519 et
1351 3465 1558 3521 instructionem
1573 3466 1784 3536 prophetarum,
1804 3475 1950 3539 postquam

309 3554 385 3622 tlrrrrd
401 3571 466 3610 rere
482 3555 622 3608 hlatthaeus
646 3554 889 3627 archisynagogum
912 3567 965 3605 nen
988 3552 1100 3605 moritu-

310 3661 378 3711 ram,
393 3645 434 3699 rel
451 3645 621 3709 morientem,
638 3644 679 3697 rel
696 3645 723 3697 in
740 3652 862 3697 extreme
877 3644 1002 3713 positam,
1019 3640 1101 3693 liliatn

308 3750 384 3790 stram
401 3745 491 3790 narrat
508 3734 622 3790 Domino
639 3736 793 3800 nuntiasse,
816 3734 863 3789 sed
879 3734 989 3788 omniuo
1005 3733 1117 3810 delire--

308 3836 397 3889 rtarru;
415 3824 452 3879 illi
468 3834 557 3880 autern
571 3824 634 3890 diro,
647 3825 726 3880 morti
738 3825 794 3895 jam
807 3819 970 3893 proximam,
983 3823 1100 3879 nondum

308 3927 399 3970 tauron
416 3925 569 3983 nrortuam,
583 3915 810 3970 considerandum
825 3923 883 3977 est,
902 3929 939 3968 ue
951 3916 1102 3985 repugnare

308 4006 441 4071 rideatur,
452 4014 479 4061 et
490 4006 691 4077 intelligendum
705 4006 844 4060 breritatis
856 4020 936 4059 cansa
949 4003 1101 4085 llattlneurn

309 4103 360 4154 herc
374 4099 463 4170 potius
479 4099 568 4154 dicere
586 4097 718 4163 voluisse,
742 4106 866 4170 rogatum
885 4113 946 4152 esse
958 4096 1049 4153 Jcsunr
1073 4107 1101 4151 ut

308 4193 411 4244 l'reeret
424 4189 495 4266 qrrod
511 4205 571 4243 enm
586 4188 683 4244 iecisse
698 4189 871 4245 rnaniicsturn
888 4198 940 4255 est,
956 4197 984 4244 nt
998 4176 1103 4245 seilicet

303 4284 443 4335 'retertuam
457 4279 621 4334 suscitaret:
640 4281 755 4335 attendit
769 4281 840 4334 errirn
857 4297 909 4334 non
922 4282 1003 4335 rerba
1017 4282 1102 4350 patris

308 4371 341 4423 tle.
358 4370 485 4435 liliosae,
503 4372 560 4435 scd,
576 4370 647 4440 quud
662 4378 703 4425 cst
720 4372 902 4440 potissimum,
917 4371 1099 4437 roluntate'rn;

307 4472 334 4514 et
350 4460 413 4515 talia
427 4461 508 4515 rerba
525 4463 624 4531 posuit,
641 4461 729 4532 qualis
745 4451 869 4517 r'oluntas
881 4472 949 4516 crat.
974 4462 1011 4529 lta
1030 4463 1101 4517 enim

305 4552 515 4622 ilesperaterat,
532 4565 561 4607 ut
576 4545 666 4624 petius
679 4568 740 4609 cani
755 4554 836 4607 vellet
850 4542 1028 4616 reririscere,
1049 4571 1102 4608 uou

307 4646 421 4699 eredens
438 4645 525 4698 rirurn
543 4662 622 4716 posse
637 4647 769 4711 inueniri,
785 4639 1043 4716 ipram'moricntern
1060 4663 1099 4698 re

308 4731 436 4810 liquerat.
462 4740 519 4794 lluu
535 4742 625 4811 itaque
640 4751 793 4810 posueruut·
802 4742 867 4810 quid
885 4739 984 4795 dixerit
996 4737 1100 4804 Jairus,

308 4923 388 4976 titunt
404 4930 473 4975 estu
490 4922 620 4989 bortriuo,
636 4924 672 4976 tit
696 4923 737 4975 rel
761 4922 920 4975 morientem
942 4919 1043 4974 saltatu
1063 4918 1102 4974 la-

306 5026 397 5079 ceret,
413 5015 455 5068 rel
469 5027 604 5070 mortuam
619 5018 782 5070 suscitaret:
802 5016 849 5069 sed
863 5030 923 5068 curu
940 5013 1102 5069 instituisset

308 5108 451 5163 llatthmns
467 5110 553 5161 totum
568 5109 689 5162 breritcr
701 5107 801 5171 dicere,
825 5107 876 5161 hoc
891 5106 1040 5161 insinuarit
1054 5121 1101 5176 pa-

307 5208 378 5253 trem
393 5208 536 5269 rogantem
553 5199 654 5254 dixisse
675 5199 747 5267 quod
771 5208 798 5253 ct
823 5199 911 5268 ipsunt
935 5207 1039 5252 certuur
1058 5209 1100 5252 est

305 5287 425 5342 saluisse
440 5296 467 5342 et
480 5288 619 5343 Christum
634 5288 741 5342 iecisse.
764 5288 876 5358 llystice
891 5297 984 5343 auteur·
1004 5289 1031 5342 in
1048 5288 1100 5343 hac

305 5377 433 5442 lectione,
460 5379 505 5432 uhi
531 5379 762 5450 areltisynagogus
786 5380 892 5435 saltare
916 5379 997 5434 liliam
1023 5395 1099 5435 suani

304 5470 391 5541 petit,
419 5471 466 5526 sed
483 5479 613 5542 pergente
634 5472 667 5525 ad
688 5472 798 5527 domurn
813 5472 870 5542 ejus
886 5472 1010 5536 llonrinn,
1030 5458 1099 5543 pue-

304 5570 419 5633 ncrupat
430 5561 640 5618 baerrrorrboissa
652 5563 758 5626 mulier,
770 5573 797 5619 et
808 5564 934 5637 proripit
940 5565 1082 5619 sanitatem
1092 5582 1098 5631 ;

305 5668 338 5707 ec
359 5651 456 5708 deinde
478 5653 533 5708 illia
558 5655 765 5726 archisynagogi
788 5656 822 5709 ad
840 5652 959 5727 optatam
976 5657 1101 5726 perrenit

305 5733 467 5806 sanitatem,
492 5743 546 5822 imo
569 5743 603 5798 de
628 5753 714 5798 morte
736 5752 862 5799 'resecata
885 5754 928 5798 cst
951 5746 984 5799 ad
1004 5745 1098 5810 ritum,

304 5834 378 5888 salus
403 5836 556 5891 ostenditur
579 5837 687 5907 greneris
701 5837 813 5891 humaui
832 5854 837 5888 :
858 5852 918 5905 quae
937 5837 1051 5892 Domino
1071 5837 1097 5892 in

305 5941 387 5998 tertre
400 5927 526 5981 renieute
540 5927 576 5981 ita
593 5914 748 5998 dispensata
763 5936 814 5993 est,
828 5936 858 5981 ut
869 5928 958 5996 primo
967 5929 1052 5998 aliqui
1064 5944 1097 5982 ex

305 6017 389 6078 lsrael
409 6020 538 6080 allident
556 6025 696 6088 rerrcrint,
721 6022 817 6077 deiude
830 6022 965 6094 plectitudo
981 6026 1096 6093 genitium

400 6232 437 6288 l..

1156 3556 1189 3609 ad
1204 3556 1386 3627 intelligibiles
1400 3547 1504 3611 anilnus
1519 3548 1858 3627 perrenera1‚'postquam
1871 3556 1950 3627 spiri·

1155 3646 1234 3700 talcrn
1250 3647 1304 3701 lien
1319 3646 1438 3701 sobolem
1456 3661 1586 3716 generare
1603 3646 1733 3712 delebat,
1750 3646 1890 3703 reriomm
1907 3662 1951 3702 er·

1155 3753 1246 3792 rorum
1274 3738 1408 3807 languore·
1430 3745 1626 3801 consternata,
1656 3738 1746 3792 subito
1773 3746 1949 3808 peccatorum

1154 3837 1241 3883 morte
1256 3830 1389 3884 exstincta
1403 3839 1462 3894 est;
1477 3830 1525 3884 sed
1538 3829 1648 3884 veniens
1663 3828 1830 3899 Redemptor
1845 3838 1948 3894 noster,

1146 3936 1234 3990 qnam
1250 3913 1391 3975 manuam
1402 3922 1519 3984 invenit,
1542 3921 1653 3976 dextera
1673 3935 1729 3975 suae
1748 3923 1881 3991 porentia
1896 3922 1950 3977 cito

1154 4011 1284 4064 attritam
1302 4011 1446 4067 resecarit.
1474 4008 1542 4064 Nota
1558 4012 1629 4081 qttod
1650 4012 1777 4081 princeps
1789 4012 1849 4066 iste
1859 4012 1946 4067 dixit:

1160 4105 1234 4173 l'cui,
1249 4109 1352 4177 impone
1368 4122 1474 4160 murrum
1490 4115 1561 4160 tuom
1576 4123 1653 4178 super
1666 4122 1733 4170 eom,
1751 4116 1775 4160 et
1789 4108 1873 4168 niret:
1888 4122 1948 4162 cen·

1155 4199 1329 4253 turio-autern
1344 4199 1402 4264 ait3
1419 4196 1541 4262 Dotnirrr,
1554 4207 1656 4251 tontum
1671 4196 1713 4250 dic
1728 4197 1818 4259 uerbo,
1834 4205 1947 4253 etaemu-

1155 4288 1224 4341 bitur
1237 4306 1302 4358 puer
1314 4305 1397 4344 meus.

1191 4380 1224 4433 Et
1239 4397 1346 4452 mergens
1361 4379 1439 4436 lesus
1456 4381 1612 4450 sequebatur
1625 4397 1693 4442 eant,
1708 4392 1731 4434 et
1746 4379 1944 4450 diecipnti'ey'as.

1153 4473 1222 4540 Quia
1250 4483 1334 4542 prope
1359 4480 1400 4527 cst
1425 4472 1584 4554 timentibus
1609 4471 1839 4525 biirrmsaletane
1866 4469 1945 4540 ipsius

1155 4563 1239 4635 (Psoi.
1257 4564 1384 4633 irruit),
1410 4578 1460 4618 nec
1483 4563 1653 4618 obliviscitur
1667 4575 1748 4617 rores
1768 4546 1944 4633 quaerentium

1154 4668 1194 4708 sc.
1221 4653 1270 4710 Ubi
1292 4654 1365 4708 enirn
1388 4652 1519 4708 atlrentus
1542 4651 1605 4708 lesu
1628 4668 1689 4706 cum
1712 4650 1872 4708 doctoribus
1892 4649 1944 4705 suia

1156 4743 1336 4815 propinquat,
1362 4744 1453 4799 statim
1468 4742 1505 4798 ibi
1521 4743 1617 4798 mortis
1636 4742 1726 4798 exitus
1745 4751 1774 4796 et
1794 4743 1857 4796 ritae
1875 4746 1945 4810 potet

308 4832 450 4884 llattlreus
466 4841 556 4884 autem
576 4834 640 4901 quid
656 4833 781 4885 uoluerit.
807 4831 956 4902 Ult'tttiiqut!
974 4828 1038 4900 ergo
1055 4844 1101 4900 pe
1115 4815 1144 4873 Π

1154 4836 1290 4890 introitus.
1380 4855 1386 4861 ·

1190 4925 1248 5000 [lb]
1260 4924 1296 4978 tn
1308 4913 1366 4979 ecre
1380 4925 1476 4978 multer
1487 4940 1547 4995 quer
1562 4927 1697 5003 turrguinis
1713 4926 1818 4995 durnin
1832 4926 1945 4997 petreiu-

1153 5031 1197 5073 tur
1209 5020 1347 5073 ‹irredecim
1360 5017 1449 5083 uanis,
1471 5019 1702 5072 occessit-rotroci
1717 5019 1801 5089 tetigit
1815 5016 1945 5087 fimbrium

1152 5108 1298 5169 vestimenti
1312 5113 1380 5182 ejus.
1408 5109 1516 5182 (bedu.)
1535 5109 1631 5165 llutier
1645 5111 1777 5181 sanguiue
1789 5109 1888 5177 bueus,
1902 5108 1947 5165 sed

1153 5220 1166 5257 a
1183 5204 1297 5258 bomine
1310 5210 1422 5268 curata,
1439 5198 1561 5256 Ecclesia
1574 5210 1617 5255 est
1630 5209 1795 5272 congregata
1811 5200 1848 5255 de
1860 5199 1946 5273 genti

1155 5293 1219 5357 bus;
1239 5306 1300 5362 qum
1319 5291 1441 5361 ingenito
1454 5290 1604 5345 carnalium
1619 5290 1833 5369 delectationum
1848 5291 1946 5361 polluta

1155 5382 1245 5450 husu,
1262 5389 1343 5451 atque
1358 5397 1373 5435 a
1387 5389 1459 5437 coetu
1470 5380 1529 5449 jam
1543 5382 1631 5437 hrcrat
1647 5372 1788 5454 segregata
1805 5382 1944 5439 bdeliumt

1154 5475 1202 5529 sed
1216 5476 1278 5529 ditm
1294 5473 1406 5528 rcrbunr
1421 5468 1602 5528 llei‘ludream
1622 5473 1727 5528 salvare
1742 5483 1884 5541 cerneret,
1903 5470 1947 5529 titi

1153 5573 1276 5636 paratam
1288 5564 1344 5634 jam
1360 5564 1575 5635 promissamque
1589 5564 1649 5620 aliis
1662 5564 1804 5636 praeripuit
1814 5581 1865 5635 spe
1875 5570 1948 5621 certe

1155 5654 1280 5709 salutem.
1294 5653 1446 5708 Notandum
1458 5655 1530 5723 quod
1541 5663 1569 5709 et
1580 5655 1787 5727 archisynagogi
1799 5655 1947 5713 duodenni!

1154 5745 1190 5799 sit
1203 5744 1272 5810 filia,
1290 5736 1318 5798 et
1333 5744 1430 5799 mulier
1444 5745 1502 5800 haec
1516 5746 1550 5799 ab
1565 5746 1644 5801 annis
1659 5745 1802 5802 duodecim
1818 5748 1946 5820 sanguine

1152 5837 1275 5903 diruerit,
1291 5839 1408 5904 horest,
1424 5839 1528 5904 eedem,
1547 5853 1600 5908 qno
1614 5840 1673 5894 lucc
1686 5847 1750 5893 nata
1764 5839 1801 5896 sit
1817 5850 1943 5913 ternpore.

1153 5926 1197 5981 illa
1221 5929 1335 5996 emperit
1357 5907 1509 5982 intlrma'ri:
1532 5943 1585 5983 una
1609 5931 1686 5984 enirn
1706 5944 1777 6002 pene
1799 5932 1946 6002 eademque

1153 6021 1243 6076 sectili
1255 6022 1334 6094 buiris
1347 6031 1426 6077 :etate
1443 6032 1468 6078 et
1485 6022 1627 6094 Syuagega
1643 6023 1669 6077 in
1682 6014 1851 6095 patriarchis
1862 6024 1945 6086 nasci.
