4509 6850
310 670 380 729 ibib

634 670 665 725 Β.
685 667 811 727 unuani
830 667 940 727 midai
960 665 1118 724 attentum
1140 663 1293 722 MDGUNT.
1313 663 1456 721 otendit
1476 663 1565 719 tans
1584 664 1605 719 l.

1871 663 1945 722 toto

307 801 341 841 su
360 778 405 837 ulli
420 780 568 836 bonritmm.
588 777 623 833 lt
636 778 686 849 ipsi
703 779 737 835 ad
756 794 819 835 suos
840 778 940 835 reuersi
955 777 1101 832 leuauerant
1116 777 1219 845 bergo
1239 789 1321 829 verus
1335 774 1465 829 Dominus
1487 789 1601 845 pravum
1627 782 1655 830 et
1677 776 1869 849 blasphemum
1896 792 1950 851 pitr-

308 889 395 929 toeenr
414 870 448 925 od
469 870 563 935 Derim,
576 878 600 923 et
610 868 747 935 dixerunt,
774 867 824 934 Tu,
840 868 950 922 Dontine
963 865 1043 932 Dens,
1056 865 1101 937 qui

310 962 395 1031 fecisti
419 960 510 1016 coelunt
533 969 557 1014 et
577 969 677 1013 terrum
695 967 719 1013 et
736 958 824 1012 omnio
842 972 901 1028 qooe
919 957 948 1010 r‘n
967 955 1005 1011 eie
1029 964 1101 1019 tunt,

308 1054 353 1123 qui
376 1050 477 1123 Spiritu
493 1060 583 1105 sancto
603 1066 649 1121 ptr
668 1065 696 1104 ot
716 1048 799 1120 putris
814 1049 897 1103 nostri
922 1046 1004 1101 Doot'd
1027 1048 1102 1118 pueri

310 1147 351 1201 tui
374 1146 487 1201 dixisti:
508 1143 595 1210 Quare
617 1143 778 1213 tremuerunt
795 1151 882 1212 gentes
897 1150 921 1195 et
944 1137 1033 1211 populi
1045 1125 1100 1192 rne-

309 1236 387 1291 ditati
400 1246 460 1290 sont
477 1234 587 1289 inania?
605 1233 742 1287 astiterunt
769 1248 839 1302 reges
855 1242 933 1286 tertre
952 1239 976 1284 et
1001 1218 1101 1300 omnei-

310 1345 354 1399 pes
380 1335 553 1382 conuenerant
579 1327 606 1379 in
629 1342 711 1379 anum
734 1325 858 1380 udrerstts
883 1324 1022 1379 Dominum
1040 1366 1047 1389 ,
1066 1333 1102 1378 et

310 1419 434 1474 aduersas
468 1414 601 1471 Christum
639 1416 706 1486 ejus.
749 1411 929 1469 Convenerunt
966 1413 1034 1467 enim
1074 1413 1102 1465 in

311 1511 414 1565 ciuitate
441 1509 492 1563 isto
521 1508 645 1562 aduersus
673 1516 793 1562 sunctum
818 1522 927 1578 puerum
955 1518 1029 1561 tuum
1058 1504 1103 1560 Je-

310 1619 392 1667 sttm,
414 1617 489 1672 quem
511 1599 629 1666 unxisti,
661 1597 778 1653 Herodes
810 1606 834 1653 et
862 1597 973 1652 Pontias
999 1595 1103 1653 Pilatus

311 1707 370 1744 tum
399 1689 517 1761 gentibus
543 1698 568 1742 et
585 1688 688 1759 populis
711 1686 797 1742 lsrael
820 1687 916 1756 faeere,
938 1705 997 1755 oute
1011 1697 1104 1744 monus

310 1791 363 1836 tate
377 1789 402 1836 et
424 1779 558 1835 eonsilium
571 1778 737 1833 decreuerunt
751 1777 820 1847 fieri.
836 1775 869 1832 m
889 1795 968 1845 none,
983 1778 1103 1846 Domine,

309 1872 408 1941 respice
426 1870 551 1925 inminet
576 1883 676 1936 summ,
697 1878 722 1923 et
735 1869 769 1922 da
783 1870 862 1923 seruis
885 1871 936 1925 tuis
955 1886 1014 1925 com
1033 1871 1104 1925 omni

309 1962 408 2029 fidutia
432 1961 503 2034 ioqui
535 1962 638 2017 uerbum
668 1971 743 2015 tuum
767 1962 795 2015 in
826 1978 875 2029 eo,
911 1980 971 2018 cnm
997 1979 1104 2019 manum

310 2064 383 2107 tuom
400 2054 525 2107 extendus
554 2053 588 2107 ad
616 2052 741 2107 sanitates
759 2060 829 2119 tuos,
852 2064 876 2108 et
900 2056 976 2126 tigno
1001 2065 1025 2109 et
1043 2072 1105 2125 pro-

1152 868 1245 935 pulum
1261 861 1414 920 ludaeumm
1429 865 1463 920 ob
1485 864 1625 935 perfidiam
1644 882 1719 922 suam
1733 869 1761 924 in
1780 883 1881 925 atauus
1893 868 1951 927 lto·

1152 972 1306 1023 manorum,
1327 957 1424 1027 quibus
1448 958 1547 1028 partim
1569 956 1640 1013 lame
1657 960 1821 1027 exstinctis,
1845 960 1948 1032 partim

1153 1051 1242 1122 gladio
1255 1049 1364 1112 occisis,
1387 1048 1485 1117 partim
1503 1051 1585 1105 etiam
1600 1051 1626 1106 in
1641 1053 1826 1121 captiuitatem
1848 1051 1951 1121 ductis,

1153 1142 1190 1194 ita
1213 1149 1297 1196 totam
1325 1148 1425 1194 terram
1452 1148 1636 1207 vastaverunt,
1660 1149 1690 1195 ut
1712 1143 1817 1198 seilicet
1848 1153 1952 1201 metro-

1153 1231 1225 1300 polin
1245 1230 1340 1285 eorum
1359 1229 1525 1285 llierusalem
1545 1244 1561 1284 a
1578 1229 1753 1288 fundamento
1777 1241 1950 1300 everterent,

1154 1324 1338 1393 templumque
1363 1323 1572 1389 succenderent,
1594 1333 1622 1378 et
1645 1337 1752 1379 omnem
1776 1326 1882 1381 cultum
1905 1342 1953 1382 eo-

1154 1431 1222 1470 rumv
1237 1416 1410 1485 dissiparent.
1435 1414 1600 1486 Factumque
1622 1425 1663 1491 est
1695 1425 1758 1472 tune
1785 1418 1861 1488 quod
1895 1421 1953 1490 ipse

1155 1505 1278 1561 Salvator
1295 1514 1357 1560 ante
1372 1505 1412 1559 eis
1433 1505 1572 1574 praedixit:
1602 1504 1670 1572 Quia
1694 1507 1732 1561 ita
1760 1507 1954 1563 destruebatur

1155 1603 1211 1653 tota
1228 1596 1359 1652 habitatio
1377 1594 1658 1665 hierosolymitarum,
1678 1605 1707 1651 ut
1728 1613 1782 1652 non
1814 1600 1967 1669 relinque--

1155 1697 1230 1742 retur
1248 1686 1317 1757 lapis
1331 1700 1413 1756 super
1435 1686 1584 1760 lapidem(
1606 1686 1701 1742 liottb.
1729 1705 1796 1745 nutv
1811 1691 1833 1762 ).
1856 1692 1891 1747 m
1912 1708 1954 1749 se·

1155 1778 1272 1834 cundum
1294 1777 1413 1834 Danielis
1437 1779 1605 1848 prophetiam
1621 1779 1752 1837 desolatio
1773 1795 1953 1852 permaneret

1155 1885 1241 1940 usque
1265 1869 1292 1923 in
1319 1868 1411 1924 tinem.
1439 1868 1502 1925 Sire
1528 1870 1622 1926 aliter:
1648 1872 1811 1931 Tortoribus
1840 1878 1955 1933 tradidit

1155 1975 1212 2022 cos,
1228 1959 1309 2013 idest
1331 1957 1455 2027 malignis
1478 1957 1627 2028 spiritibus,
1641 1962 1687 2031 qui
1701 1962 1803 2019 inuidia
1819 1968 1954 2036 nequissi-

1157 2067 1227 2107 mam
1242 2052 1359 2106 animam
1373 2050 1591 2122 malitiosamque
1613 2053 1882 2126 etineorrigibilem,
1897 2060 1955 2115 sine

309 2146 381 2217 digit
399 2146 458 2216 fieri
485 2163 531 2215 per
556 2161 648 2199 nomen
672 2144 756 2197 sancti
780 2145 854 2214 pueri
879 2146 918 2199 tui
944 2145 1020 2210 lesu,
1049 2154 1103 2201 cte.
1119 2141 1142 2199 D
1157 2143 1210 2197 bne
1227 2142 1337 2197 aeternis
1359 2141 1525 2197 eruciatibus
1546 2142 1681 2213 punirent.
1703 2143 1783 2213 Quod
1803 2157 1897 2203 autem
1913 2165 1955 2206 se·

310 2239 381 2308 (aer.
398 2252 425 2291 n
438 2237 458 2309 ).

1155 2234 1248 2307 quitur
1261 2252 1267 2286 :

347 2326 420 2381 Tune
438 2327 537 2381 uocauit
560 2342 619 2378 earn
635 2326 757 2381 dominus
771 2343 835 2382 suus
853 2338 877 2382 et
901 2328 938 2381 ttr't
955 2326 1011 2381 iili:
1026 2327 1104 2383 Serre
1191 2322 1459 2380 secernerentur
1479 2324 1588 2379 celestis
1610 2326 1688 2394 societ
1703 2326 1789 2393 uobis,
1807 2328 1832 2381 si
1846 2345 1898 2383 non
1916 2346 1954 2385 re·

310 2433 432 2491 nequam,
456 2433 531 2473 omne
544 2415 658 2470 debitunt
679 2416 768 2470 dimisi
785 2415 832 2470 tibi
855 2417 979 2488 quoniam
1006 2420 1103 2487 rogasti
1154 2414 1277 2468 miseritis
1296 2415 1471 2485 unusquisque
1492 2413 1569 2483 [ratri
1587 2430 1635 2469 sito
1653 2415 1685 2471 de
1704 2416 1831 2472 cordibus
1851 2419 1952 2475 nestris.

309 2527 360 2576 ine,
376 2524 462 2566 nortne
477 2519 501 2562 et
521 2515 546 2560 te
565 2507 681 2577 oportuit
702 2507 821 2561 misereri
845 2507 961 2561 conserui
974 2507 1023 2572 ttti,
1036 2507 1103 2561 sicut
1155 2504 1254 2577 (llier.
1274 2504 1283 2577 )
1301 2504 1484 2565 Formidolosa
1514 2503 1593 2560 valde
1611 2507 1744 2561 sententia
1760 2517 1816 2573 cst,
1834 2508 1858 2562 si
1876 2507 1954 2576 juxta

309 2612 333 2658 et
351 2618 398 2674 ego
426 2602 465 2655 tui
502 2600 624 2654 misertus
655 2599 734 2653 eom?
758 2598 865 2654 Dimisit
879 2613 944 2669 ergo
967 2599 1101 2667 Dominus
1154 2603 1274 2650 nostram
1297 2603 1415 2650 mentem
1434 2595 1571 2651 sententia
1595 2587 1643 2652 Dei
1663 2594 1953 2669 ilectitnratquemu-

309 2692 383 2764 genti
409 2691 561 2746 ludaeorum
596 2690 694 2761 sapius
729 2690 829 2755 debita,
862 2690 970 2759 quando
1005 2692 1032 2745 iu
1056 2706 1104 2745 an·
1155 2694 1237 2740 tatur.
1266 2683 1294 2739 Si
1313 2699 1396 2754 parva
1415 2684 1544 2740 iratribus
1564 2701 1627 2741 riou.
1645 2686 1830 2758 dimittamus,
1857 2705 1954 2761 inagna

309 2783 405 2855 gustiis
428 2781 568 2837 constituti
579 2788 607 2835 et
622 2779 809 2849 poenitentiam
831 2788 943 2851 agentes
957 2780 1030 2836 illius
1050 2780 1102 2835 mi·
1154 2777 1264 2831 nobisa
1284 2776 1340 2831 Deo
1354 2790 1407 2831 non
1426 2777 1606 2832 dimittentur.
1622 2777 1655 2831 Et
1673 2777 1737 2848 quia
1757 2787 1852 2848 potest
1872 2794 1953 2835 unus-

308 2872 483 2928 serieordlam
510 2869 739 2940 deprecabantur3
760 2870 806 2924 scd
826 2869 934 2925 liberati
948 2870 987 2926 ab
1004 2886 1104 2943 angus·
1154 2867 1269 2937 quisque
1285 2867 1389 2923 dicere:
1417 2866 1488 2922 Nibil
1505 2869 1592 2923 babeo
1608 2878 1702 2923 currina
1729 2871 1886 2940 cumipse
1908 2884 1956 2924 no·

224 2948 235 2967 '
308 2965 355 3020 tiis
372 2962 472 3017 nullam
488 2968 581 3033 postea
596 2960 812 3031 compassionem
828 2959 870 3015 vel
889 2960 1103 3017 misericordiam
1154 2959 1193 3014 vit
1209 2976 1217 3024 ;
1233 2960 1315 3015 babet
1326 2959 1410 3015 Deum
1424 2958 1554 3031 judicem,
1569 2977 1623 3015 non
1644 2961 1710 3015 mibi
1733 2977 1802 3016 eura
1828 2971 1870 3018 est
1891 2962 1954 3031 quid

308 3071 372 3125 erga
390 3054 528 3123 prosimos
540 3065 673 3123 pauperes
690 3052 839 3119 baliebant3
856 3053 920 3123 quin
942 3053 1032 3123 potius
1045 3069 1104 3109 om-
1153 3052 1218 3108 velit
1228 3066 1318 3123 agere,
1331 3066 1380 3121 ego
1394 3051 1482 3121 ignovi
1497 3051 1532 3116 ei,
1545 3049 1686 3106 coinfirmat
1698 3052 1865 3106 sententiam
1878 3066 1956 3107 suam

306 3161 357 3201 nes
378 3144 514 3200 debitores
541 3159 615 3209 suos,
642 3150 672 3197 ut
690 3143 821 3212 scriptum
842 3151 893 3210 est,
910 3145 1038 3200 atrociter
1061 3161 1104 3201 re-
1153 3150 1299 3197 etomnem
1321 3140 1520 3196 simulationem
1546 3140 1615 3195 boue
1632 3140 1706 3210 pacis
1717 3143 1830 3206 euertit,
1843 3142 1953 3197 dicens:

306 3236 444 3306 petebant.
471 3235 582 3305 lusuper
601 3235 682 3290 etiam
706 3243 733 3290 et
754 3235 899 3304 prophetas
931 3244 1012 3305 atque
1039 3252 1104 3307 apo
1155 3234 1185 3292 Si
1203 3252 1255 3290 uon
1270 3234 1422 3289 remiseritis
1436 3235 1613 3306 unusquisque
1624 3234 1701 3303 [ratri
1720 3251 1769 3288 suo
1789 3235 1954 3291 decentibus

307 3324 391 3379 stolos
407 3325 453 3393 qui
477 3324 518 3380 eis
538 3331 650 3380 terbum
677 3324 907 3379 reconciliationis
938 3324 1099 3391 afferebant,
1154 3327 1254 3382 resins.
1272 3325 1281 3398 (
1296 3324 1397 3399 (ἔτερ.)
1421 3325 1459 3380 Es
1476 3325 1575 3394 quibus
1597 3325 1722 3380 uidelicet
1740 3325 1823 3381 dietis
1835 3336 1955 3394 constat,

307 3418 413 3488 ingrate
430 3427 587 3488 spernentes
609 3416 754 3473 crudeliter
778 3417 959 3473 trucidabant.
985 3418 1063 3496 Unde
1076 3429 1103 3474 et
1155 3420 1227 3492 quod
1245 3419 1268 3476 si
1284 3420 1335 3475 boe
1349 3418 1420 3490 quod
1437 3419 1463 3473 in
1485 3433 1535 3474 nos
1549 3417 1718 3488 delinquitur
1730 3435 1763 3475 cx
1793 3421 1879 3477 corde
1904 3437 1955 3477 non

308 3515 468 3564 meruerunt
487 3508 553 3562 illud
576 3509 677 3563 sentire
689 3508 761 3577 quod
789 3507 924 3563 subditur.
1118 3511 1335 3575 Cdimittamus,
1357 3519 1383 3565 ct
1403 3509 1466 3564 iilud
1493 3522 1588 3565 rursus
1602 3525 1616 3564 a
1631 3510 1709 3567 nobis
1731 3511 1862 3582 exigitur,
1886 3514 1956 3584 quod

343 3599 377 3653 Et
398 3601 482 3654 iratus
503 3598 625 3653 dominus
649 3600 706 3669 qus
734 3598 844 3653 tradidit
868 3616 928 3654 eum
950 3603 1102 3668 tortoribus,
1157 3601 1235 3656 uobis
1249 3601 1304 3671 jam
1319 3615 1367 3670 per
1381 3599 1570 3669 penitentiam
1587 3599 1728 3656 dimissum
1748 3600 1834 3659 iniisse
1849 3603 1954 3676 gaude-

307 3690 395 3762 quood
414 3707 495 3762 usqne
513 3691 631 3745 redderet
658 3691 809 3744 uniuersum
835 3690 960 3745 debitum.
984 3692 1107 3749 Tradidit
1159 3691 1264 3747 bamus.

936 3954 1086 4075 ntnnu
1123 3955 1331 4033 saxeus.

986 4126 1265 4147 Ἣ

609 4225 725 4286 CAPUT
747 4225 816 4283 xlx.
1155 4234 1252 4292 passus
1277 4229 1329 4276 est.
1352 4221 1387 4275 Et
1410 4221 1496 4291 primo
1521 4222 1628 4292 quitlem
1651 4229 1727 4276 trans
1749 4220 1900 4280 Iordanem
1922 4228 1952 4284 ad

309 4348 422 4406 oaorem
444 4362 497 4401 non
518 4345 610 4399 debere
630 4344 727 4398 dimitti
749 4343 832 4405 docet,
848 4350 872 4394 et
896 4339 928 4393 de
952 4337 1101 4404 turtueitis,·
1154 4310 1296 4376 “immi
1315 4309 1411 4366 ‘¹⁶5¹‘st
1430 4311 1511 4365 etiam
1526 4311 1565 4372 ⁰5⁸
1578 4309 1734 4378 ³⁰fd³¹¹⁰¹¹¹r
1751 4313 1863 4382 q⁰²⁰d⁰
1879 4318 1949 4372 teuit

341 4419 455 4487 insontes
467 4433 483 4470 u
496 4414 673 4470 benedictione
694 4430 746 4468 non
764 4427 819 4466 ease
832 4404 957 4464 ore'endot
972 4425 981 4473 ;
997 4408 1102 4461 diuitem
1155 4401 1182 4455 itt
1207 4401 1325 4466 lidelmi
1349 4399 1505 4471 Belhbhibss
1518 4410 1545 4455 0²
1564 4400 1797 4473 ¹¹i⁰l⁰⁸0¹l¹¹¹²ffl3
1813 4419 1879 4460 natu
1897 4422 1953 4462 ⁰1¹¹·

341 4479 1102 4560 difficiieintroturttminregnttmcoelorttrn;etcentttptnm
1153 4493 1195 4547 „53
1225 4491 1378 4548 Juqaeorum
1410 4491 1549 4564 provincia
1579 4492 1704 4563 quamq-is
1727 4495 1897 4563 generantes
1919 4498 1952 4551 ,q

342 4570 515 4629 recepturum,
534 4554 580 4627 qui
603 4554 693 4612 omnin
712 4539 807 4610 deserit
832 4560 937 4622 propter
956 4545 1099 4602 Citrt'stum.
1154 4584 1354 4640 distinctionem
1367 4583 1481 4638 aliarum
1494 4584 1614 4654 genuum
1632 4582 1723 4639 ΝΜ
1742 4585 1814 4641 diem
1832 4587 1878 4651 sit,
1895 4603 1951 4658 spe·

343 4670 491 4741 EDifficilis
516 4683 582 4739 018⁰
601 4666 772 4723 sermonibus
793 4662 899 4720 ⁰0¹¹¹i¹¹3
915 4676 983 4732 *1⁰⁰⁵
998 4662 1026 4717 ¹¹¹
1046 4659 1102 4715 (ἴθ’
1154 4676 1249 4732 elalius
1262 4684 1353 4731 tamen
1368 4676 1518 4732 meridiana
1535 4675 1593 4745 eius
1608 4676 1686 4748 plaga
1700 4677 1893 4746 appellabatur
1909 4677 1951 4733 Ju-

306 4768 374 4823 blsoa
393 4775 454 4836 post
471 4763 621 4835 expetitum
639 4764 674 4817 ab
697 4776 730 4816 eo
756 4760 884 4816 tributum
904 4757 938 4811 ad
964 4754 1100 4825 apostolos
1152 4769 1221 4833 qm,
1237 4769 1272 4823 aq
1286 4767 1488 4823 distinctionem
1503 4766 1641 4833 Sameque,
1657 4765 1786 4833 Galim,
1809 4767 1948 4840 necapoli,

305 4855 339 4907 de
355 4851 508 4908 innocentia
521 4860 548 4906 et
562 4850 715 4904 humilitate
733 4849 792 4918 ipse
813 4846 937 4901 Salvator
956 4845 1099 4910 babuerat,
1151 4866 1179 4911 eq
1193 4865 1355 4912 mmmm
1370 4857 1399 4912 jn
1412 4856 1506 4911 eadem
1521 4857 1661 4927 provincia
1672 4857 1828 4926 ramnum,

305 4952 400 4998 uetans
416 4956 464 4997 eos
478 4955 512 4995 ne
533 4940 749 4995 scandalizarent
766 4937 876 5008 pusillos
889 4937 1014 5006 adjuncta
1026 4952 1102 5007 para-
1186 4948 1221 5002 Ea
1235 4957 1329 5003 ,ecum
1342 4957 1402 5002 gam
1416 4963 1474 5002 eum
1488 4948 1571 5002 aproae
1583 4947 1683 5013 mutam,
1697 4957 1722 5001 et
1737 4951 1841 5004 curam
1853 4951 1944 5005 2032·st

304 5036 377 5101 bola,
392 5044 419 5091 et
433 5040 525 5104 postet
541 5048 601 5103 quae
614 5033 647 5087 de
661 5032 831 5102 correptione
845 5029 958 5086 iratrum
974 5031 1102 5088 etindul·
1148 5038 1161 5111 ⁴(
1173 5038 1283 5112 llilor.)
1306 5037 1430 5095 Galilaeos
1448 5040 1476 5093 in
1490 5037 1589 5096 tuone
1612 5040 1712 5098 linibus
1737 5050 1829 5097 curat.
1853 5042 1945 5098 Potue-

304 5126 395 5198 gentia
419 5125 612 5180 convenienter
631 5122 743 5188 doeens,
762 5121 842 5177 Petro
864 5122 1048 5194 interrogante
1068 5122 1102 5178 do
1153 5138 1196 5185 rat
1227 5130 1336 5200 quidem
1361 5138 1525 5201 aegrotorum
1558 5131 1651 5186 turbas
1686 5146 1740 5188 nan
1772 5132 1898 5204 fatigare,
1919 5139 1945 5186 et

305 5218 465 5276 remissione
491 5225 679 5288 peecatorum,
704 5231 758 5273 non
789 5224 893 5272 tanturn
919 5218 1030 5287 septies,
1054 5217 1102 5273 sed
1152 5221 1223 5276 intra
1241 5223 1329 5293 ipsam
1357 5220 1497 5282 Galilaeam
1522 5236 1602 5292 opem
1630 5221 1702 5278 terre
1729 5223 1879 5288 debilibus,
1902 5220 1945 5278 sed

304 5311 389 5367 etiam
408 5310 562 5383 septuagies
574 5309 675 5379 septies
694 5309 896 5375 remittendum,
913 5308 1100 5378 responderat,
1152 5314 1242 5384 typica
1267 5314 1336 5369 ratio
1358 5314 1444 5369 etiarn
1470 5313 1592 5371 locorum
1619 5322 1679 5368 erat
1704 5313 1841 5382 explenda
1869 5314 1944 5386 priri·

304 5402 431 5473 idipsum
445 5400 625 5472 eotdprobans
642 5400 765 5470 sequenti
787 5400 934 5471 parabola3
957 5408 1101 5470 postquam
1152 5404 1230 5474 legiis
1250 5412 1279 5458 ut
1302 5413 1413 5474 peccata
1438 5405 1557 5476 gentium
1573 5404 1601 5459 in
1618 5418 1678 5459 earn
1696 5403 1805 5459 reniam
1825 5421 1887 5476 quae
1904 5404 1942 5460 iu·

304 5492 364 5548 bare
377 5492 501 5548 videlieet
516 5491 606 5546 omnia
619 5488 762 5545 Matthaeus
776 5490 812 5545 ita
831 5489 1012 5560 explicuisset,
1025 5503 1101 5543 more
1153 5495 1217 5550 dmae
1237 5496 1395 5565 parabatur,
1418 5494 1580 5550 admitteret.

305 5597 357 5639 suo
375 5584 451 5653 quasi
465 5582 498 5637 ad
522 5580 575 5637 alia
588 5596 618 5638 se
639 5580 803 5638 conterendo
823 5580 956 5638 narranda
978 5581 1018 5635 sic
1041 5595 1103 5650 pro·
1188 5587 1222 5642 Et
1238 5596 1402 5642 arcesserunt
1418 5585 1453 5640 od
1467 5603 1526 5641 eunt
1541 5586 1672 5640 Pburistri
1685 5597 1821 5643 *tentantes
1840 5605 1900 5642 eunt
1921 5595 1942 5641 et

305 5676 429 5746 sequitur
442 5683 469 5731 et
483 5675 568 5730 dicit:
1153 5677 1281 5731 dieentes:
1299 5675 1329 5731 Si
1355 5676 1415 5731 iicet
1442 5675 1539 5729 bomini
1565 5675 1694 5731 dimittere
1722 5694 1836 5733 uxorem
1863 5692 1942 5742 suen,

341 5765 389 5840 ib]
415 5768 448 5822 Et
470 5768 569 5838 suetum
584 5778 622 5823 est
640 5776 917 5822 cumconsunrmttsset
941 5765 1018 5820 lesus
1044 5782 1100 5819 sere
1153 5765 1512 5837 qnaeutqnmeouuttu
1527 5766 1571 5821 bic
1596 5767 1714 5822 notanda
1747 5770 1883 5825 utetttiutn
1907 5768 1942 5827 D·

305 5873 393 5913 monet
416 5857 489 5922 istos,
507 5857 627 5928 migrarit
650 5875 666 5911 a
689 5855 812 5918 Golden,
838 5864 863 5909 et
890 5857 957 5910 uenit
984 5856 1012 5908 in
1037 5856 1102 5924 finies
1154 5857 1252 5911 stantia
1276 5857 1302 5911 in
1320 5856 1405 5911 turbis
1425 5862 1453 5910 et
1474 5855 1633 5911 Pharisauis:
1659 5856 1701 5911 bae
1727 5859 1896 5914 etinveniunt
1915 5864 1942 5911 ut

305 5947 409 6004 tudere
428 5958 501 6002 trans
519 5948 673 6003 tortionem.
688 5946 772 6018 (ban.
785 5945 804 6017 l.
832 5945 900 6001 lline
924 5962 990 6018 ergo
1006 5947 1101 6018 ineipit
1153 5948 1310 6015 doceantur,
1325 5959 1352 6004 et
1365 5949 1405 6003 sui
1420 5959 1550 6005 sanentur
1564 5947 1675 6020 inbrpri,
1689 5949 1761 6005 sieut
1780 5949 1940 6020 evangelista

220 6057 222 6061 ¹
307 6052 466 6096 oadunare
489 6053 550 6109 quae
572 6038 702 6094 murinus
715 6037 743 6092 iu
765 6035 856 6092 iudea
869 6035 945 6103 lecit,
970 6038 1060 6093 docuit
1074 6048 1102 6094 et
1156 6039 1296 6096 llattbreus
1325 6048 1416 6110 aperte
1440 6048 1658 6099 commemorat:
1689 6039 1728 6097 illi
1754 6040 1889 6100 accedant
1913 6047 1938 6093 ut
