4509 6850
739 698 838 754 ursan
858 700 901 754 nu
920 697 1093 756 connum.
1533 653 1536 659 ⁵
1676 698 1729 755 ono

216 829 294 880 suus,
307 817 353 886 qui
375 831 506 872 cccxxviii
529 817 623 872 diebus
646 819 778 888 expletur.
793 820 884 878 linde-
900 821 999 883 Aturi
1012 819 1081 876 idua
1097 819 1214 878 Planetae
1227 831 1316 878 autem
1331 823 1500 878 solummodo
1512 837 1564 878 non
1577 829 1640 878 sunt
1657 822 1725 887 lixae,

215 916 245 964 st
270 921 358 962 sunus
380 906 528 962 secundum
555 906 660 962 stellam
689 922 749 978 quae
774 918 886 967 vocatur
937 922 967 968 ut
987 913 1106 983 reliquae,
1123 913 1211 969 sedin
1227 929 1289 970 aere
1310 913 1443 972 seruntur.
1459 915 1648 972 Dietaeautem
1670 914 1727 987 pla·

215 998 238 1054 ui
257 997 377 1069 peractis
392 997 496 1053 duobus
510 998 588 1053 annis
607 998 765 1068 completur.
781 1000 886 1056 buode-
937 1013 1006 1060 nexae
1018 1021 1069 1075 upo
1083 1014 1120 1060 tex
1136 1004 1226 1077 pianes
1245 1005 1306 1078 [ἀπὸ
1319 1017 1365 1072 τις
1378 1006 1500 1080 niduari,
1516 1006 1543 1063 id
1562 1015 1615 1074 est,
1635 1008 1670 1063 ab
1683 1021 1728 1065 er-

215 1103 281 1145 onus
298 1096 339 1143 est
354 1087 501 1143 seeundum
516 1087 620 1143 stellam
635 1105 696 1160 quae
710 1099 821 1146 vocatur
841 1088 886 1145 Jo-
937 1110 1007 1151 rore.
1031 1094 1099 1151 Nam
1120 1094 1255 1152 interdum
1277 1097 1304 1151 in
1322 1107 1459 1162 austrum,
1482 1096 1620 1154 interdum
1639 1097 1667 1154 in
1681 1111 1726 1154 se-

224 1180 343 1252 beficiis
362 1179 502 1235 diffidetissi
522 1180 601 1234 initis
618 1180 755 1251 impletur·
777 1179 886 1236 Tertius
936 1190 1134 1261 ptentrionem,
1157 1189 1314 1260 pierumque
1328 1196 1423 1245 contra
1443 1190 1581 1257 mundum,
1602 1206 1726 1246 nonnurx-

236 1280 379 1327 annusest
401 1272 550 1327 secundum
572 1270 753 1342 stellamque
774 1279 886 1326 vocatur
936 1296 1017 1352 quan
1035 1295 1098 1336 earm
1117 1280 1218 1336 mundo
1239 1279 1370 1336 teruntur.
1392 1280 1454 1337 ttae
1475 1289 1503 1338 et
1522 1282 1679 1354 retrograda
1698 1291 1727 1337 et

215 1379 247 1433 ι,
272 1364 319 1435 qui
350 1364 468 1434 peractis
500 1364 610 1436 trinium
640 1364 719 1420 amis
747 1362 884 1433 impletur.
936 1372 1075 1437 onomata,
1090 1372 1231 1444 antigrada
1245 1382 1273 1429 et
1293 1373 1391 1430 stativa
1411 1373 1546 1430 dicuntur.
1563 1374 1636 1430 bisc.
1655 1374 1715 1441 uuo

225 1455 347 1514 mamm
368 1469 454 1509 entius
468 1463 511 1509 081
533 1453 681 1510 secundum
704 1453 886 1510 hebdomadis
935 1464 1031 1518 modo?
1053 1462 1123 1520 line.
1139 1462 1207 1518 Nam
1229 1465 1426 1535 retrogradatio
1446 1463 1584 1519 stellarum
1599 1474 1641 1520 est
1661 1464 1724 1518 dum

215 1548 277 1615 ²¹¹·
296 1549 323 1605 id
342 1555 399 1614 0⁵¹2
421 1546 616 1619 quinquaginta
639 1546 716 1610 (¹⁰³⁸.
739 1543 786 1617 titii
805 1544 887 1601 habet
936 1554 1013 1611 stella
1036 1562 1139 1609 motum
1163 1568 1241 1609 suum
1262 1555 1317 1626 agit
1334 1554 1456 1610 simulet
1474 1564 1549 1610 retro
1571 1554 1724 1609 submoveri

215 1655 293 1700 ιιιιι.
314 1640 430 1708 Quintus
455 1639 576 1695 decimus
597 1647 639 1694 est
664 1653 752 1694 annus
778 1637 886 1708 requies
935 1644 1051 1698 ridetur.
1073 1643 1204 1700 Automala
1226 1644 1353 1699 dicuntur
1374 1644 1482 1715 quando
1501 1643 1650 1716 particulas
1675 1644 1724 1699 ad·

215 1734 277 1790 suni
290 1734 436 1790 seeundum
452 1731 547 1804 legem,
561 1746 615 1802 quo
624 1729 771 1800 iubebatur
787 1729 885 1800 populo
935 1734 1002 1788 dunt
1019 1732 1060 1785 uei
1076 1732 1229 1787 detrabunt.
1244 1731 1391 1803 Antiqrada
1406 1732 1446 1787 vel
1468 1732 1646 1802 praecedentia
1661 1740 1725 1787 sunt

215 1823 280 1881 urali
301 1839 382 1896 opere
404 1838 517 1879 cacare.
535 1821 634 1879 Sextus
654 1822 776 1878 decimus
798 1836 885 1878 annus
935 1823 998 1879 dum
1023 1832 1124 1879 motum
1149 1838 1226 1878 suum
1249 1833 1408 1879 consuetum
1432 1838 1512 1895 agere
1534 1824 1674 1889 ridentur,
1697 1832 1727 1879 et

215 1913 521 1985 duannijubilaei,qui
544 1923 686 1970 estannus
704 1912 884 1979 remissionis,
935 1920 1024 1967 umen
1052 1912 1153 1983 ailquid
1181 1923 1280 1984 praeter
1312 1915 1533 1972 cousuetudinem
1555 1915 1722 1985 praecedunt.

215 2006 334 2079 pmqiota
358 2005 438 2061 annis
455 2004 590 2075 impletur.
615 2002 753 2075 Septimus
771 2012 799 2059 et
812 2003 885 2060 deei-
935 2003 1039 2059 Stativa
1052 2005 1188 2070 dicuntur,
1208 2006 1272 2075 quia
1292 2005 1355 2062 dum
1370 2020 1477 2077 semper
1492 2005 1568 2062 steila
1589 2015 1723 2071 movetur,

215 2103 264 2154 ιιι
283 2103 335 2161 est,
351 2096 398 2168 qui
418 2103 531 2151 vocatur
553 2110 676 2167 maguus,
688 2110 774 2150 annus
788 2094 882 2165 piane·
934 2104 1024 2151 tamen
1039 2095 1065 2149 in
1079 2093 1213 2165 aliquibus
1225 2095 1293 2151 iocis
1307 2104 1380 2152 stare
1392 2095 1508 2152 videtur.

220 2188 285 2246 dam
313 2189 405 2244 omnia
428 2187 517 2243 sidera
539 2188 572 2244 ad
598 2187 686 2244 iocum
709 2176 920 2244 revertunturB
1190 2205 1303 2262 cqpqpq
1323 2204 1468 2263 fflqffl*

215 2295 275 2338 Μ
293 2288 396 2337 filiiflii
410 2280 533 2347 suetum,
550 2289 578 2336 θῑ
599 2281 753 2353 quingentis
770 2281 883 2352 “iiim
932 2299 971 2354 De
985 2299 1151 2370 planetarum
1165 2315 1244 2355 eursu
1259 2316 1306 2371 per
1317 2299 1482 2382 siqniferum,
1495 2310 1519 2355 et
1532 2309 1628 2355 nature
1643 2300 1719 2370 siqni-

215 2371 626 2443 txxttisimpletur.llrsc..innus
640 2370 881 2442 ergosoluris,qui
1300 2370 1359 2441 [err.

215 2461 301 2518 liebus
313 2469 341 2517 et
352 2460 502 2529 quadrante
522 2469 637 2525 constat,
652 2471 718 2532 quot
732 2462 812 2516 boras
825 2475 882 2515 am-
967 2461 1040 2519 Drsc.
1065 2460 1120 2519 Sed
1143 2462 1206 2532 quia
1232 2460 1321 2517 audivi
1344 2468 1372 2516 te
1399 2460 1533 2516 dicentem
1555 2459 1725 2531 planetarum

216 2552 234 2608 i
242 2551 313 2610 Ιιι.
321 2552 420 2624 Utique
431 2567 582 2608 txocexxxt.
593 2551 744 2619 bisetium
753 2551 883 2620 punctos?
934 2550 1077 2607 transitum
1096 2550 1198 2607 esseio
1214 2551 1333 2615 zodiaco,
1350 2549 1433 2620 ipsius
1447 2548 1548 2606 zodiaci
1573 2550 1723 2620 proprieta-

215 2639 306 2699 ῖὶιιι.
318 2642 390 2697 ilrse.
401 2640 472 2708 Quot
483 2640 681 2697 minutaillxe.
693 2637 881 2698 simmacus.
934 2653 998 2708 tem,
1019 2649 1047 2699 et
1065 2657 1173 2700 camum
1197 2657 1290 2698 earum
1304 2656 1369 2713 rogo
1388 2649 1418 2696 ut
1434 2655 1562 2713 exponas.
1580 2639 1650 2697 biae.
1669 2639 1722 2695 Fa·

215 2740 246 2790 ot
272 2731 430 2789 momenta?
457 2731 527 2787 idac.
550 2728 694 2788 (Ξῐᾶιιιιι.
718 2732 791 2787 lirae.
813 2729 883 2798 Qtrot
933 2735 1013 2790 eiam.
1027 2734 1169 2799 zodiacus,
1184 2733 1227 2788 rel
1250 2732 1372 2805 signiter,
1397 2742 1438 2790 est
1460 2733 1579 2791 eireuius
1594 2733 1721 2806 obliquus

222 2822 293 2882 ttae.
303 2822 501 2879 miinccoeu.
514 2822 585 2879 Disc.
597 2821 667 2890 Quot
679 2821 801 2878 atomosi
812 2821 881 2878 liae.
933 2826 1074 2883 duodecim
1094 2826 1178 2898 signis
1190 2836 1329 2892 constans,
1348 2842 1395 2897 per
1409 2840 1490 2898 quem
1503 2835 1627 2882 errantes
1639 2824 1722 2882 stellae

215 2914 290 2973 ories
301 2914 406 2971 eenties
419 2922 527 2970 centum
542 2912 625 2968 miliia
638 2921 665 2968 et
678 2919 795 2982 quatuor
811 2910 884 2967 mille
933 2916 1066 2983 lentatur,
1080 2932 1131 2974 nec
1153 2917 1226 2973 aliud
1248 2915 1387 2972 habitatur
1409 2916 1531 2973 interris
1549 2930 1631 2988 quam
1650 2916 1726 2986 quod

215 3005 423 3064 foedissima
934 3008 986 3064 iliis
1000 3006 1130 3077 subjacet.
1153 3007 1266 3079 Reliqua
1288 3023 1303 3063 a
1322 3008 1391 3080 polis
1409 3007 1541 3079 squalent.
1563 3007 1612 3063 Est
1630 3016 1720 3062 autem
1751 3009 1753 3014 ’

355 3095 468 3154 CAPUT
487 3094 615 3151 xxxiii.
933 3098 1045 3170 signifer
1064 3112 1165 3155 cccxxv
1185 3098 1309 3169 partibus
1321 3106 1349 3154 et
1368 3099 1517 3169 quadrante
1540 3098 1618 3154 utrius
1637 3096 1723 3169 partis

215 3195 237 3250 is
251 3192 398 3266 planeticos
412 3192 511 3264 oriqine
527 3192 663 3246 nominum
675 3207 775 3246 earurrr.
932 3205 981 3261 per
992 3190 1053 3247 eoeli
1068 3188 1199 3245 ambitum
1214 3190 1319 3263 longus,
1334 3197 1361 3245 et
1379 3189 1520 3246 duodecim
1541 3190 1663 3261 partibus
1684 3187 1723 3244 la-

215 3281 283 3352 Quia
301 3283 335 3339 de
350 3282 483 3338 solaribus
495 3288 522 3337 et
534 3279 675 3337 lunaribus
688 3279 767 3334 annis
779 3279 882 3345 dicens,
934 3292 978 3339 tus
991 3297 1039 3354 per
1058 3288 1252 3339 transversum.
1266 3281 1379 3339 Veneris
1401 3291 1505 3337 tantum
1520 3281 1598 3338 stella
1617 3281 1724 3338 excedit

238 3374 357 3448 quinque
370 3373 540 3447 planetarum
561 3372 719 3444 adjunxisti,
740 3385 838 3443 precor
854 3379 885 3427 ut
932 3388 994 3430 eum
1015 3371 1087 3430 binis
1099 3371 1231 3445 partibus.
1245 3370 1321 3429 Luna
1343 3387 1449 3444 quoque
1464 3386 1513 3444 per
1527 3379 1610 3429 totam
1633 3370 1724 3431 latitu-

232 3465 351 3523 siderum
365 3465 557 3537 proprietatem
577 3478 631 3519 nen
651 3462 772 3536 ssmteris
793 3461 884 3533 mitit·
934 3469 1023 3526 dinem
1034 3467 1092 3539 eius
1104 3477 1227 3542 vagatur,
1245 3468 1294 3524 sed
1307 3467 1417 3525 omniuo
1430 3482 1483 3524 non
1503 3467 1636 3524 excedens
1650 3481 1724 3522 eum.

215 3571 254 3614 ie.
264 3554 373 3627 &ptem
387 3555 459 3611 enim
478 3561 540 3610 sunt
556 3554 681 3625 planetae,
695 3568 755 3625 quae
769 3532 918 3608 adversoC
934 3560 976 3616 nb
995 3560 1038 3616 his
1062 3558 1186 3617 liereurii
1210 3559 1287 3616 steila
1303 3558 1449 3624 laxissime,
1463 3566 1492 3613 ut
1507 3565 1597 3613 tamen
1617 3571 1633 3612 e
1654 3555 1723 3612 duo·

215 3654 283 3702 iiiiii
298 3646 427 3702 nitidum
446 3644 579 3711 seruntur,
593 3645 645 3700 11⁰0
658 3652 710 3712 esi,
726 3642 782 3710 50¹,
795 3643 882 3708 bunt.
934 3650 1011 3706 denis
1022 3650 1144 3721 partibus
1159 3649 1209 3722 (tot
1221 3657 1283 3706 sunt
1298 3651 1370 3706 enim
1383 3648 1541 3715 latitudinis,
1553 3656 1584 3702 ut
1594 3647 1722 3719 diximus)

215 3752 253 3804 ¹⁸,
269 3734 372 3803 renus,
387 3735 469 3804 Mitt,
489 3736 573 3801 lotis,
589 3734 731 3793 Salutius·
747 3733 795 3792 1¹ae
807 3749 882 3807 erut·
933 3758 986 3799 non
1001 3742 1115 3815 amplius
1126 3752 1240 3800 octonas
1252 3751 1384 3814 pererret,
1401 3757 1488 3813 neque
1505 3741 1555 3797 bas
1572 3740 1723 3812 aequaliter,

215 3845 274 3888 m
292 3830 411 3888 soelestis
428 3832 461 3887 eb
476 3830 581 3887 oriente
595 3830 623 3886 in
636 3844 763 3887 occasum
780 3845 810 3888 se
824 3846 884 3887 ter·
933 3836 981 3893 sed
997 3836 1064 3891 duas
1085 3835 1174 3891 medio
1193 3833 1251 3904 ejus
1265 3842 1292 3891 et
1312 3849 1393 3905 supra
1406 3842 1532 3904 quatuor,
1556 3829 1627 3887 inira
1645 3831 1721 3886 duas.

215 3926 322 3978 ammi
342 3920 474 3977 orientem
489 3935 584 3976 versus
600 3934 650 3992 per
667 3920 824 3986 zodiacum,
840 3928 883 3987 et,
934 3929 988 3985 Sed
1010 3930 1050 3986 sol
1073 3929 1099 3985 in
1121 3927 1209 3985 medio
1223 3928 1309 3985 fertur
1321 3928 1393 3984 inter
1410 3928 1477 3984 duas
1498 3935 1590 3997 partes
1603 3923 1731 3980 flexuoso.

215 4010 302 4069 stilles
323 4012 402 4069 istius
416 4012 508 4068 mundi
531 4012 618 4068 vistim
631 4021 684 4080 esi,
699 4011 762 4068 eoeii
785 4023 885 4082 tempe
935 4021 1081 4076 draconum
1103 4029 1193 4075 meatu
1218 4018 1367 4088 inaequalis.
1392 4017 1486 4072 liartis
1509 4016 1585 4073 steila
1608 4025 1725 4086 quatuor

215 4101 356 4168 Mutetur
373 4116 406 4158 ιθ
431 4102 623 4159 nimi⁰⁰11rstts
643 4105 684 4160 sui
704 4112 793 4161 solitu
815 4119 883 4174 ilrae·
935 4112 1031 4167 mediis
1051 4109 1125 4168 ioris
1147 4110 1246 4176 media,
1265 4120 1292 4165 et
1306 4123 1387 4180 super
1402 4124 1462 4166 eam
1483 4108 1598 4176 duabus,
1613 4107 1724 4164 Saturni

215 4209 229 4248 ¹.
246 4192 319 4252 littte-
337 4193 413 4251 Unde
431 4194 531 4250 dicitur
552 4194 611 4251 sol?
626 4195 696 4252 blac.
711 4194 788 4262 Quod
810 4195 883 4252 solus
936 4203 1051 4268 duabus,
1064 4212 1093 4257 ut
1105 4202 1155 4258 201,

215 4282 278 4340 ania
302 4284 391 4340 sidera
414 4283 516 4341 luceat.
528 4281 638 4340 Oriente
661 4285 734 4340 enim
750 4284 806 4340 sole
832 4300 884 4340 eae-
1202 4293 1316 4349 CAPUT
1337 4293 1458 4349 xxxix.

215 4387 254 4433 tn
268 4390 331 4431 mox
344 4374 434 4430 radios
447 4390 511 4431 suos
526 4375 712 4441 abscondunt3
726 4384 762 4441 et,
779 4382 809 4429 ut
824 4375 884 4444 qui·
1185 4385 1221 4441 οε
1233 4386 1371 4442 duodecim
1388 4388 1478 4456 peyna„

220 4463 319 4536 Phiela
336 4465 393 4535 ipse
407 4465 476 4521 ¹¹¹⁰ae
488 4473 516 4522 0¹
535 4465 883 4523 ⁵i0¹¹580¹1¹⁰lb¹¹⁵⁸t¹⁰²⁸·
972 4477 1044 4534 Drsc.
1070 4476 1153 4551 Sigrta
1176 4486 1266 4532 summ
1293 4471 1396 4532 zodiaci
1424 4476 1521 4531 veliem
1547 4485 1577 4530 ut
1589 4476 1728 4530 edisseras

215 4556 281 4613 ibuit
291 4564 322 4613 ¹¹²
336 4557 554 4626 lioeieitleanis
565 4560 628 4631 ‘luia
641 4575 694 4613 ¹¹⁰ss
705 4560 824 4629 proprio,
836 4559 884 4614 sed
936 4567 1007 4622 unde
1023 4565 1155 4622 traxerint
1167 4565 1287 4621 nomina.
1302 4565 1372 4621 blac.
1388 4565 1411 4618 tt
1431 4563 1520 4619 causis
1542 4578 1608 4635 ergo
1621 4563 1725 4618 annali.-

215 4648 321 4705 =asoiis
336 4649 435 4704 inmitte
448 4649 628 4720 resplendent.
643 4648 720 4706 Unde
733 4659 810 4721 pocta
822 4651 860 4704 ait
876 4668 882 4703 :
936 4658 987 4712 bats
1003 4656 1046 4712 uei
1060 4671 1075 4710 a
1089 4654 1229 4726 gentilium
1248 4653 1346 4710 labuiis
1374 4654 1482 4710 nomina
1498 4661 1673 4724 sumpserunt
1686 4652 1725 4708 si·

215 4768 344 4825 nmisque
355 4761 453 4825 globum
466 4763 530 4812 lunae
540 4761 684 4825 Titsrtixquo
697 4771 763 4813 astra
937 4765 988 4821 qna
1000 4748 1153 4806 duodecim.
1174 4745 1241 4801 Nam
1262 4748 1374 4803 arietem
1395 4747 1493 4805 biartio
1518 4747 1603 4803 mensi
1615 4754 1726 4818 propter

215 4826 265 4877 ¹¹¹⁸
275 4828 340 4875 Μ’
354 4825 404 4874 ³¹¹²·
937 4840 1099 4896 Ammonem
1111 4837 1206 4896 iorem
1222 4837 1352 4893 tribuunt.
1370 4837 1446 4894 Unde
1462 4848 1490 4893 et
1504 4839 1532 4894 in
1544 4837 1602 4908 ejus
1616 4838 1726 4894 simula-

215 4928 267 4987 tids
289 4930 387 4987 dieitur
406 4924 488 4986 lerna?
509 4931 578 4988 linc.
594 4932 670 4987 Luna
684 4933 784 4988 dicitur
808 4933 885 5004 quasi
939 4944 986 4985 cro
997 4928 1090 4986 arietis
1103 4943 1205 4987 eornua
1230 4927 1345 5000 fingunt.
1370 4928 1489 4984 Taurum
1502 4929 1598 5001 Aprili,
1616 4938 1727 5001 propter

215 5018 302 5079 matu
321 5022 409 5078 media
422 5023 540 5094 syliaba3
561 5025 594 5079 de
613 5040 666 5094 qua
685 5022 812 5097 Virgilius
825 5026 883 5082 ait:
939 5025 1061 5079 eumdem
1074 5020 1178 5088 lovem,
1194 5022 1266 5093 quod
1279 5022 1306 5077 in
1320 5020 1416 5079 bovem
1431 5023 1468 5079 sit
1479 5022 1600 5081 fabulose
1614 5039 1727 5082 eonver-

266 5147 273 5161 .
292 5147 299 5161 .
318 5146 324 5160 .
340 5148 347 5160 .
365 5145 373 5162 .
390 5110 649 5175 enumerabuntur
940 5129 995 5170 sus.
1019 5112 1159 5169 Castorem
1174 5122 1203 5169 et
1224 5113 1360 5170 Pollucem
1387 5113 1468 5178 llaio,
1493 5122 1604 5186 propter
1623 5114 1727 5185 insigne

215 5209 321 5259 :sutem
334 5218 432 5259 nomen
444 5218 493 5273 per
506 5204 692 5259 dirivationem
705 5221 720 5261 a
735 5207 800 5262 solis
814 5206 883 5272 luce,
939 5203 1056 5259 uirtutis.
1088 5201 1174 5258 Porro
1195 5201 1329 5260 Cancrum
1356 5200 1448 5269 lunio,
1463 5205 1571 5275 quando
1582 5203 1622 5260 sol
1637 5204 1672 5259 ad
1684 5204 1726 5259 in-

227 5289 262 5347 ab
277 5307 311 5349 eo
324 5292 415 5348 iumen
436 5293 551 5363 accipiat
572 5306 764 5366 acceptumque
780 5298 883 5352 reddat.
940 5293 1038 5349 seriora
1064 5292 1142 5361 redit,
1159 5292 1230 5362 quod
1255 5293 1359 5348 Cancer
1378 5293 1508 5364 impulsus
1530 5303 1603 5349 retro
1617 5309 1732 5350 cursum

216 5380 271 5438 bde
292 5381 419 5438 dicuntur
441 5384 543 5439 stellae‘i
564 5384 633 5442 llas.
649 5387 673 5440 A
689 5388 800 5454 stando,
824 5389 886 5457 quia
940 5385 1054 5454 dirigere
1069 5381 1164 5440 soleat.
1178 5380 1309 5450 Leonem,
1321 5397 1401 5453 quem
1418 5383 1518 5439 oceidit
1530 5380 1668 5446 liercules,
1680 5379 1728 5435 iu·-

216 5478 249 5527 ιιι
267 5486 374 5543 semper
390 5473 417 5528 in
433 5474 513 5540 eoelo,
531 5490 581 5531 nee
595 5477 703 5531 eadunt.
727 5478 794 5532 Nam
816 5479 889 5548 quod
937 5477 974 5532 iio
992 5485 1099 5548 propter
1115 5475 1171 5531 vim
1183 5473 1297 5532 ferroris
1313 5477 1460 5549 assignant.
1488 5474 1624 5547 Virginem
1635 5471 1728 5544 dugu-

215 5577 248 5620 ts
264 5564 334 5621 eoeio
348 5566 440 5623 stelias
463 5569 541 5639 quasi
562 5568 626 5634 labi,
640 5583 693 5624 non
708 5578 772 5625 sunt
794 5570 887 5635 stellae,
941 5575 992 5632 sto,
1006 5568 1076 5636 quod
1090 5573 1155 5623 tunc
1164 5565 1295 5622 exhausta
1307 5566 1443 5623 caloribus
1457 5567 1535 5622 tellus
1547 5564 1612 5620 nihii
1626 5563 1725 5636 pariat.

216 5656 279 5715 lculi
293 5658 328 5715 ab
341 5661 444 5716 aethere
465 5660 547 5731 lapsi,
562 5664 608 5732 qui
623 5672 685 5719 sunt
708 5664 771 5719 dum
792 5672 889 5719 vontus
940 5658 1049 5713 Librum
1076 5654 1229 5730 Septembri
1253 5656 1289 5712 ob
1309 5657 1490 5728 equalitatem
1514 5656 1566 5711 diei
1582 5663 1609 5712 et
1626 5656 1725 5713 noctis.

216 5756 310 5819 miens
329 5750 472 5806 aetherium
494 5752 583 5822 ignem
606 5767 698 5807 seeum
722 5755 819 5819 tralrit,
841 5755 887 5824 qui
942 5749 1082 5820 Scorpium
1093 5754 1121 5803 et
1135 5745 1312 5821 Sagittarium
1334 5748 1440 5818 equinis
1455 5745 1728 5803 eruribusdeiorma-

215 5852 262 5895 ιω
284 5838 407 5894 imitatur
428 5840 521 5895 stellas
542 5840 678 5896 cadentes.
704 5841 771 5896 Nam
802 5842 888 5899 stellae
943 5838 1402 5911 tum,propterlluminamensium
1429 5839 1558 5910 ipsorum,
1570 5837 1688 5894 October
1701 5848 1728 5894 et

215 5940 261 5983 too
278 5937 400 6000 ροιιιιιιι.
420 5927 573 5986 immobiles
591 5930 674 5997 enim,
688 5937 717 5984 ut
731 5931 888 6000 praedictum
943 5929 1094 5985 November
1119 5929 1263 6000 accipiunt.
1285 5928 1480 6000 Capricornum
1496 5926 1643 5984 December
1666 5942 1730 5999 pro-

216 6024 238 6086 t,
252 6027 281 6075 et
296 6035 358 6075 eum
372 6020 440 6075 eoelo
452 6020 510 6075 luxa
524 6019 655 6075 teruntur.
673 6021 744 6077 llrsc.
763 6021 791 6077 Si
805 6023 890 6079 stelle
944 6028 1003 6090 pter
1032 6032 1142 6089 capram
1165 6016 1240 6075 iotis
1264 6017 1501 6090 nutricem,=eujus
1527 6031 1647 6076 extrema
1662 6018 1730 6090 pisci

231 6109 291 6168 dim.
312 6122 384 6176 suari,
401 6123 429 6167 ut
450 6114 561 6176 asseris,
576 6112 646 6168 uuile
667 6112 780 6183 planetae
794 6114 889 6170 dieun—
945 6112 1042 6169 similia
1056 6112 1213 6186 pinguntur,
1236 6114 1308 6185 quod
1336 6113 1414 6185 hrains
1441 6113 1543 6171 trecassis
1568 6111 1747 6168 ulimxamm.
