4509 6850
275 671 343 728 tata
379 733 383 746 Ι
744 663 920 725 constent.
941 660 975 717 tn
994 654 1258 715 Dattt1AEDt1.—
1276 657 1340 713 Llll.
1366 656 1390 712 i.
1573 705 1577 713 .
1839 656 1909 715 ttttt

272 788 324 842 bus
334 782 437 841 salubri
450 782 658 854 compirnmione
671 780 810 853 castigatis
819 777 919 847 loseph
933 771 1063 831 benevole
1077 776 1101 834 Α
1151 771 1275 829 liisertsm
1293 784 1380 830 aatem
1400 773 1527 829 Domiaar
1545 774 1614 829 semi
1627 772 1711 838 illias,
1724 769 1825 827 dimisit
1839 790 1910 840 enas,

270 875 475 948 cognoscendus
489 872 621 928 esltibuit.
1114 878 1139 924 et
1153 868 1268 924 debitam
1281 868 1380 924 dimisit
1395 870 1429 923 ei.
1448 867 1516 936 Quia
1528 868 1601 924 sicut
1613 869 1647 924 de
1660 883 1694 923 eo
1707 868 1838 939 scriptum
1852 879 1909 923 est:

306 966 372 1022 ideo
384 964 555 1019 assimilatam
566 972 602 1019 est
616 980 723 1035 regnam
744 962 869 1016 coeloram
890 958 991 1013 bomini
1011 958 1064 1028 teti
1116 962 1265 1018 Misericors
1279 972 1303 1016 et
1314 962 1452 1015 miserator
1464 971 1513 1026 est,
1527 961 1627 1031 patiens
1641 970 1665 1014 et
1679 958 1790 1014 maltam
1804 958 1910 1013 miseri-

270 1060 315 1130 qai
328 1058 406 1114 aalait
423 1059 551 1112 rationem
568 1075 662 1128 ponere
675 1074 733 1111 ram
746 1057 826 1111 serris
842 1055 908 1109 sais.
928 1049 1064 1125 (Hieron.)
1114 1071 1172 1110 ears
1186 1051 1273 1126 (Psoi.
1288 1052 1341 1126 ru),
1354 1053 1512 1108 alllietorum
1526 1068 1622 1123 preces
1633 1052 1785 1122 suscipiens
1799 1067 1853 1108 nou
1866 1066 1911 1107 so·

272 1151 467 1206 Familiareest
482 1148 558 1220 Syris
572 1159 599 1206 et
613 1149 730 1203 maxime
744 1146 894 1202 Palaestinis
908 1144 943 1199 ad
956 1157 1063 1197 omnem
1114 1146 1171 1202 lans
1186 1143 1326 1201 iudaicam
1348 1144 1530 1215 captivitatem
1550 1143 1675 1209 absolsit,
1697 1143 1744 1199 sed
1767 1143 1850 1198 etiam
1864 1156 1911 1198 ve-

271 1254 425 1297 serntonam
446 1256 524 1296 sunm
549 1222 693 1310 parabolas
711 1237 845 1309 jungere,
869 1244 900 1290 ut
920 1233 992 1304 quod
1015 1247 1066 1301 pet
1115 1239 1188 1292 triam
1207 1234 1366 1291 delictorum
1380 1233 1500 1289 omnium
1521 1235 1549 1290 in
1568 1233 1670 1294 Christi
1687 1232 1804 1289 aslrcntu
1822 1247 1852 1290 sc
1876 1233 1910 1290 iis

272 1332 382 1401 simplex
397 1341 559 1402 praeceptum
573 1332 658 1386 terreri
669 1331 703 1385 ab
716 1328 884 1384 auditoribus
895 1341 948 1382 non
963 1333 1062 1395 potest,
1114 1328 1181 1383 dare
1194 1325 1326 1398 promisit,
1346 1325 1368 1380 si
1384 1325 1561 1394 persisterent
1580 1323 1606 1379 in
1624 1324 1743 1397 iucoepto
1752 1333 1780 1381 ct
1792 1340 1846 1382 uon
1859 1323 1911 1381 ial-

269 1438 319 1492 per
342 1423 546 1478 similitudinem
573 1421 750 1492 exemplaque
767 1428 903 1476 teneatur.
932 1417 1064 1487 Praeepit
1114 1419 1202 1473 terent
1215 1425 1294 1483 roto;
1313 1419 1384 1472 unde
1398 1426 1426 1472 ct
1440 1432 1473 1471 ea
1487 1430 1601 1486 persona
1614 1418 1721 1473 Domini
1739 1419 1773 1473 ad
1793 1417 1910 1489 promis-

270 1515 361 1583 itaque
380 1513 461 1568 Petro
479 1514 528 1569 bac
549 1513 678 1583 parabola
701 1512 831 1567 Dominus
850 1512 901 1566 sub
920 1525 1063 1580 compara·
1114 1523 1207 1565 soram
1224 1508 1331 1563 illorum
1346 1516 1373 1562 ct
1386 1508 1551 1578 poenitontiae
1573 1509 1731 1563 memoriam
1746 1523 1794 1565 eos
1807 1522 1906 1581 proso·

253 1606 343 1660 vtione
366 1605 436 1675 regis
457 1577 558 1661 donnini
572 1613 599 1660 et
617 1605 698 1671 serti,
710 1605 757 1674 qui
773 1604 877 1659 debitor
892 1603 985 1657 decem
1001 1601 1063 1656 mil·
1114 1598 1202 1654 cantis
1221 1599 1272 1652 rite
1284 1612 1333 1668 per
1347 1597 1442 1653 isaiam
1456 1597 1556 1653 dicitur
1572 1617 1579 1653 :
1594 1597 1725 1654 llesnenta
1740 1600 1843 1665 boram,
1863 1598 1910 1655 Ja-

269 1695 335 1750 lium
352 1696 516 1751 talentorum
533 1712 548 1750 a
563 1697 674 1752 domino
693 1695 912 1766 rogansreniam
936 1694 1064 1763 impetra·
1114 1688 1311 1759 cabanariam
1335 1705 1423 1744 sersus
1444 1704 1517 1744 meas
1538 1706 1564 1743 es
1582 1699 1622 1756 ta,
1642 1689 1754 1759 formari
1770 1699 1806 1755 te,
1821 1706 1909 1746 sertus

269 1795 356 1852 serat,
371 1796 401 1841 ut
413 1787 470 1857 ipso
482 1802 590 1857 quoque
599 1787 717 1842 dimittat
733 1786 872 1841 conservis
885 1778 943 1840 suis
956 1784 1062 1839 minora
1114 1797 1187 1836 meas
1197 1798 1224 1835 es
1238 1791 1276 1835 ta.
1291 1770 1385 1846 lsrael,
1402 1798 1454 1836 aaa
1471 1781 1628 1838 oblivisceris
1642 1784 1712 1849 mei,·
1726 1782 1807 1838 deleri
1819 1794 1848 1837 nt
1861 1800 1909 1839 na-

268 1877 454 1950 mnetibus,
478 1876 585 1947 Nosque
599 1877 679 1933 simut
693 1878 821 1932 armannus
837 1885 867 1931 ut
884 1878 985 1933 nostris
999 1892 1062 1933 eon·
1114 1872 1170 1926 bem
1183 1872 1332 1944 iniquitates
1347 1881 1416 1937 toas,
1430 1872 1507 1943 qnasi
1521 1871 1642 1927 nebulam
1660 1883 1765 1944 peccata
1784 1884 1847 1941 terat
1868 1892 1909 1931 re·

268 1972 356 2026 serris
369 1971 477 2041 bersigni
497 1979 525 2026 et
542 1971 732 2026 misericordes
750 1971 845 2024 sinsus.
871 1968 900 2024 Si
921 1970 993 2024 enim
1017 1969 1062 2024 ille
1113 1972 1210 2017 aertere
1228 1963 1263 2016 cd
1280 1979 1332 2025 me.
1352 1964 1477 2033 quonlam
1495 1962 1592 2018 redemi
1610 1974 1634 2019 te
1651 1963 1729 2036 (lsai.
1746 1965 1829 2037 serv).
1855 1965 1908 2022 Sed

270 2079 316 2118 rex
330 2073 357 2119 et
371 2064 501 2119 Domitius
516 2079 594 2119 servo
614 2063 728 2118 debitori
749 2077 882 2118 summam
895 2061 1061 2117 decemmil-
1114 2056 1178 2126 quid
1191 2070 1285 2111 servus
1303 2055 1347 2110 ltic
1359 2055 1484 2125 pertinax
1506 2062 1534 2109 et
1558 2055 1681 2125 ingratus
1700 2067 1794 2128 postea
1815 2057 1910 2115 iecerit

269 2154 334 2207 lium
358 2154 519 2208 talentorum
543 2163 596 2208 tarn
621 2152 700 2209 facile
720 2153 831 2216 dimisit,
852 2164 954 2222 quatita
975 2153 1060 2222 magis
1076 2119 1266 2202 Baudiamus.

267 2244 407 2298 crinservis
419 2246 475 2297 suis
488 2244 671 2312 uuusquisque
685 2251 809 2296 nostrum
823 2256 907 2296 noxas
924 2242 1061 2297 dimittere
1147 2238 1274 2309 Egressus
1286 2248 1373 2293 uatem
1388 2256 1478 2295 serane
1492 2241 1545 2306 ille,
1559 2241 1654 2297 invenit
1668 2258 1748 2296 anam
1764 2244 1797 2298 de
1808 2260 1911 2300 ranser-

267 2335 370 2392 debet?
386 2335 462 2401 Qttod
476 2342 504 2387 ut
518 2330 687 2388 manifestius
703 2332 747 2387 uas
766 2333 887 2387 dicamus
902 2332 952 2386 sub
971 2338 1061 2387 esem·
1109 2333 1148 2389 ais
1158 2334 1214 2387 sais
1226 2335 1271 2404 qai
1281 2334 1388 2388 debebat
1398 2334 1422 2388 ei
1434 2335 1679 2401 eentamdenarios,
1692 2345 1716 2389 et
1727 2345 1815 2391 tenens
1825 2338 1909 2407 satio

266 2427 312 2495 plo
329 2424 377 2479 :Si
390 2426 450 2494 quis
465 2434 589 2480 nastrum
601 2423 768 2478 commiserit
785 2422 957 2488 adulterium,
974 2423 1061 2477 bomi-
1110 2424 1264 2491 cabateaas,
1279 2424 1367 2479 dicens
1379 2440 1388 2479 .·
1400 2423 1490 2478 liedda
1499 2426 1568 2496 qaod
1583 2425 1671 2480 debes.
1690 2425 1833 2482 Pracideas
1846 2446 1909 2483 con-

266 2516 378 2579 cittium,
396 2515 577 2583 sacrilegium,
597 2513 699 2583 majora
718 2513 833 2587 crimina
858 2514 951 2569 decem
976 2514 1059 2568 millia
1110 2531 1199 2569 serras
1216 2515 1273 2585 ejas
1292 2514 1400 2584 rogabat
1417 2530 1476 2568 earn
1495 2515 1584 2568 dicens
1597 2529 1607 2567 .·
1621 2512 1782 2570 Patientiam
1798 2518 1864 2572 bale
1879 2519 1907 2571 ia

268 2608 429 2663 talentorum
448 2606 604 2677 rogantibus
623 2605 805 2671 dimittuntur,
819 2605 843 2660 si
859 2613 886 2660 et
901 2605 950 2675 ipsi
970 2604 1060 2659 dimit·
1111 2617 1188 2659 ascet
1204 2605 1292 2659 amaia
1306 2602 1414 2658 reddam
1430 2604 1486 2660 tibi.
1504 2602 1553 2657 ttte
1564 2614 1651 2658 autem
1662 2603 1758 2669 notuit,
1772 2604 1818 2659 sed
1831 2605 1907 2671 atriis,

267 2708 326 2754 tant
340 2700 443 2753 minora
457 2697 642 2768 peccantibus.
665 2696 713 2751 Sin
730 2706 820 2753 autem
834 2697 869 2752 ob
881 2696 979 2751 iactam
994 2712 1060 2752 cou-
1110 2704 1135 2750 et
1148 2695 1216 2749 misit
1228 2710 1286 2748 eum
1301 2694 1327 2747 irs
1339 2706 1479 2757 carcerem,
1493 2692 1574 2748 donee
1586 2692 1702 2747 redderet
1715 2693 1840 2747 debitam.
1864 2693 1907 2748 li-

269 2789 404 2844 tnmeliam
426 2789 509 2843 sitinus
533 2787 729 2858 implacabiles,
753 2798 781 2843 et
801 2797 912 2858 propter
936 2804 1057 2843 amaram
1110 2786 1221 2841 beratns
1242 2799 1306 2855 ergo
1328 2785 1361 2839 de
1384 2782 1539 2853 captivitate
1563 2777 1690 2839 Judaicus
1707 2785 1832 2855 populus,
1853 2801 1905 2840 trau

238 2951 241 2956 Ι
266 2882 377 2935 uerbum
393 2889 518 2950 perpetes
533 2880 680 2934 trabeamus
698 2880 858 2943 discordias,
874 2894 962 2935 nonne
981 2881 1059 2936 nobis
1109 2880 1196 2936 solum
1211 2879 1382 2948 Redemptori
1394 2893 1442 2933 sno
1454 2878 1557 2949 gratias
1568 2878 1753 2951 minimeegit,
1764 2878 1905 2934 sedetiam

266 2970 388 3025 ridemur
401 2979 475 3025 recte
488 2970 626 3039 redigendi
642 2970 669 3023 in
686 2984 834 3036 carcerem,
851 2979 880 3026 et
898 2972 948 3026 sub
968 2986 1058 3026 exem
1109 2973 1229 3045 peccatis
1250 2971 1373 3042 pristinis
1392 2981 1503 3042 peccata
1530 2986 1598 3027 nora
1619 2971 1849 3043 superadjiciens,
1877 2972 1905 3026 itt
1975 2978 1987 2999 ·

265 3060 410 3133 plooperis
421 3061 507 3115 nostri
523 3061 574 3114 hoc
591 3074 681 3129 agere,
694 3070 724 3114 ut
738 3061 870 3131 majorum
890 3061 967 3116 nobis
989 3061 1058 3116 deli·
1110 3072 1293 3135 contemptum
1313 3064 1421 3120 Domini
1443 3065 1486 3119 sui
1509 3079 1669 3120 conservum
1692 3079 1780 3129 suurn,
1813 3062 1906 3131 idest

265 3160 370 3207 storum
387 3152 465 3207 senia
488 3165 540 3204 non
561 3150 719 3204 relaxetur?
745 3149 890 3223 (blancus.)
916 3150 944 3206 Si
967 3162 1057 3205 autem
1109 3159 1238 3230 gentilem
1253 3156 1390 3228 populum,
1405 3158 1544 3226 quasisihi
1557 3158 1703 3213 obnoxium
1721 3154 1904 3227 fatigarentur

265 3242 421 3312 allegoriam
436 3243 462 3296 in
477 3240 665 3311 lracparabola
683 3242 745 3309 qttis
762 3249 875 3310 qtraerat,
898 3251 987 3313 potest
1008 3243 1058 3296 ltos
1109 3248 1223 3305 dissutis.
1246 3248 1328 3316 Quasi
1346 3263 1413 3319 ergo
1425 3248 1476 3303 sibi
1494 3247 1643 3303 debitorem
1658 3245 1902 3303 credenscircum.

264 3334 333 3388 duas
344 3332 479 3388 debitores
491 3332 541 3385 suu
554 3338 616 3401 typo
629 3333 743 3395 duorum
753 3332 912 3402 populorum
924 3334 1056 3402 accipere.
1109 3339 1240 3396 cisionem
1264 3346 1291 3392 et
1312 3337 1487 3393 ceremonias
1510 3336 1576 3407 tagis
1598 3338 1631 3392 ab
1654 3352 1686 3393 ea
1709 3336 1855 3406 expetivit,
1877 3344 1906 3392 es

264 3422 352 3479 llomo
362 3438 427 3494 erga
442 3421 484 3477 lrie
497 3428 524 3476 et
537 3437 585 3475 rex
599 3422 642 3478 cui
655 3438 765 3493 regnum
780 3422 910 3478 coelorum
925 3423 1057 3479 assimila·
1109 3430 1211 3486 elusisti
1233 3429 1347 3501 gratiam
1370 3428 1442 3499 quod
1465 3429 1499 3484 ad
1519 3429 1632 3485 salutern
1658 3427 1711 3482 illis
1735 3427 1832 3483 idonea
1848 3441 1902 3483 nott

264 3525 320 3581 tur,
333 3516 378 3584 qui
394 3516 524 3569 rationem
538 3531 600 3569 curu
615 3515 767 3570 servissuis
780 3517 879 3585 posuit,
892 3517 952 3585 quis
963 3476 1095 3573 meliusC
1110 3531 1193 3587 usses,
1210 3521 1378 3577 calumnians
1400 3519 1511 3588 respuit.
1538 3518 1615 3575 Unde
1634 3527 1676 3573 est
1693 3516 1758 3575 ittud
1776 3518 1849 3587 quod
1863 3527 1905 3574 est

262 3625 346 3680 garam
366 3609 528 3676 Redemptor
548 3615 639 3662 noster
658 3606 834 3677 intelligitur?
857 3608 894 3662 Dc
917 3623 970 3677 qtso
989 3608 1057 3664 Pro·
1110 3618 1137 3675 jn
1153 3617 1264 3672 Acribus
1278 3614 1461 3686 apostolurum
1475 3632 1481 3668 :
1495 3613 1608 3682 Quidam
1631 3617 1665 3670 de
1687 3615 1784 3671 humi
1809 3614 1905 3671 Phari.

262 3700 344 3771 pheta
363 3699 428 3753 dicit
447 3716 454 3752 ε
473 3697 508 3750 lit
527 3699 603 3752 tronto
621 3707 677 3762 est,
695 3699 753 3766 qais
777 3699 909 3767 eagtsaseit
928 3714 1004 3763 easrs;
1030 3707 1058 3754 et
1109 3721 1225 3764 saeofflm
1241 3706 1317 3762 Pauli
1336 3715 1363 3761 us
1377 3705 1505 3761 Barrabas
1521 3706 1706 3776 praedicationi
1725 3707 1904 3777 impedimen.

262 3786 422 3851 Psalmista;
438 3787 521 3852 Det-³.
542 3788 638 3856 inquit,
653 3787 784 3856 judicium
803 3797 877 3840 taam
899 3790 952 3858 ‘29¹'
970 3789 1016 3854 (ιι,
1032 3798 1056 3843 0¹
1109 3805 1166 3853 tum
1180 3796 1320 3862 iacientes,
1334 3794 1535 3853 affirmaverunt
1547 3798 1652 3867 eosqui
1667 3810 1699 3851 ex
1712 3798 1836 3867 gentibus
1848 3811 1907 3854 cre·

264 3875 545 3944 iristitiamtaamfilio
562 3873 837 3949 ttfitll'wl·l1¹¹¹)·
859 3876 1057 3944 Qtlicssmset-
1108 3889 1235 3945 didemnt
1264 3889 1362 3945 debere
1392 3887 1569 3950 eircumcidi,
1597 3896 1623 3943 et
1646 3885 1791 3945 observare
1817 3887 1903 3959 legens

265 3967 305 4020 ris
318 3966 374 4021 suis
392 3965 522 4020 rationem
539 3965 616 4030 iacit,
630 3966 738 4035 qtrando
752 3968 963 4038 uniuscnjusque
976 3972 1058 4025 meri·
1108 3979 1205 4050 Moysi,
1225 3987 1253 4035 es
1274 3996 1327 4035 „011
1350 3979 1436 4034 sotum
1458 3981 1509 4034 1100
1526 3993 1670 4049 persuasu,
1687 3978 1733 4033 sed
1749 3980 1830 4034 estam
1848 3990 1904 4034 ως.

266 4067 322 4113 tum
346 4058 467 4111 districte
487 4058 647 4113 examinans
669 4059 820 4128 perpendit.
845 4060 883 4114 De
904 4061 963 4130 ipso
983 4063 1056 4117 enim
1108 4067 1278 4123 mentissteri
1292 4069 1433 4136 cogebant.
1459 4065 1535 4119 Sient
1550 4074 1578 4119 et
1598 4067 1743 4135 praedictus
1766 4067 1902 4136 apostolus

264 4150 447 4218 scriptumest
461 4147 833 4203 :iudicabitarbemterroein
846 4153 1057 4223 aquitateetpa-
1107 4153 1208 4213 Paulus
1231 4155 1516 4211 Tlsessalonicensibns
1535 4157 1657 4212 scribens
1680 4166 1739 4212 att:
1759 4156 1812 4211 l'os
1831 4159 1899 4213 enias

263 4242 339 4313 patim
351 4242 378 4294 irs
393 4242 500 4294 acritate
518 4257 567 4294 saa
580 4239 665 4311 (Psoi.
683 4241 755 4313 xcv).
1105 4247 1251 4300 imitatores
1264 4247 1327 4316 sacti
1337 4248 1397 4300 estis
1413 4245 1507 4316 fratres
1520 4247 1687 4302 ecclesiaram
1700 4247 1756 4315 Dei,
1770 4266 1829 4320 aare
1840 4262 1901 4305 sarrt

300 4329 334 4383 m
353 4346 414 4384 eam
435 4331 550 4400 cepisset
572 4331 699 4383 rationem
721 4346 828 4401 ponere,
852 4332 953 4389 oblatas
974 4345 1010 4390 est
1032 4339 1056 4391 ei
1105 4337 1134 4390 its
1148 4337 1255 4403 dadae,
1270 4338 1297 4391 in
1310 4336 1487 4392 Cirristoiesu
1501 4351 1510 4390 .·
1523 4340 1584 4411 qaia
1602 4339 1691 4414 eadem
1705 4341 1777 4410 passi
1796 4342 1858 4395 estis
1876 4351 1901 4396 et

263 4437 331 4475 unas
354 4422 398 4491 qai
418 4421 524 4474 debebat
545 4421 633 4473 decem
656 4420 739 4474 atillia
757 4422 864 4477 talento.
885 4423 953 4481 Cam
969 4436 1055 4481 autem
1105 4441 1151 4481 aas
1169 4442 1185 4480 a
1203 4426 1393 4481 contribulibus
1407 4430 1508 4494 restris,
1526 4431 1593 4484 siesst
1606 4439 1629 4485 ct
1642 4431 1692 4501 ipsi
1712 4431 1844 4487 cluderis
1854 4434 1901 4503 qui

264 4529 316 4566 non
337 4511 442 4565 baberet
462 4512 530 4565 ande
547 4511 676 4576 redderet,
693 4511 775 4580 jussit
787 4529 847 4567 eam
861 4516 1015 4581 remandari,
1030 4528 1055 4572 et
1105 4525 1130 4571 et
1145 4516 1286 4572 Dominam
1304 4517 1453 4573 occiderant
1465 4518 1556 4573 lesam
1579 4529 1603 4574 et
1626 4521 1776 4591 propbetas,
1801 4531 1831 4576 et'
1852 4539 1899 4577 aas

263 4620 371 4658 acorem
383 4605 451 4675 ejas,
465 4615 489 4659 et
498 4604 578 4672 filios,
591 4613 614 4659 et
628 4606 715 4660 anania
729 4607 917 4677 gundobados,
931 4619 954 4664 et
969 4610 1053 4666 reddi.
1104 4609 1232 4678 persecuti
1246 4615 1317 4672 sant,
1331 4617 1354 4661 et
1366 4607 1420 4662 Deo
1438 4607 1667 4678 complacuerant,
1681 4620 1706 4666 et
1723 4612 1843 4666 omnibns
1855 4610 1900 4666 iso

263 4699 364 4754 Seram
384 4701 428 4755 hie
444 4700 490 4770 qui
510 4701 602 4754 decein
621 4700 704 4754 millia
724 4699 886 4755 talentorum
905 4702 1055 4759 debuisdu-
1105 4698 1218 4753 minibus
1231 4698 1413 4765 adversantur,
1430 4698 1592 4770 prolitentes
1610 4716 1656 4755 nos
1676 4701 1794 4772 gentibus
1817 4702 1907 4773 lanai„

263 4788 357 4845 tisicus
369 4799 410 4844 est
422 4789 545 4859 populus,
570 4790 616 4858 qui
641 4790 769 4861 decalogo
792 4790 859 4861 legis
882 4793 1052 4857 constrictus,
1068 4801 1136 4883 Dat
1152 4791 1231 4847 soloce
1247 4793 1324 4862 fiant,
1337 4802 1370 4845 stt
1381 4791 1506 4862 impleant
1516 4802 1622 4864 peccata
1635 4809 1798 4865 saaremper
1811 4807 1820 4846 :
1832 4811 1900 4864 pra-

262 4880 410 4934 multarum
422 4881 666 4951 transgressionum
686 4881 785 4936 debitis
802 4880 893 4936 inerat
909 4882 1052 4940 obnoxius.
1106 4885 1175 4939 aenit
1197 4884 1266 4938 enim
1290 4897 1368 4952 saper
1389 4881 1448 4936 illos
1474 4883 1515 4936 ira
1544 4880 1591 4938 Dei
1617 4898 1697 4955 aseae
1721 4886 1749 4940 s'a
1770 4884 1848 4954 tinem
1872 4885 1897 4959 (l

262 4966 348 5035 Quem
367 4967 496 5024 Dominus
511 4985 575 5025 suus
586 4970 667 5040 lussit
678 4972 838 5037 venundari,
853 4981 880 5027 et
892 4984 1016 5040 uxorem,
1029 4981 1057 5030 et
1107 4973 1198 5029 lbere.
1221 4974 1263 5042 n).

261 5058 343 5125 tilios,
356 5068 386 5115 et
399 5061 490 5115 amnia
503 5076 563 5131 quae
574 5062 699 5127 habebat,
714 5063 825 5118 etreddi
838 5081 845 5117 z
857 5064 921 5133 quia
939 5079 993 5120 non
1010 5082 1056 5121 ao-
1149 5062 1269 5121 Videates
1286 5075 1372 5121 satem
1391 5066 1505 5121 ccamsoi
1528 5066 1586 5136 ejas
1599 5080 1658 5136 arsa
1670 5065 1778 5135 fiebant,
1801 5070 1899 5123 contri·

261 5159 319 5214 lsm
341 5152 491 5223 populum,
513 5151 665 5208 sedetiam
687 5166 849 5223 synagogam
879 5153 1054 5221 iudeorum,
1107 5154 1170 5209 stati
1185 5163 1246 5209 sant
1261 5154 1351 5221 oalde,·
1364 5164 1388 5210 et
1400 5165 1532 5220 maereat,
1550 5165 1575 5210 et
1596 5164 1769 5211 assenserant
1791 5157 1898 5213 domimo

261 5242 389 5317 praelatos
403 5244 483 5298 simul
497 5251 525 5298 et
537 5244 658 5299 subditos
674 5259 736 5298 eum
758 5252 813 5298 tota
834 5245 988 5301 substantia
1004 5263 1053 5303 eo·
1109 5262 1157 5301 ssso
1172 5246 1260 5301 amnia
1280 5261 1340 5316 aaa
1354 5246 1424 5315 facta
1441 5245 1553 5314 deseram.
1578 5244 1629 5314 Qui
1647 5255 1710 5302 sunt
1727 5256 1818 5303 autem
1832 5263 1898 5304 con·

262 5350 324 5392 ram
337 5346 447 5408 propter
460 5337 618 5393 delictorum
633 5339 844 5408 magnitudinem
858 5341 884 5395 in
898 5352 1052 5398 exteramm
1106 5336 1178 5391 betti
1206 5335 1250 5390 5⁸¹¹
1277 5335 1323 5406 (tul
1351 5336 1515 5406 timii-‘Diam
1539 5337 1611 5393 ⁸0er
1637 5353 1753 5408 nequam
1786 5339 1896 5395 d⁰mltt⁰

260 5429 704 5500 pammatnatunnanomm,
716 5431 1053 5500 etquodnatuerunsma»
1106 5424 1339 5489 renuntiauerant
1359 5425 1474 5495 apostati
1490 5433 1519 5480 es
1540 5427 1731 5497 praematuras
1745 5427 1894 5499 evaugettt,
1941 5438 1944 5443 ’

262 5517 417 5589 persolvere
429 5524 589 5589 augerentur
602 5526 747 5574 tormento.
1105 5517 1152 5586 qui
1175 5517 1296 5586 quotidie
1318 5531 1368 5587 pro
1389 5516 1474 5573 saluta
1497 5518 1664 5574 aralentium
1686 5529 1782 5575 contra
1803 5519 1895 5578 dolum

301 5604 442 5663 Proetdens
453 5608 1052 5674 senasitte,oratatennsdiceassrattenttam
1105 5616 1310 5678 pececatorum
1334 5606 1475 5662 Dominum
1499 5607 1661 5677 imploranti
1681 5607 1758 5664 Sicut
1781 5617 1809 5665 et
1829 5624 1896 5681 ‚aaa

259 5695 330 5752 sats
340 5697 368 5750 iss
379 5712 431 5762 ase,
447 5707 471 5752 et
485 5699 573 5753 omnia
585 5699 693 5752 reddam
705 5699 761 5753 tibi.
783 5699 829 5756 Sic
843 5710 871 5755 et
883 5703 996 5772 populus
1008 5704 1052 5760 ille
1105 5697 1168 5753 stoli
1189 5698 1215 5751 in
1230 5696 1341 5751 Actibus
1360 5695 1541 5766 apostolorum
1559 5695 1656 5753 iecisse
1674 5699 1809 5769 legantur,
1831 5715 1894 5757 cunt

259 5786 368 5860 legalis,
382 5799 524 5860 postquam
537 5806 567 5845 se
581 5799 703 5845 senserat
721 5791 799 5847 malis
817 5793 1011 5849 circumdatum
1024 5804 1052 5850 et
1105 5788 1269 5853 sacerdotes,
1281 5795 1309 5843 el
1328 5787 1501 5858 magistratus
1521 5786 1624 5858 lemelia
1644 5798 1673 5843 et
1695 5789 1835 5845 Sadducaei
1849 5791 1895 5846 ¹¹⁰·

260 5885 478 5947 ‹toangustatnm
495 5879 603 5933 tandem
615 5880 804 5948 poenitentiam
820 5882 884 5949 egit,
905 5882 940 5937 ad
957 5898 1052 5953 preces
1104 5878 1191 5934 lentes
1212 5879 1283 5948 quod
1305 5879 1433 5934 docerent
1454 5879 1579 5949 populum
1597 5889 1626 5934 et
1653 5882 1845 5937 annuntiarent
1865 5887 1893 5936 in

260 5974 473 6021 conversasset.
498 5967 573 6035 Quod
597 5968 671 6038 prius
687 5977 782 6038 sponte
802 5970 897 6037 noluit,
916 5982 1008 6043 pastea
1024 5973 1051 6028 ri
1103 5965 1196 6022 lesum
1220 5968 1446 6022 resurrectionem
1473 5980 1507 6022 ea
1529 5968 1652 6034 mortuis,
1676 5967 1788 6041 tlagellis
1816 5971 1894 6027 caesis

262 6061 412 6109 eructasse
425 6052 556 6112 laetumm
566 6058 698 6131 promisit
1104 6058 1329 6114 dentstniaremnt
1343 6058 1458 6114 neultra
1482 6058 1654 6131 loquerentur
1672 6063 1699 6116 iu
1721 6064 1830 6118 saaraim
1846 6057 1892 6114 le·
