4509 6850
283 603 335 665 tei
793 598 972 659 comus.
991 598 1026 654 ΙΝ
1045 597 1263 658 usstassais.
1283 633 1319 646 -
1337 604 1401 661 ste.
1419 605 1456 663 t.
1864 612 1915 673 m

281 726 367 795 ponat
385 717 555 775 octonariam
576 732 729 774 nnmerum.
755 716 809 774 Sed
825 717 913 775 larilis
932 716 1075 789 responsio
1087 725 1113 783 Α
1125 716 1153 773 in
1168 720 1248 775 terris
1262 721 1429 778 consistente
1443 721 1567 792 despecta
1582 721 1750 797 aliorumque
1766 726 1863 785 similla
1878 731 1918 788 ri-

281 819 326 869 est
341 829 348 866 ε
364 810 428 882 quia
444 810 489 866 bic
503 810 584 865 medii
599 817 736 879 ponuntur
750 808 823 875 dies,
846 808 884 864 ibi
902 809 1007 881 primus
1019 821 1074 879 qno
1124 810 1268 878 debentur,
1290 813 1337 868 sed
1355 813 1413 884 ipso
1432 824 1552 870 montem
1575 825 1683 886 petente
1704 833 1774 874 noro
1796 822 1917 879 candore

282 903 414 961 Dominus
426 903 484 959 baee
501 903 638 974 promisit,
659 912 687 959 et
700 911 853 969 extremus,
872 918 926 973 qno
944 920 992 959 sua
1010 918 1074 975 pro-
1124 899 1257 974 relulgent
1277 918 1285 956 ε
1311 904 1375 974 qnia
1395 921 1465 959 nune
1484 906 1588 977 quidem
1606 907 1657 977 filii
1677 910 1728 964 Dei
1748 928 1849 979 marus,
1868 918 1914 974 ua

282 995 368 1050 missa
389 995 549 1066 compleuit,
574 995 693 1051 additur.
706 995 823 1065 ideoque
842 996 929 1053 Lucas
944 1012 997 1052 non
1013 1004 1074 1067 post
1124 990 1241 1044 nondam
1253 994 1375 1062 apparuit
1386 994 1449 1064 quid
1461 997 1575 1062 crimem
1588 999 1699 1063 marna,
1720 1003 1782 1072 quis
1795 1020 1853 1058 ειιιι
1866 1022 1915 1076 ap-

283 1084 342 1142 dtes
355 1094 428 1153 octo,
449 1087 497 1142 sed
509 1087 699 1157 temperatius,
718 1086 775 1142 lere
788 1087 845 1143 dies
859 1096 921 1143 octo
934 1088 1020 1158 ponit.
1041 1086 1075 1142 itt
1123 1082 1260 1150 paruerit,
1278 1083 1376 1138 similes
1390 1087 1414 1139 ei
1427 1087 1524 1142 eamus
1543 1106 1552 1143 :
1567 1090 1707 1147 ridebimus
1723 1096 1791 1149 enim
1804 1114 1863 1152 eam
1877 1099 1917 1153 si·

284 1177 312 1235 in
328 1180 431 1235 ratione
442 1178 555 1251 mystica
566 1179 619 1235 illic
630 1188 692 1249 post
701 1194 748 1234 sex
759 1179 851 1233 mundi
865 1186 960 1234 etates
971 1178 1074 1234 sanetis
1124 1171 1178 1224 coti
1191 1181 1229 1225 est
1241 1170 1266 1241 (l
1281 1170 1364 1227 toan.
1377 1175 1430 1247 ιιι).
1448 1174 1524 1232 Unde
1534 1178 1602 1233 bene
1613 1180 1646 1233 de
1658 1181 1759 1237 eisdem
1773 1186 1918 1242 vestimen·

284 1268 319 1325 ab
340 1268 414 1325 ourrri
437 1269 530 1325 labore
548 1268 742 1339 quiescendum
768 1286 774 1323 :
800 1269 845 1323 bic
868 1283 934 1323 nero
954 1277 1074 1338 tempore
1124 1260 1159 1314 lio
1171 1275 1220 1330 Dor
1233 1260 1353 1317 Moioom
1364 1264 1464 1320 dicitnr
1480 1284 1487 1319 ε
1504 1265 1574 1330 Qolo
1587 1267 1658 1338 [arto
1670 1280 1730 1324 suat
1743 1272 1917 1344 splendentia,

281 1369 379 1417 octavo
393 1359 515 1431 designat
532 1374 593 1415 esse
611 1358 816 1430 resurgendum.
833 1358 910 1415 Unde
921 1358 1034 1429 pulchre
1046 1367 1074 1414 et
1123 1353 1238 1407 condicit
1252 1354 1406 1409 nimisoelot
1418 1358 1577 1429 timptatio
1590 1359 1853 1433 [ullosupertermm
1866 1385 1919 1424 non

283 1457 377 1507 sextus
394 1448 513 1518 psalmus
530 1466 578 1520 pro
600 1458 690 1503 octauo
710 1448 848 1513 scribitur,
874 1447 950 1517 cnjus
966 1447 1074 1502 initium
1123 1451 1206 1512 potest
1217 1444 1332 1498 eandida
1347 1445 1433 1516 [orere
1450 1447 1547 1519 (trare.
1562 1451 1634 1524 ιιιι).
1650 1450 1717 1508 Nam
1730 1456 1793 1524 quia
1807 1456 1851 1512 ille
1867 1458 1920 1515 boo

283 1549 324 1598 est
339 1560 345 1595 :
358 1542 480 1606 Domine,
495 1558 527 1596 ne
540 1542 567 1595 in
578 1541 619 1596 iro
632 1549 678 1595 tuo
693 1556 790 1612 arquos
806 1556 855 1595 sne.
868 1539 936 1607 Quia
947 1539 1073 1596 nimirum
1123 1533 1184 1590 loco
1198 1535 1388 1606 intelligendus
1402 1546 1444 1592 εει
1459 1537 1543 1605 fullo,
1559 1556 1639 1612 qoem
1652 1545 1787 1614 poenitens
1801 1547 1918 1604 Psalrni-

283 1648 332 1705 per
343 1649 390 1690 εει
407 1641 511 1699 etates,
525 1631 625 1703 quibus
637 1633 743 1702 operari
758 1632 830 1695 licet,
843 1632 968 1702 precibus
979 1640 1020 1687 est
1030 1631 1073 1687 in·
1125 1633 1167 1680 sta
1180 1626 1216 1680 ita
1229 1634 1356 1695 precatur
1370 1628 1507 1700 :Amplius
1522 1629 1581 1687 loos
1599 1650 1640 1689 me
1655 1635 1688 1690 ot
1707 1636 1837 1705 iniustitia
1848 1657 1917 1708 mea,

283 1725 432 1781 sistendum
445 1765 452 1788 ,
471 1739 505 1780 ne
518 1725 545 1779 in
558 1732 654 1781 octavo
669 1723 856 1779 retributionis
868 1731 987 1793 tompore
1001 1740 1016 1777 a
1029 1721 1074 1792 ju·
1124 1724 1149 1769 ol
1162 1732 1178 1769 o
1191 1716 1286 1771 delicto
1299 1734 1356 1773 meo
1371 1720 1470 1775 moola
1481 1737 1522 1775 me
1532 1720 1618 1794 (ΡΜᾹ
1630 1723 1669 1797 1),
1683 1741 1737 1781 ooo
1753 1737 1841 1797 Dolooi
1854 1730 1919 1787 ilde·

283 1816 343 1872 dice
362 1815 541 1886 corripiamur
553 1816 623 1870 irato
645 1832 652 1869 ε
673 1814 745 1885 quod
761 1822 788 1869 et
806 1815 864 1886 ipse
877 1814 1006 1870 Dominus
1024 1815 1076 1870 boc
1124 1806 1195 1863 libus
1208 1809 1265 1865 tolo
1277 1809 1304 1864 io
1317 1818 1388 1865 lotio
1403 1812 1652 1880 111181111111111111,
1672 1831 1732 1887 oute
1748 1834 1796 1874 eos
1811 1836 1920 1878 conser-

283 1908 343 1966 loco
362 1909 447 1965 coluit
463 1924 513 1965 nos
528 1916 638 1964 ostenso
657 1923 713 1963 snae
734 1908 866 1964 orationis
889 1906 1011 1979 exemplo
1028 1906 1075 1963 dn-
1124 1908 1187 1954 tata
1202 1910 1295 1957 manet
1310 1904 1338 1958 in
1349 1904 1435 1961 coelis.
1452 1902 1516 1960 Sive
1529 1907 1630 1963 aliter:
1646 1906 1730 1967 Nemo
1744 1914 1845 1984 estqui
1860 1915 1920 1972 siue

283 2016 355 2056 cere.
367 2000 405 2055 De
418 2015 470 2071 qun
485 2000 633 2056 secundum
648 1998 750 2055 Lucam
764 1999 863 2055 dicitur
879 2018 886 2052 ε
903 1999 972 2066 Quin
982 2014 1075 2054 oscen·
1126 2003 1229 2051 attactu
1246 1997 1360 2069 alicujus
1373 2000 1478 2069 peccati
1495 2000 1586 2057 nivere
1606 2003 1691 2072 possit
1710 2018 1793 2075 snper
1805 2015 1917 2064 terram.

283 2093 322 2148 dit
341 2093 368 2147 ia
389 2102 501 2147 montem
516 2101 544 2146 ut
560 2100 657 2146 oraret.
679 2090 708 2145 ln
723 2100 843 2148 montem
855 2099 1075 2160 namqueoretu·
1089 2070 1112 2132 Β
1126 2085 1180 2141 Sed
1193 2087 1266 2157 quod
1279 2087 1354 2152 lullo,
1371 2090 1462 2154 idest,
1481 2092 1576 2147 doctor
1592 2093 1763 2160 animarum,
1779 2111 1825 2151 seu
1839 2114 1920 2154 mnn-
1972 2095 1979 2108 ¹

284 2197 341 2249 rus,
355 2192 384 2237 et
396 2182 436 2237 sic
449 2182 691 2253 transfiguraturus
704 2180 836 2246 ascendit,
849 2188 879 2234 ut
893 2181 1019 2235 ostendat
1029 2195 1077 2235 eos
1126 2174 1207 2230 dator
1218 2176 1317 2245 aliquis
1334 2177 1376 2231 sui
1389 2180 1512 2247 corporis
1526 2181 1643 2235 eximius
1656 2192 1848 2252 superterram
1864 2202 1919 2244 rron

283 2274 330 2345 qui
346 2273 463 2330 lructnm
477 2273 681 2329 resurrectionis
695 2280 868 2342 exspectant,
883 2272 928 2342 qui
942 2286 1034 2342 regem
1047 2271 1075 2327 in
1125 2274 1234 2337 potest,
1250 2267 1379 2322 Dominus
1401 2267 1482 2324 laciet
1505 2269 1531 2325 in
1553 2271 1633 2338 eoelo,
1654 2274 1805 2331 emundant
1826 2278 1920 2334 Eccle-

282 2364 381 2420 demtre
398 2379 448 2420 suo
462 2364 553 2419 ridere
568 2364 743 2430 desiderant,
757 2374 847 2418 mente
859 2363 887 2417 in
900 2363 1015 2420 excelsis
1028 2363 1077 2419 ba-
1126 2360 1206 2426 siam‚
1230 2371 1333 2416 vestem
1348 2362 1472 2418 videlicet
1489 2379 1566 2419 suam
1581 2367 1615 2421 ab
1627 2368 1700 2422 omni
1716 2368 1920 2438 inquinamento

280 2455 381 2522 bitere,
396 2465 423 2512 et
434 2455 570 2512 continuis
578 2454 706 2526 precibus
719 2453 874 2509 incumbere
887 2453 995 2510 debere.
1009 2453 1077 2511 Tres
1126 2453 1227 2517 carnis,
1244 2461 1271 2507 et
1285 2455 1405 2524 spiritus,
1421 2456 1640 2525 insuperaeterna
1656 2461 1746 2517 carnis
1762 2478 1795 2519 ac
1810 2467 1921 2535 spiritus

282 2546 453 2603 solummodo
467 2560 558 2602 secum
579 2544 725 2614 discipulos
744 2545 829 2612 «broit,
851 2543 894 2602 rel
914 2545 977 2616 qnia
999 2544 1076 2599 metti
1125 2542 1292 2600 beatitudine
1305 2561 1338 2600 ac
1351 2545 1410 2602 luce
1424 2548 1559 2604 reficiens.
1571 2548 1724 2620 Sequitur:

281 2645 342 2690 srtnt
354 2636 446 2700 menti,
458 2636 536 2705 poesi
548 2637 704 2702 oeroelecti,
717 2635 759 2690 vel
772 2638 835 2708 quia
848 2637 885 2702 bi,
902 2638 1032 2707 quincue
1046 2636 1077 2693 d·
1161 2634 1197 2688 Et
1213 2636 1464 2706 ereenppnruitt’llis
1482 2636 1585 2709 dloptes
1604 2649 1629 2695 et
1642 2639 1717 2696 Elias
1734 2660 1791 2697 eum
1815 2644 1868 2701 illis
1881 2646 1921 2701 lo-

283 2725 344 2781 dem
364 2739 416 2795 qua
435 2724 530 2781 imbuti
554 2733 617 2781 sunt
636 2734 738 2781 sanetae
758 2726 900 2783 Trinitatis
919 2728 1076 2800 incorrupta
1125 2733 1243 2798 parntes.
1258 2724 1356 2792 Quales
1369 2728 1561 2797 apparuerint,
1578 2739 1605 2783 et
1617 2730 1681 2800 quid
1692 2730 1774 2788 locuti
1788 2735 1843 2790 sint
1857 2751 1919 2792 cum

283 2824 373 2872 niente
391 2826 582 2883 servaverunt,
604 2825 668 2873 tunc
686 2826 789 2873 aerema
806 2820 864 2891 ejus
882 2834 1022 2877 merentur
1034 2824 1075 2877 ri·
1125 2830 1174 2883 eo,
1192 2813 1281 2870 Lucas
1296 2815 1465 2871 manifestius
1478 2816 1588 2885 scribit,
1605 2820 1698 2876 dicens
1712 2806 1818 2879 :Druna
1832 2836 1919 2881 autem

282 2908 359 2964 sione
374 2907 468 2963 laetari.
481 2908 516 2963 Et
527 2909 666 2965 benecum
682 2910 786 2966 diceret
801 2928 808 2965 ε
823 2910 893 2976 Quia
906 2912 979 2967 dcco
993 2930 1036 2970 eos
1048 2915 1076 2970 in
1126 2905 1230 2977 ΗΘΜ
1248 2914 1273 2960 ol
1290 2904 1364 2960 Elio
1374 2908 1424 2961 11111
1440 2907 1468 2961 l'o
1488 2908 1639 2978 mojssololet
1657 2922 1681 2965 et
1694 2912 1815 2967 ot'ttiool
1828 2931 1918 2969 totot-

283 3007 395 3052 montem
419 2998 560 3064 excelsam,
583 2998 686 3055 addidit
705 3015 823 3054 seorsum
840 3015 851 3054 .·
869 3002 933 3071 quia
948 3002 1033 3073 iusti,
1049 3012 1077 3060 et
1125 3011 1184 3051 sem
1197 2996 1265 3066 tt'oo,
1280 3012 1355 3068 quem
1366 2998 1541 3068 completuros
1552 3010 1607 3054 erut
1617 3002 1645 3054 lo
1660 3001 1828 3059 Httrotoltttt
1841 3004 1917 3077 (Lot.

279 3103 356 3143 nunc
366 3104 428 3145 cum
443 3104 589 3159 pratorum
601 3090 861 3161 vitiisprcmnntur,
878 3094 970 3149 animo
985 3104 1075 3150 tamen
1125 3086 1175 3159 ιι).
1193 3086 1300 3159 Moyses
1312 3102 1377 3160 ergo
1393 3099 1422 3143 et
1436 3089 1526 3158 Elias,
1542 3092 1588 3162 qui
1609 3091 1691 3147 locuti
1709 3102 1772 3149 sunt
1790 3110 1850 3149 cum
1865 3094 1920 3152 Do·

282 3185 346 3234 sunt
360 3186 418 3234 toto
434 3186 515 3249 atque
528 3180 677 3237 intentione
700 3180 761 3237 fidei
781 3184 897 3254 separati
920 3184 1032 3252 abillis,
1048 3192 1076 3240 et
1124 3178 1200 3233 mloo
1211 3178 1238 3232 io
1257 3185 1370 3243 loonio,
1391 3187 1419 3233 oi
1433 3181 1587 3249 passionem
1607 3181 1681 3251 otoo,
1699 3197 1731 3240 oo
1746 3186 1922 3241 18111111ῑί0·

282 3268 311 3324 in
323 3269 414 3326 luturo
430 3269 549 3327 lunditus
561 3287 684 3329 seorsum
706 3273 878 3329 abducuntur
893 3273 927 3329 ab
943 3275 993 3331 eis.
1007 3274 1074 3332 Cum
1126 3286 1190 3327 nem
1202 3271 1348 3339 dicebant,
1361 3273 1471 3329 oracula
1485 3273 1551 3346 lepis
1565 3285 1592 3331 et
1604 3278 1752 3348 proplietiae
1768 3280 1920 3352 designant,

282 3363 423 3420 abscondit
441 3360 488 3421 εοέ
506 3364 534 3420 in
554 3365 646 3420 abdito
660 3363 750 3420 uoltus
769 3364 851 3433 sui,a
870 3368 1075 3426 conturbatione
1126 3376 1187 3434 quae
1201 3361 1228 3416 in
1244 3362 1358 3417 bordino
1373 3362 1506 3434 completa
1521 3404 1528 3431 ,
1546 3372 1574 3419 et
1585 3380 1657 3421 nnnc
1672 3367 1757 3423 doctis
1770 3370 1921 3440 quibusque

282 3455 435 3514 bominum.
1088 3428 1111 3490 C
1126 3459 1210 3522 putet,
1224 3460 1252 3508 et
1265 3453 1358 3509 electis
1370 3454 1496 3510 omnibus
1510 3455 1536 3510 in
1554 3454 1647 3512 loturo
1665 3459 1833 3515 manifestius
1846 3470 1923 3531 pate·

321 3549 354 3603 Et
369 3548 574 3620 tronsfipurotus
593 3557 630 3603 est
644 3557 705 3606 onte
719 3566 772 3605 eos.
792 3548 927 3625 (Dieron.)
939 3550 1015 3620 Quod
1027 3568 1075 3607 au·
1125 3542 1176 3600 bit.
1192 3543 1244 3611 Qui
1265 3545 1335 3601 bene
1352 3545 1403 3600 visi
1417 3544 1444 3600 in
1467 3545 1609 3616 majestate
1631 3549 1767 3612 dicuntur.
1782 3552 1845 3620 quia
1859 3561 1923 3609 tunc

281 3646 339 3695 rem
351 3638 416 3693 nien
432 3656 438 3691 :
453 3637 488 3692 m
500 3638 703 3710 transppmnrm
715 3650 753 3693 en
764 3648 888 3705 ansatos,
904 3655 986 3697 nemo
998 3649 1077 3712 putet
1126 3635 1246 3704 apertius
1258 3636 1415 3706 videbitur,
1438 3649 1540 3710 noenta
1554 3642 1675 3699 veritatis
1687 3643 1818 3716 dignitate
1834 3648 1923 3704 omnis

281 3731 426 3802 pristinam
440 3744 502 3785 emn
517 3729 631 3785 lormam
646 3729 779 3786 etlaeiern
789 3732 1077 3800 perdidisse,etami·
1127 3727 1280 3784 1111111οΝ111
1305 3730 1474 3803 eloquiorum
1499 3749 1553 3789 ooo
1579 3735 1667 3792 solom
1691 3753 1799 3807 sensus,
1825 3740 1872 3796 ooo
1895 3751 1923 3797 ol

282 3824 353 3880 sisse
370 3823 492 3893 eorporis
505 3821 664 3888 renotem,
681 3829 710 3877 et
728 3822 907 3893 assumpsisse
925 3825 1077 3895 eorpusrel
1120 3830 1217 3875 sermo
1243 3819 1325 3876 luerit
1346 3823 1479 3892 prolatus,
1501 3826 1626 3896 quamvis
1644 3827 1672 3883 in
1694 3827 1786 3902 Moyse
1809 3839 1837 3887 et
1852 3832 1922 3899 Elia,

283 3916 414 3989 spiritale,
436 3915 478 3970 uel
502 3929 620 3970 aereum.
636 3913 855 3985 Transfiguratus
878 3914 1004 3973 Salvator
1022 3933 1077 3975 non
1127 3911 1279 3980 omnesqui
1294 3927 1356 3968 eum
1369 3913 1483 3970 Domino
1495 3918 1633 3986 regnaturi
1647 3926 1720 3986 sotii,
1736 3929 1810 3977 recte
1819 3906 1924 3993 possint

284 4009 462 4066 substantiam
477 4022 549 4063 tere
560 4008 651 4063 earnis
664 4007 769 4073 ambit,
788 4007 834 4062 sed
853 4008 967 4079 gloriam
980 4009 1078 4065 lucum
1127 4000 1252 4073 intelligi.
1267 4003 1296 4057 ln
1315 4005 1407 4075 bloyse
1420 4008 1545 4076 quidem,
1561 4010 1606 4077 qui
1625 4019 1747 4066 mortuus
1760 4023 1789 4068 et
1802 4015 1923 4084 sepultus

283 4101 328 4155 rel
341 4116 405 4167 suat,
418 4100 462 4156 rel
476 4108 576 4155 nostrae
587 4100 795 4155 resurrectionis
808 4101 942 4166 ostendit3
956 4100 1002 4169 qui
1012 4114 1079 4169 qua-
1127 4100 1181 4157 est,
1197 4093 1225 4147 bi
1239 4095 1285 4165 qui
1305 4096 1332 4150 in
1348 4096 1451 4165 iudicio
1468 4099 1648 4153 resuscitandi
1662 4110 1796 4168 amorte;
1818 4103 1847 4159 in
1863 4104 1922 4161 Elia

283 4192 319 4248 lis
334 4200 397 4246 tunc
411 4181 540 4264 apostolis
555 4191 699 4262 apparuit,
716 4191 780 4247 talis
792 4190 992 4261 postludicium
1008 4205 1077 4246 cun·
1128 4200 1202 4251 vero,
1224 4189 1270 4257 qui
1293 4188 1408 4243 necdum
1426 4189 1522 4245 mortis
1540 4191 1660 4247 debitum
1680 4192 1768 4260 solvit,
1789 4195 1816 4251 bi
1830 4197 1876 4266 qui
1894 4197 1922 4253 in

283 4284 336 4340 ctis
361 4283 500 4355 apparebit
523 4282 628 4337 electis.
641 4280 708 4335 Nam
731 4282 759 4336 in
783 4282 842 4351 ipso
862 4289 982 4351 tempore
1002 4280 1078 4350 judi·
1129 4278 1246 4334 aduentu
1267 4277 1367 4350 indicis
1388 4279 1441 4335 tivi
1462 4280 1615 4337 inveniendi
1636 4290 1700 4338 sunt
1714 4284 1742 4339 in
1759 4287 1923 4357 came,qui

284 4373 374 4438 candi,
389 4381 417 4428 et
432 4373 510 4429 bonis
523 4370 604 4426 simul
617 4377 645 4427 et
655 4369 733 4425 malis
748 4370 777 4427 in
791 4369 879 4426 lomna
892 4371 963 4426 servi
976 4371 1079 4427 ridebi-
1128 4371 1238 4440 utrique
1258 4370 1361 4442 pariter
1375 4369 1402 4425 in
1424 4384 1479 4426 uno
1493 4371 1641 4440 eodemque
1656 4382 1796 4430 momento
1809 4375 1880 4446 rapti
1894 4376 1923 4430 in

284 4476 339 4533 tur,
354 4476 384 4521 ut
401 4465 527 4523 videlicet
547 4465 621 4535 impii
642 4479 723 4534 quem
744 4480 880 4534 spuerem,
893 4462 978 4521 Judaei
998 4479 1079 4535 quem
1128 4460 1256 4526 nubibus,
1269 4460 1376 4516 obviam
1387 4459 1502 4515 Domino
1516 4459 1544 4515 ln
1555 4475 1637 4527 aera,
1653 4475 1716 4517 mox
1732 4463 1923 4534 peractojudi·

223 4570 232 4589 ·
284 4573 429 4630 necarere,
455 4558 555 4614 milites
576 4571 656 4627 quem
678 4555 849 4622 crucifixere,
869 4556 970 4611 Pilatus
993 4555 1080 4613 licro-
1129 4556 1183 4621 cio,
1210 4555 1245 4611 ad
1267 4554 1350 4609 ritant
1371 4554 1557 4624 perducuntur
1579 4561 1718 4609 artemam.
1742 4554 1846 4622 Quibus
1861 4564 1924 4629 apte

285 4658 387 4724 desque
397 4667 478 4723 quem
488 4651 663 4722 judicavere,
680 4656 783 4718 queant
795 4664 941 4721 agnoscere
949 4648 1079 4720 judicem,
1130 4645 1268 4710 convenit,
1284 4644 1357 4715 quod
1377 4643 1483 4716 Moyses
1502 4650 1531 4698 et
1545 4643 1618 4698 Elias
1638 4643 1667 4698 in
1681 4643 1821 4713 majestate
1839 4645 1924 4704 luisse

323 4749 355 4804 Et
366 4745 524 4818 resplenduit
533 4743 614 4813 socies
624 4742 681 4812 ejus
691 4742 758 4795 siret
768 4740 819 4807 sol,
831 4744 979 4797 uestimento
991 4753 1078 4798 autem
1131 4739 1182 4795 visi
1195 4738 1378 4810 perhibentur.
1395 4736 1446 4792 Per
1462 4734 1649 4791 excellentiam
1667 4751 1783 4806 namque
1797 4736 1924 4810 majesta·

284 4841 344 4913 ejus
369 4840 441 4913 [aeto
467 4845 528 4890 sont
549 4832 609 4889 atta
630 4831 698 4889 sicot
725 4833 781 4886 nia.
803 4830 905 4905 (Rus.)
929 4832 964 4889 Et
982 4832 1027 4889 bic
1049 4834 1078 4889 in
1129 4831 1429 4904 tisinsiqnomnneris,
1447 4846 1503 4901 quo
1521 4838 1583 4885 sunt
1604 4830 1772 4896 eomnandi,
1788 4839 1923 4888 monstra·

285 4931 440 5003 exemplum
453 4927 549 4983 luturae
561 4923 762 4980 clarificationis
775 4924 858 4996 ipsius
870 4923 1027 4996 resplenduit
1037 4924 1079 4994 sa·
1130 4933 1183 4978 tur.
1197 4922 1330 4979 Convenit
1343 4929 1371 4976 et
1381 4922 1444 4987 boe,
1455 4920 1527 4991 quod
1536 4933 1677 4976 excessum
1686 4918 1745 4990 ejus
1756 4934 1837 4990 quem
1849 4934 1922 4977 corn

285 5026 338 5080 cies
353 5023 409 5094 ejus
429 5021 497 5075 sicot
514 5017 554 5074 sol
564 5034 574 5085 ,·
599 5032 652 5072 non
674 5016 738 5086 quia
760 5015 866 5070 Domini
882 5021 908 5070 et
923 5023 1078 5070 sanctorum
1128 5013 1252 5085 pletums
1274 5012 1378 5069 eratin
1396 5009 1575 5077 Hierusalem,
1597 5009 1697 5066 dixisse
1721 5020 1921 5078 memorantur;

285 5116 346 5187 ejus
359 5112 471 5183 aequalis
485 5107 572 5182 possit
583 5122 644 5164 esse
657 5106 767 5162 claritas
779 5113 807 5161 et
816 5103 911 5176 gloria,
925 5119 988 5160 cum
1002 5111 1030 5159 et
1046 5103 1079 5159 de
1129 5103 1193 5174 quia
1214 5103 1343 5158 nimirum
1366 5103 1447 5158 unica
1460 5102 1548 5158 laudis
1560 5101 1673 5157 materia
1692 5100 1816 5158 fidelibus
1837 5102 1879 5158 sni
1892 5101 1924 5157 lit

285 5203 389 5260 eisdem
402 5201 504 5258 sanctis
517 5200 588 5255 dicat
600 5196 742 5268 Apostolus
757 5210 765 5249 a
781 5192 863 5251 Stella
876 5205 988 5250 auterno
1003 5194 1079 5251 stello
1129 5195 1220 5266 passio
1233 5193 1439 5263 Redemptoris3
1456 5195 1520 5264 quia
1531 5201 1632 5264 quanto
1646 5193 1731 5265 magis
1743 5209 1776 5250 ea
1789 5193 1922 5249 memine-

285 5292 376 5362 dipert
386 5291 414 5345 ia
428 5289 548 5344 claritate
561 5287 586 5360 (l
597 5285 658 5342 Cor.
669 5285 727 5359 ιιι),
740 5285 779 5341 sie
790 5294 818 5341 et
830 5287 994 5342 resurreetio
1007 5301 1079 5342 mor·
1131 5285 1195 5351 rint,
1212 5284 1295 5355 ipsius
1307 5285 1402 5355 gratiae
1421 5284 1580 5339 memoriam
1597 5284 1695 5340 devoto
1710 5299 1818 5354 semper
1833 5286 1861 5340 ln
1876 5298 1923 5354 pe-

223 5382 227 5391 ’
287 5390 411 5446 tuornm3
428 5378 474 5434 sed
489 5378 554 5449 quia
566 5377 634 5433 nibil
646 5376 703 5432 sole
716 5374 817 5432 clarius
830 5376 921 5433 uidere
933 5378 1076 5446 nouimus,
1131 5385 1206 5434 ctore
1220 5384 1347 5442 versant,
1362 5376 1457 5431 devora
1476 5374 1646 5431 consessione
1656 5382 1800 5432 testatum.
1821 5375 1922 5430 Verum

285 5489 342 5532 non
363 5472 450 5529 solum
468 5471 593 5536 Domini,
614 5469 663 5526 sed
685 5477 713 5525 et
730 5475 886 5524 sanctorum
908 5470 935 5523 in
960 5485 1080 5525 resurre·
1131 5470 1194 5541 quia
1209 5483 1262 5540 quo
1277 5466 1391 5538 amplius
1412 5468 1527 5538 quisque
1542 5468 1604 5522 vitae
1618 5467 1737 5523 scelestis
1754 5466 1922 5523 dulcedinem

286 5564 378 5620 ctione
389 5562 473 5634 proris
488 5562 553 5618 solis
565 5561 684 5632 aspectui
697 5568 885 5632 comparatur,
901 5561 964 5631 quia
979 5561 1078 5618 clarius
1132 5560 1266 5632 degustat,
1279 5573 1311 5614 eo
1325 5557 1440 5628 amplius
1451 5557 1554 5615 lastidit
1565 5559 1656 5614 omnia
1668 5574 1728 5630 quae
1737 5558 1881 5628 placebant
1893 5557 1921 5613 iu

286 5653 346 5710 sole
364 5652 475 5724 aliquid,
494 5653 565 5708 unde
585 5651 736 5723 exemplum
754 5653 830 5708 daret
847 5651 1013 5717 bominibus,
1026 5652 1077 5707 mi·
1131 5653 1249 5719 intimis,
1271 5652 1368 5707 merito
1391 5649 1502 5717 Petrus,
1517 5651 1575 5706 risa
1588 5650 1694 5705 Domim
1716 5658 1744 5705 ει
1765 5657 1922 5705 sanctornm

286 5743 363 5799 nime
375 5746 463 5816 potuit
474 5744 599 5801 inueniri.
615 5742 782 5799 Vestimenta
796 5752 886 5798 atrtem
898 5742 1021 5807 Domird,
1035 5757 1079 5798 re-
1131 5746 1190 5818 eJus
1204 5745 1354 5816 majestate,
1370 5752 1481 5815 repente
1494 5750 1592 5799 cuneta
1612 5757 1672 5813 quae
1690 5749 1800 5797 nouerat
1813 5751 1922 5797 terrena

287 5850 332 5898 cte
342 5843 428 5899 sancti
441 5841 500 5913 ejus
517 5841 704 5913 accipiuntur,
727 5848 795 5896 teste
813 5838 941 5909 Apostolo
956 5839 1002 5909 qui
1017 5838 1077 5894 ait:
1131 5837 1316 5903 obliviscitur,
1331 5836 1395 5893 solis
1413 5836 1526 5908 bisque
1542 5834 1615 5890 videt
1625 5840 1756 5905 perpetuo
1771 5832 1922 5890 delectatur

287 5932 444 6006 Quicunque
459 5952 520 6006 erpo
541 5935 568 5989 t'n
585 5932 688 5989 Cirristo
708 5931 927 6004 caprimontis,
947 5930 1080 5987 Christusne
1133 5930 1281 5995 adhaerere,
1299 5928 1414 5985 dicens:

285 6024 411 6083 induistis
424 6025 496 6101 (Gal.
508 6026 565 6101 ιιι).
580 6025 645 6096 ere
659 6025 783 6084 uidelicet
792 6025 954 6084 uestimenta
966 6024 1081 6083 Domino
1169 6021 1394 6091 consternunt
1406 6031 1444 6079 est
1457 6038 1504 6078 nos
1513 6021 1556 6076 iric
1565 6037 1636 6089 esss,·
1647 6023 1669 6078 si
1680 6023 1728 6088 ris,
1740 6020 1869 6094 [orionus
1880 6019 1922 6077 itis
