4509 6850
325 588 378 648 tat
672 598 677 608 '
844 585 1022 644 commeat.
1043 584 1076 639 la·
1097 580 1258 643 GENESlH.
1278 610 1314 622 —
1331 580 1397 637 tls.
1416 578 1448 635 ll.
1907 579 1965 638 m·

325 703 513 778 permistione,
527 701 618 759 mem
634 702 660 758 iu
673 699 726 757 bno
738 700 906 768 liberabitur,
922 701 975 757 illis
985 700 1120 757 mansos
1132 706 1158 765 Α
1170 695 1250 752 nibus
1264 693 1443 751 iutereodaut.
1458 691 1537 750 Unde
1549 699 1622 760 tecte
1640 706 1690 763 por
1698 689 1825 766 emeher
1835 695 1872 752 ed
1882 711 1964 756 urra-

325 794 459 868 supplicio
471 792 542 865 ignis
555 794 657 847 aemi.
1169 784 1230 841 den
1252 783 1303 840 Lot
1318 783 1419 840 dltitm
1434 781 1526 838 :Esse
1544 782 1624 837 etlam
1643 783 1671 837 irs
1691 783 1741 838 tes
1754 782 1966 859 usurpem

362 884 487 957 pirisque
502 882 551 939 ιον
564 884 601 938 ad
612 899 655 940 ιω
668 899 677 937 ,·
690 880 795 948 Qum,
811 882 922 939 pom
934 884 985 946 ms,
997 885 1062 955 (μὴ
1075 886 1119 939 q..
1170 887 1240 938 taes,
1251 887 1279 929 at
1294 892 1346 930 non
1356 874 1504 930 suirertanr
1513 874 1605 929 urbem
1612 890 1662 945 pro
1673 890 1727 946 qen
1736 875 1839 932 locatus
1849 880 1965 950 mque

326 977 392 1034 senit
412 993 503 1031 semar
524 986 585 1030 tuus
602 975 715 1046 qratiam
735 992 824 1029 cerem
842 986 877 1042 ts,
899 983 923 1030 et
946 976 1120 1047 meynifiessli
1171 968 1371 1023 rislelieetesm
1386 968 1447 1023 «Deo
1467 967 1624 1037 deprecatio
1643 966 1774 1034 tunditur,
1793 965 1964 1040 nooman

326 1068 532 1125 misericerdiam
552 1077 626 1124 mem
638 1081 716 1137 quam
732 1067 817 1137 [edati
830 1083 946 1133 meeum,
966 1068 1120 1122 utsnlseres
1171 1061 1232 1115 talis
1254 1060 1396 1131 corrjugum
1417 1061 1470 1115 rita
1494 1060 1647 1115 damnatur.
1672 1062 1710 1116 lle
1732 1076 1786 1131 qua
1808 1063 1966 1133 precatione

326 1160 441 1214 anismam
456 1174 550 1221 meum,
565 1173 611 1210 nee
625 1173 729 1226 possiam
741 1158 769 1210 in
782 1168 870 1212 meme
883 1158 989 1221 spissari,
1009 1176 1041 1213 ne
1053 1159 1121 1228 [θην
1170 1153 1388 1223 quoque-Paulus
1402 1153 1542 1208 admonuit
1554 1154 1666 1209 ilicone:
1684 1153 1774 1209 Nolite
1785 1155 1912 1226 [raudera
1919 1169 1964 1212 ts·

326 1248 503 1319 apprehendet
524 1264 565 1301 me
586 1246 686 1302 melum
709 1257 734 1302 el
755 1251 863 1303 moriar.
888 1248 934 1303 it‘st
955 1250 1045 1305 civiter
1065 1251 1120 1305 lroee
1171 1245 1260 1310 vitem,
1283 1246 1333 1300 'litt'
1354 1247 1422 1316 [ortt
1439 1264 1472 1301 ex
1492 1265 1618 1304 fomente
1638 1250 1673 1303 ad
1692 1252 1968 1321 temperassemus·

324 1338 402 1410 juata
419 1337 454 1395 ad
468 1355 547 1408 quem
567 1353 673 1409 pessum
694 1338 891 1410 supersparsa,
911 1350 936 1394 et
954 1340 1076 1396 antander
1093 1343 1121 1397 in
1171 1340 1283 1392 orationi
1299 1338 1323 1410 (Ι
1337 1339 1396 1393 Cor.
1411 1340 1461 1411 ru)
1935 1344 1939 1351 '

325 1444 379 1484 ee:
397 1426 525 1495 Nurrquid
545 1443 597 1481 aon
615 1427 718 1481 eredita
739 1437 787 1494 est,
809 1439 834 1483 et
845 1431 910 1484 siret
931 1432 1021 1484 anime
1043 1432 1122 1486 men?
1207 1425 1253 1482 Sol
1269 1445 1387 1498 epressus
1406 1441 1444 1484 est
1463 1448 1541 1501 saper
1557 1442 1654 1486 terram
1668 1444 1692 1486 et
1707 1434 1755 1487 Lot
1774 1436 1905 1506 inpressas
1924 1446 1964 1492 est

326 1519 450 1587 biritqae
465 1517 500 1571 ad
517 1531 599 1572 eum:
619 1517 687 1572 Este
704 1519 783 1574 etiem
803 1520 831 1575 in
849 1520 898 1574 boe
913 1522 1014 1591 suscepi
1033 1538 1121 1592 preces
1173 1518 1264 1588 Srqor.
1284 1519 1371 1589 lqimr
1387 1521 1515 1576 berriirms
1533 1523 1599 1593 plait
1618 1540 1696 1594 super
1711 1524 1853 1580 Sodomam
1871 1535 1895 1580 et
1909 1522 1962 1581 Go-
1984 1590 1987 1594 ⁴

327 1623 396 1676 terris,
420 1621 447 1665 at
467 1628 519 1665 nors
536 1611 684 1665 subvertam
706 1613 796 1667 arbem
818 1629 866 1683 pro
887 1629 939 1683 qrrrt
957 1612 1060 1667 loeutus
1081 1631 1119 1669 es.
1172 1608 1305 1661 mortitam
1318 1608 1428 1679 sulplrur
1439 1619 1464 1663 ⁶!
1477 1611 1561 1680 idm
1574 1629 1590 1664 ‘¹
1605 1611 1715 1666 D⁰l²l¹⁸l⁸⁰
1729 1613 1762 1666 de
1774 1614 1888 1680 “21⁰5“
1900 1613 1965 1669 δύ·

327 1700 436 1757 festina
447 1712 471 1756 et
486 1701 588 1758 adsere
600 1703 630 1757 in
643 1719 685 1768 eu,
698 1705 761 1775 quin
774 1721 825 1757 non
839 1711 928 1772 potero
943 1702 1029 1770 {rcere
1041 1704 1120 1775 quid·
1172 1700 1246 1753 uertit
1258 1700 1374 1754 ciritutes
1387 1701 1447 1765 ires,
1459 1710 1484 1754 et
1498 1717 1600 1756 onreem
1616 1703 1687 1756 circe
1702 1704 1842 1774 reqiorrem,
1859 1705 1966 1760 anmer-

326 1808 416 1869 quem,
436 1790 520 1850 donec
542 1790 699 1862 inpredierir
721 1792 794 1845 illue.
818 1791 922 1846 ideirco
944 1803 1063 1847 rotatum
1083 1801 1122 1849 est
1171 1805 1214 1847 ros
1222 1790 1504 1856 debitotorerrrrbiam,
1514 1802 1537 1845 et
1546 1803 1640 1846 tenete
1649 1801 1725 1847 terre
1734 1794 1853 1848 uirentia.
1863 1791 1964 1866 (Cres,

327 1901 419 1940 muers
432 1884 504 1938 itlius
516 1878 589 1939 uritis
602 1877 778 1950 semeonis
792 1895 857 1951 argo
874 1880 1026 1953 signifieat,
1048 1882 1119 1951 quod
1172 1882 1242 1949 desid
1256 1884 1283 1938 in
1297 1884 1426 1954 sulphure
1438 1884 1489 1939 nisi
1504 1885 1574 1939 letor
1585 1885 1687 1949 earnis,
1700 1887 1803 1956 etquid
1815 1887 1965 1958 perignem

327 1977 383 2047 ipse
395 1976 447 2031 Lot
457 1975 598 2031 ardentem
609 1972 755 2031 Sodomam
771 1973 887 2044 lugiens,
900 1974 972 2027 venit
986 1971 1081 2045 Srgor,
1092 1983 1121 2028 et
1173 1973 1225 2028 nisi
1243 1975 1324 2029 arder
1343 1975 1470 2030 desiderii
1489 1977 1606 2031 earnalis
1624 1978 1802 2048 exprimitur?
1819 1977 1886 2033 Cum
1900 1993 1967 2052 erqo

232 2055 238 2075 '
327 2083 498 2139 nequaquam
513 2066 549 2124 ad
570 2076 698 2123 moutam
714 2065 888 2129 conscendit,
907 2067 957 2120 uisi
979 2067 1051 2135 quod
1072 2065 1123 2121 So-
1136 2057 1160 2116 B
1175 2064 1354 2120 habitantium
1374 2066 1499 2122 Sodomis
1516 2068 1559 2124 rel
1580 2068 1739 2125 Gomorrbae
1755 2072 1846 2126 dantis
1863 2070 1967 2127 scelera

328 2161 417 2224 druia,
429 2175 489 2228 quie
503 2160 697 2229 interpretatur
711 2161 825 2222 recites,
845 2156 979 2210 mundana
994 2155 1120 2227 exprimit
1173 2158 1269 2227 punire
1281 2159 1410 2214 Dominus
1424 2159 1596 2223 decrevisset,
1620 2161 1646 2217 in
1672 2162 1730 2230 ipsa
1741 2161 1871 2232 qualitate
1887 2162 1967 2219 ultio-

327 2248 469 2316 desideria,
488 2248 600 2305 altitudo
610 2264 676 2304 rero
693 2251 834 2315 montium,
848 2248 995 2321 speculatio
1007 2258 1048 2303 est
1060 2262 1122 2318 per-
1172 2248 1216 2303 nis
1227 2247 1343 2303 ilmotnit
1355 2248 1490 2304 maculam
1503 2251 1634 2306 criminis.
1652 2251 1773 2321 Sulphur
1785 2253 1885 2325 quippe
1899 2254 1967 2310 leto·

327 2335 477 2393 lectorum?
491 2336 545 2394 Sed
557 2339 620 2408 quia
634 2339 710 2394 multi
724 2347 788 2394 suat
801 2337 879 2407 justi,
894 2338 941 2409 qni
957 2339 1047 2391 mundi
1061 2338 1122 2408 qui·
1172 2353 1230 2393 rem
1245 2339 1342 2403 babet,
1361 2339 1431 2411 ignis
1447 2340 1583 2395 ardorem.
1606 2340 1657 2407 Qui
1678 2341 1770 2413 itaque
1790 2342 1824 2397 ad
1836 2356 1967 2414 perversa

327 2446 387 2485 cem
402 2431 543 2486 illecebras
554 2430 669 2502 lrrgiuut,
683 2433 731 2488 sed
745 2443 845 2498 tamen,
870 2434 897 2488 in
910 2435 1017 2489 actione
1028 2432 1119 2503 positi,
1172 2427 1305 2484 desiderit
1319 2445 1353 2485 er
1372 2430 1463 2484 caruis
1480 2430 1567 2485 letare
1581 2439 1719 2497 arserant,
1741 2431 1851 2504 dignum
1872 2432 1924 2489 luit
1936 2439 1968 2490 ut

328 2522 563 2594 contemplationis
580 2524 684 2594 apicem
699 2525 792 2580 subire
808 2540 861 2579 non
873 2535 991 2595 queunt,
1011 2525 1064 2581 hoe
1079 2531 1121 2580 est
1171 2519 1251 2576 simul
1272 2519 1401 2590 sulphure
1421 2521 1543 2590 perirent
1558 2529 1586 2576 et
1604 2522 1676 2591 igne,
1691 2531 1824 2591 quatenus
1842 2539 1875 2579 ex
1891 2521 1967 2592 justa

328 2612 397 2681 quod
410 2612 493 2667 exirit
507 2613 615 2682 quidem
626 2614 660 2669 de
675 2613 809 2680 Sodomis,
824 2617 870 2670 sed
884 2625 974 2672 emen
987 2618 1021 2672 ad
1040 2630 1120 2671 mou-
1171 2624 1251 2682 poena
1268 2610 1405 2665 discerent
1424 2625 1457 2665 ex
1475 2611 1575 2682 injusto
1592 2611 1727 2666 desiderio
1743 2614 1808 2682 quid
1825 2612 1966 2670 iecissent.

328 2711 388 2756 tana
404 2717 456 2757 uon
474 2702 607 2773 pervenit,
623 2704 687 2773 quia
706 2703 867 2759 damnabilis
879 2705 933 2759 rita
949 2705 1117 2776 relinquitur,
1207 2701 1407 2773 llerpr'cismque
1420 2718 1488 2757 uxor
1506 2702 1578 2757 illius
1597 2713 1655 2775 port
1667 2721 1704 2769 re,
1725 2721 1797 2759 rersrt
1814 2716 1853 2759 est
1868 2707 1896 2761 ir
1909 2716 1967 2763 ste-

329 2793 373 2849 sed
387 2793 476 2848 atllruc
497 2793 627 2850 celsitudo
644 2793 837 2863 speculationis
857 2797 992 2852 subtiliter
1009 2812 1063 2852 nou
1078 2805 1119 2853 te·
1172 2802 1245 2846 luem
1261 2792 1335 2847 will·
1359 2793 1433 2848 U¹⁰t
1450 2803 1541 2849 aulem
1562 2793 1630 2862 ejus,
1645 2810 1739 2850 torum
1760 2796 1864 2851 seilicet
1882 2811 1967 2869 genus

329 2891 415 2939 uetur.
435 2884 497 2940 lude
512 2884 582 2939 idem
602 2884 653 2942 Lot
671 2885 705 2940 ad
727 2886 852 2957 angelium
866 2886 952 2942 dlcit:
969 2888 1017 2942 Est
1029 2889 1120 2944 ciritae
1172 2884 1296 2955 figurali!
1311 2885 1367 2954 (llll,
1392 2900 1441 2955 lltl
1462 2886 1578 2957 stollam
1593 2888 1681 2941 tottii
1705 2887 1765 2952 Deir
1789 2895 1863 2943 1'0110
1882 2890 1968 2960 respi-

330 2979 383 3031 luee
394 2976 486 3047 juata,
500 2977 535 3031 ed
548 2994 627 3047 qaam
640 2994 745 3048 possum
759 2979 849 3049 [apere
862 2996 954 3050 perse,
964 2990 989 3035 et
1001 2981 1121 3036 selsebor
1171 2975 1261 3040 cirrut,
1275 2984 1304 3029 ct
1317 2977 1350 3030 ad
1369 2991 1400 3030 en
1418 2993 1478 3047 qum
1500 2977 1669 3047 reliquerant
1687 2979 1775 3034 redire
1788 2981 1966 3047 contendunt,

329 3069 354 3125 in
366 3086 414 3135 ea‚·
429 3069 546 3140 nunquid
559 3065 727 3125 uorr'rnodicn
739 3065 786 3135 est,
800 3081 826 3125 st
838 3073 903 3126 siml
913 3074 1008 3126 enimn
1022 3089 1079 3128 mee
1092 3074 1120 3127 in
1172 3070 1205 3123 de
1218 3069 1315 3137 quibus
1331 3069 1388 3138 ipse
1403 3068 1545 3135 Dominus,
1561 3070 1656 3135 Nemo,
1671 3071 1887 3142 inquit‚.ponms
1907 3089 1966 3129 ma·

328 3161 376 3215 ee?
396 3159 480 3216 lustr
502 3160 584 3231 igilur
598 3161 708 3227 dieitur,
728 3169 756 3216 et
776 3171 865 3217 tamen
879 3163 1048 3240 adsalutem
1063 3171 1119 3218 tuta
1172 3179 1233 3216 nunt
1253 3179 1329 3216 suem
1349 3179 1428 3233 super
1448 3174 1578 3230 aratrum,
1593 3165 1732 3235 respiciens
1744 3175 1825 3231 retro,
1839 3176 1917 3236 aptus
1929 3176 1968 3221 est

329 3250 494 3320 perhibetur,
508 3250 572 3320 qrria
593 3250 707 3306 actualis
725 3253 779 3306 rita
794 3268 845 3309 nec
865 3252 987 3309 amandi
999 3254 1073 3309 euris
1087 3268 1119 3309 ex
1173 3269 1249 3323 rrqrm
1268 3254 1317 3308 liei
1339 3251 1416 3323 (Luc.
1431 3253 1479 3324 rr).
1503 3254 1580 3310 Unde
1594 3263 1620 3309 et
1642 3254 1687 3310 ille
1708 3255 1867 3327 pmlribetur
1891 3265 1965 3312 retro

331 3343 512 3399 summerseta
524 3351 576 3409 est,
594 3357 645 3398 nee
662 3352 750 3398 tarneu
764 3357 780 3397 a
792 3344 890 3414 gaudio
902 3343 997 3399 salutis
1010 3356 1120 3400 eternae
1173 3347 1317 3417 respicere,
1332 3361 1382 3416 per
1394 3346 1465 3416 quod
1485 3345 1640 3403 ostenderet
1657 3362 1710 3402 non
1724 3363 1784 3403 esse
1799 3347 1966 3404 redeundum

330 3436 426 3492 aliena.
441 3434 507 3491 item
521 3435 600 3491 ubter
614 3453 621 3488 z
637 3432 782 3491 Ardentem
799 3434 944 3490 Sodomam
960 3435 1063 3508 lugere,
1077 3444 1121 3490 est
1135 3410 1157 3471 C
1174 3439 1206 3492 ad
1221 3439 1339 3495 veterem
1355 3440 1450 3504 vitam,
1464 3439 1521 3508 qui,
1538 3440 1714 3512 pergratiam
1727 3441 1889 3513 regenerati,
1903 3440 1969 3497 ulti·

331 3524 418 3581 illicita
431 3525 524 3581 caruis
547 3524 670 3581 incendia
692 3525 845 3592 declinare;
869 3525 983 3582 altitudo
1004 3541 1068 3582 rere
1080 3537 1122 3581 est
1174 3544 1246 3582 tirum
1265 3528 1378 3599 cupiunt
1395 3528 1509 3584 eradere
1528 3528 1670 3599 judicium.
1691 3530 1769 3598 Quod
1787 3546 1852 3586 vero
1872 3529 1966 3587 eadem

331 3617 619 3683 uruutium‚‘munditia
630 3619 842 3685 continentium
860 3620 902 3674 rel
914 3632 989 3676 certe
1002 3623 1078 3690 (quasi
1094 3622 1120 3677 in
1174 3619 1320 3690 respiciens
1334 3619 1473 3684 remansit,
1487 3629 1516 3673 et
1531 3618 1654 3675 insulem
1667 3635 1797 3676 conversa
1810 3630 1862 3687 est,
1876 3634 1969 3678 exem·

330 3716 419 3764 moute
431 3716 506 3775 sunl,
518 3708 565 3780 qui
583 3710 666 3765 etiam
679 3710 782 3767 carnali
797 3712 898 3782 copulae
912 3713 1055 3780 intrarent,
1074 3715 1121 3769 ssd
1173 3709 1245 3778 plum
1269 3718 1379 3780 praestat
1399 3710 1433 3763 ad
1453 3709 1654 3764 condimentum
1675 3709 1808 3775 llrlelium,
1833 3711 1903 3767 unde
1920 3710 1966 3767 attt

331 3807 419 3855 tarum
437 3806 515 3854 extra
534 3800 711 3870 suscipiendas
730 3801 813 3871 prolis
835 3801 1024 3858 admistionem
1045 3803 1121 3859 deiri·
1172 3799 1321 3853 salvantur.
1337 3799 1404 3853 Nam
1421 3815 1472 3855 nee
1487 3801 1574 3869 ipsum
1598 3802 1680 3855 tacuit
1701 3799 1827 3857 cbristus
1847 3802 1965 3862 dicem:

331 3898 404 3957 tans,
430 3890 504 3946 nulla
528 3893 620 3948 carreis
641 3894 780 3964 volupiam
802 3893 951 3949 solvuntur.
977 3894 1006 3949 ln
1031 3905 1123 3951 monte
1174 3889 1328 3943 llernentote
1348 3890 1441 3943 exeris
1464 3889 1512 3944 Lot
1534 3888 1609 3962 (Luc.
1632 3891 1721 3962 xrrrr),
1742 3892 1846 3948 seilicet
1867 3901 1896 3947 ut
1911 3906 1967 3947 uos

330 3983 427 4054 quippe
448 3991 532 4049 stare,
551 3993 594 4039 est
614 3983 730 4039 trudunt
744 3985 900 4055 pmpaginis
922 3986 950 4040 in
971 4000 1054 4042 carne
1068 4000 1122 4042 non
1174 3990 1300 4050 tanquam
1318 3980 1374 4035 sale
1388 3982 1524 4045 condiret,
1540 3991 1570 4034 ut
1588 3998 1640 4036 non
1656 3990 1783 4061 tanquam
1799 3983 1865 4039 latui
1883 3984 1968 4056 negli-

330 4089 461 4144 quaerere.
483 4075 513 4130 lu
536 4084 627 4130 morde
649 4084 739 4141 stare,
763 4084 806 4130 est
828 4076 974 4132 carnaliter
998 4092 1051 4132 nou
1072 4077 1122 4132 ad·
1172 4087 1307 4142 geremus,
1321 4072 1368 4126 sed
1383 4072 1527 4142 prudentes
1538 4086 1711 4138 careremus3
1727 4074 1778 4128 lroc
1792 4075 1864 4128 enim
1881 4084 1908 4129 et
1922 4074 1967 4129 illa

330 4164 440 4221 herere.
466 4165 519 4221 Sed
542 4167 605 4235 quia
628 4165 706 4220 trtulti
731 4175 794 4220 sunt
818 4167 863 4236 qui
889 4167 992 4223 scelera
1013 4168 1120 4238 quidem
1173 4161 1321 4225 aduronuil,
1336 4176 1397 4216 cum
1409 4162 1436 4216 in
1449 4170 1565 4216 statuam
1580 4161 1644 4216 salis
1655 4178 1783 4217 (tonsurae
1797 4172 1847 4218 est.

331 4256 420 4311 caruis
432 4255 570 4320 deserunt,
588 4270 638 4312 nee
651 4265 753 4322 tamen,
769 4258 795 4312 in
809 4257 936 4328 corrprgio
949 4259 1040 4327 positi,
1057 4272 1123 4313 usus
1208 4249 1274 4304 Cum
1286 4249 1354 4303 enim
1365 4249 1519 4305 subsederat
1535 4249 1663 4305 [lominus
1678 4254 1793 4307 ciuitates
1810 4253 1922 4322 sepierit
1934 4254 1968 4308 il-

331 4348 498 4408 pdumpmqp
510 4348 592 4405 ,jehiel
603 4349 666 4419 jura
682 4357 856 4413 conservam,
874 4348 1059 4417 exiitquidem
1072 4347 1123 4402 Lot
1172 4340 1234 4403 lius,
1251 4340 1404 4394 recordatus
1423 4349 1461 4395 est
1479 4339 1602 4406 Abrelm,
1618 4351 1641 4394 et
1657 4341 1773 4395 liberarit
1787 4341 1835 4395 Lot
1853 4342 1886 4395 de
1905 4342 1967 4396 rab-

331 4437 816 4506 dequomis‚20qraq10n1nrrxad
836 4447 963 4492 propians
985 4452 1038 4492 non
1059 4452 1121 4509 per-
1172 4431 1289 4485 versione
1310 4429 1414 4483 arbium
1434 4431 1463 4485 in
1483 4431 1577 4501 quidm
1597 4430 1768 4484 lmbilneernt.
1789 4429 1968 4488 Commendat

330 4532 417 4596 teuit,
433 4531 496 4601 qaia
510 4530 568 4601 jam
584 4530 745 4587 damnabilis
757 4531 813 4585 rita
828 4529 999 4600 relinquitur,
1014 4531 1061 4585 sed
1075 4532 1123 4587 ad·
1173 4520 1312 4591 Seriptnra
1325 4520 1430 4574 meritis
1442 4520 1529 4590 magis
1540 4519 1657 4574 Abrahae
1674 4519 1817 4574 liberatum
1832 4521 1965 4588 esse-Lot,

331 4621 381 4678 bue
402 4623 534 4679 eelsitudo
554 4621 702 4694 conjugalis
721 4608 894 4679 continentia
911 4623 1048 4679 subtiliter
1067 4640 1121 4679 non
1173 4621 1203 4668 1¹²
1216 4610 1397 4681 intelligamus
1412 4609 1463 4664 12⁰1
1476 4610 1578 4679 i¹¹⁵¹¹¹¹⁰
1590 4608 1692 4663 fficium
1708 4608 1855 4664 secundnm
1872 4624 1967 4680 (luem-

332 4722 445 4769 tenetur.
463 4714 510 4771 list
524 4714 552 4771 ia
573 4714 662 4769 medio
682 4710 767 4785 Segor
786 4713 954 4785 civitasque
973 4712 1120 4785 lugientem
1133 4755 1160 4816 D
1172 4705 1234 4763 dam
1251 4703 1372 4767 modum,
1388 4699 1684 4770 maximequodunum
1695 4714 1788 4754 rerum
1799 4699 1967 4758 lleumcole·
2048 4778 2050 4782 Α

331 4805 414 4862 sslret
428 4814 458 4861 et
470 4805 624 4870 infirmum,
640 4805 704 4875 quia
719 4804 843 4860 videlieet
855 4820 917 4860 cum
939 4804 989 4860 sibi
1010 4819 1057 4875 per
1076 4805 1119 4859 in·
1173 4796 1232 4856 ¹³³¹,
1251 4803 1280 4850 ⁰²
1297 4801 1409 4865 ΡῑθΡῑθΙ·
1427 4790 1658 4861 &bulliittionem
1677 4791 1811 4846 ⁸⁰0¹ffl¹¹¹¹
1836 4789 1967 4853 silim·

326 4882 523 4951 'conduentiam
536 4895 683 4951 ruiseenmr
695 4893 832 4965 conjuges,
843 4901 872 4947 et
883 4893 975 4963 lapsus
988 4892 1119 4949 scelernm
1173 4901 1242 4950 rum,
1255 4883 1327 4938 inter
1340 4897 1409 4952 quos
1423 4881 1518 4937 virens
1532 4881 1565 4935 ad
1580 4880 1662 4933 ritum
1677 4879 1793 4935 similem
1808 4894 1864 4934 non
1877 4879 1968 4951 [tatuit

332 4990 445 5060 lugiunt,
468 4997 497 5046 et
516 4997 605 5045 tmrea
629 4987 707 5043 reaia
733 4986 879 5042 saltantur.
904 4985 988 5053 Quasi
1010 4996 1120 5054 parram
1172 4975 1304 5031 bleiburi-

334 5090 577 5160 quippeearmsn
591 5084 893 5155 inveniunt,tnquaab
908 5083 1014 5152 ignibus
1028 5081 1121 5137 seren·
1207 5061 1442 5166 saeuamque
1456 5061 1489 5116 te
1503 5061 1634 5165 Serme
1648 5063 1745 5116 eramo
1759 5059 1964 5166 terrestre

335 5181 440 5247 dantur,
455 5179 517 5251 quia
528 5177 677 5250 conjugalis
689 5178 747 5232 laec
760 5176 826 5241 rita,
841 5191 894 5230 non
908 5174 1016 5244 quidem
1027 5173 1055 5228 in
1067 5173 1122 5228 rir-
1172 5173 1273 5229 quoqne
1285 5155 1350 5225 fiii&
1366 5169 1424 5222 elm
1437 5170 1497 5208 Μ’
1515 5167 1556 5208 ‘⁰-
1575 5151 1708 5207 Tlml‘m'
1727 5168 1798 5207 emm
1818 5167 1924 5257 mettere
1935 5167 1967 5207 ¹⁸

336 5269 432 5327 tutibus
443 5271 512 5326 mira
523 5277 575 5334 est,
590 5268 638 5323 sed
653 5276 742 5322 tanuen
752 5281 768 5320 a
779 5263 917 5336 suppliciis
926 5261 1121 5319 securasUnde
1174 5248 1265 5319 Smin
1280 5256 1305 5302 θ’
1321 5247 1416 5300 mm
1435 5247 1464 5299 ’Ὦ
1480 5245 1613 5315 *Ρθῑῧηΰθν
1633 5246 1690 5317 itm
1703 5255 1727 5300 θ’
1745 5244 1808 5300 ‘¹⁸0⁴'
1818 5244 1883 5314 dit&
1895 5259 1964 5314 Μ·

337 5358 401 5417 isam
413 5359 467 5415 ιοι
482 5360 517 5416 ια
536 5359 663 5431 angelum
680 5357 767 5414 dicit:
786 5354 835 5410 Eu
854 5344 1022 5410 amissum
1030 5352 1120 5423 jum,
1174 5340 1473 5408 Quariturquareeum
1486 5338 1603 5407 primum
1620 5336 1690 5408 ingre
1707 5336 1806 5391 montis
1817 5334 1966 5405 praetulerit

338 5450 458 5521 νόμω
478 5448 692 5520 presumere
714 5463 806 5519 parm,
838 5454 862 5500 et
886 5443 1119 5499 miratoriam.
1175 5435 1271 5505 Seqor,
1281 5442 1308 5488 et
1317 5448 1378 5487 eam
1391 5433 1417 5487 in
1433 5431 1617 5487 babitaculum
1627 5444 1707 5486 suum
1717 5428 1832 5484 uoluerit
1841 5426 1964 5494 liberari,

339 5538 460 5614 b'rrqrid
480 5558 533 5596 sen
554 5541 720 5605 studies-eat,
738 5548 763 5593 et
777 5539 841 5593 riost
857 5537 885 5591 in
898 5552 929 5590 ee
943 5536 1031 5589 eninm
1046 5531 1123 5587 men?
1175 5541 1247 5581 nune
1256 5526 1290 5579 de
1305 5523 1390 5594 segor
1400 5537 1508 5577 rursum
1520 5523 1553 5577 ad
1563 5529 1682 5577 montem
1694 5521 1800 5619 migret..
1813 5516 1966 5600 llesponde·

338 5628 413 5690 twa
427 5634 512 5706 igitur
524 5634 624 5689 assiu„-
635 5641 663 5687 ep
676 5642 765 5689 umen
779 5632 813 5686 aq
826 5630 939 5685 saturem
955 5636 1011 5682 rura
1030 5625 1121 5696 pothi.
1175 5619 1264 5672 bimus
1278 5629 1369 5670 reram
1384 5628 1445 5668 esse
1459 5612 1535 5668 illam
1549 5611 1723 5667 Hebraeorum
1735 5618 1919 5677 conjecturam
1930 5606 1965 5664 ds

339 5722 419 5793 betur,
431 5725 660 5797 suimeoujaqslts
670 5726 727 5780 rita
739 5738 789 5780 nee
802 5739 818 5777 a
830 5722 931 5777 murrdo
945 5720 1022 5789 longe
1034 5717 1119 5773 divisa
1176 5708 1272 5779 Segor,
1284 5706 1355 5776 qued
1367 5704 1523 5775 ireqrsenter
1542 5709 1697 5759 terremotu
1714 5700 1811 5756 obruta
1823 5698 1893 5804 leals
1901 5697 1965 5768 pri·

337 5826 383 5880 est,
401 5831 454 5872 ree
468 5825 559 5871 tamea
580 5830 597 5869 a
614 5816 712 5886 qaudio
725 5813 820 5870 salutis
832 5810 930 5867 aliena.
945 5807 998 5865 Sed
1015 5816 1079 5862 usne
1093 5807 1120 5861 in
1175 5816 1260 5865 ritum,
1270 5807 1298 5853 et
1315 5807 1407 5870 postea
1418 5796 1505 5852 Salisa
1516 5794 1647 5866 appellata
1665 5794 1716 5857 sit;
1729 5794 1904 5895 dmuerrtque
1915 5790 1965 5847 lmt

337 5906 437 5963 etimne
452 5907 505 5962 bae
518 5906 600 5962 ritant
613 5920 689 5962 suam
703 5903 831 5975 eonjuqss
848 5902 925 5974 quasi
941 5902 968 5957 in
982 5914 1064 5970 parra
1079 5897 1120 5952 ci·
1130 5930 1146 5961 ,
1176 5893 1267 5946 dieens
1276 5907 1282 5942 :
1292 5887 1321 5944 Si
1332 5902 1393 5944 cum
1406 5895 1511 5942 catera
1520 5885 1609 5940 adhue
1618 5882 1700 5939 urbes
1710 5889 1882 5950 starent,rsta
1893 5894 1966 5952 seps

337 5994 414 6056 riae
424 5999 591 6068 cutodiunt,
603 5997 712 6075 quando
722 6012 773 6066 pro
787 6010 816 6053 se
826 5989 1121 6063 assiduis-deprecatio-
1175 5983 1303 6038 sumeres
1318 5989 1370 6047 est,
1382 5987 1484 6051 qnsmo
1499 5976 1585 6045 aragis
1600 5990 1672 6032 nune
1690 5977 1718 6034 in
1733 5973 1869 6037 enmrnnul
1883 5972 1963 6036 reita
