4509 6850
319 606 367 665 ool
799 602 972 662 mehedt.
996 605 1030 661 th
1049 606 1265 664 htttttAEbtt.
1288 638 1320 649 >-
1338 606 1402 661 titt.
1421 607 1453 662 i'.
1894 611 1948 670 962

280 787 282 792 ¹
317 718 459 779 decollatio
484 718 594 774 loannis
618 717 823 774 minorationem
847 719 925 775 tamn
954 720 1039 784 iliius,
1053 734 1106 788 qua
1121 723 1145 781 A
1160 717 1202 772 nis
1214 717 1384 774 abolitionem
1407 717 1626 799 legissignillcat.
1648 720 1683 778 Ut
1700 720 1782 791 igitur
1799 722 1870 778 ittod
1886 740 1946 780 ma·

315 808 440 865 Christus
452 824 467 862 a
481 807 578 879 populo
587 808 746 864 credebatur
754 806 883 873 insinuat,
896 809 965 864 sicut
976 807 1107 862 exaltatio
1158 806 1282 863 niieslius
1311 808 1357 863 dat
1372 822 1461 865 sermo
1472 809 1506 865 ad
1517 810 1649 882 originem
1663 813 1853 883 propositionis
1873 813 1944 869 reie-

316 902 343 957 in
366 908 447 956 cruce
463 899 568 955 Domini
592 898 741 955 salvatoris
762 898 913 969 proiectum
944 899 1107 970 designabat
1158 897 1257 953 rendus
1268 905 1319 953 est.
1328 896 1457 965 loannes,
1472 906 1502 953 ut
1515 898 1672 969 frequenter
1685 902 1883 966 athnonuimus,
1892 902 1946 958 ior·

315 990 390 1057 lidei,
405 1005 457 1061 qtra
473 990 530 1059 ipsc
544 989 589 1059 qui
605 989 679 1059 prius
695 1005 710 1043 a
731 988 816 1043 turbis
828 988 958 1058 propheta
970 1002 1032 1043 esse
1058 1003 1107 1058 pu-
1157 1000 1228 1041 mam
1239 988 1355 1059 praetulit
1371 985 1449 1060 legis,
1461 989 1525 1058 quia
1545 989 1587 1044 lex
1608 989 1745 1045 Christum
1780 991 1945 1063 praedicarit,

315 1080 434 1145 tabatur,
468 1080 598 1135 Dominus
625 1081 817 1151 prophetarum
843 1088 871 1135 et
907 1077 1036 1134 Christus
1058 1079 1105 1133 Del
1157 1084 1184 1131 ct
1194 1077 1310 1133 Joartncs
1323 1076 1461 1147 proiectus
1472 1091 1507 1132 cx
1532 1077 1653 1149 legecst,
1666 1079 1804 1134 Christum
1831 1095 1865 1134 ex
1888 1078 1947 1151 lege

314 1166 429 1230 i‘iliusa
450 1171 555 1226 cunctis
569 1169 692 1225 fidelibus
704 1178 745 1224 est
766 1170 883 1240 agnitus.
899 1168 1019 1224 liinutus
1041 1182 1106 1239 ergo
1157 1167 1490 1234 prenuntia11s31icmdes
1514 1182 1579 1222 reru
1599 1169 1725 1239 princeps
1742 1178 1783 1224 est
1802 1170 1902 1239 poliuti,
1916 1180 1946 1224 et

315 1260 750 1335 eapitcestloannes,exaltatus
772 1259 859 1315 estin
881 1275 989 1316 emnem
1014 1258 1106 1313 ttonn-
1157 1256 1281 1327 princeps
1303 1258 1393 1329 populi
1422 1258 1536 1328 subjecti
1562 1259 1623 1324 sibi,
1640 1262 1823 1317 universitatis
1847 1277 1944 1317 nornen

314 1350 376 1417 nus,
391 1352 454 1422 quia
475 1350 545 1407 sicut
572 1351 640 1404 idem
663 1349 779 1405 loartnes
805 1350 853 1414 ait,
872 1348 947 1403 illum
970 1347 1105 1419 oportebat
1157 1359 1321 1416 causamque
1352 1346 1549 1417 complectitor.
1570 1347 1688 1404 loannes
1722 1364 1786 1421 ergo
1811 1350 1944 1407 lierndem

314 1456 437 1502 crescere,
455 1437 587 1494 loannem
599 1453 663 1493 vero
684 1438 784 1503 minui;
800 1437 875 1491 illurn
897 1436 943 1509 qui
969 1439 1104 1508 propheta
1156 1435 1292 1499 monebat,
1308 1450 1342 1489 ne
1355 1434 1447 1491 iratris
1470 1436 1511 1490 sul
1525 1452 1636 1493 uxorem
1655 1438 1705 1494 sibi
1721 1438 1857 1512 intrueret.
1875 1438 1945 1498 Sunt

313 1528 510 1592 aestimabatur,
524 1526 660 1582 Christum
673 1526 809 1596 cogitosci,
823 1534 851 1580 et
872 1540 935 1581 eum
951 1526 997 1595 qui
1021 1524 1105 1581 Chri·
1156 1523 1228 1578 euim
1243 1535 1323 1594 atque
1336 1534 1415 1580 erant
1426 1525 1479 1582 duo
1501 1528 1602 1596 populi,
1618 1530 1832 1587 circumcisionis
1844 1541 1871 1586 et
1881 1547 1944 1604 peas-

313 1627 373 1675 stus
385 1634 440 1689 praa
451 1618 579 1672 virtutum
587 1616 751 1672 sublimitate
760 1617 916 1686 putabatur,
930 1614 1031 1671 Christi
1042 1629 1104 1672 esse
1157 1613 1232 1668 lium.
1253 1613 1306 1669 Sed
1321 1615 1446 1671 lsraelem
1464 1616 1506 1671 lex
1535 1604 1697 1674 adntonebat
1720 1636 1754 1675 ne
1777 1635 1858 1690 opera
1878 1637 1941 1692 gea·

311 1710 471 1783 prophetam
496 1717 523 1764 et
544 1722 737 1779 procursurum
759 1707 870 1763 decebat
893 1708 1014 1780 intelligi.
1026 1706 1102 1776 Quod
1156 1702 1221 1758 llum
1243 1702 1479 1776 infidelitatemque
1498 1706 1549 1761 sibi
1571 1704 1704 1779 jungeret.
1721 1708 1846 1765 Gentium
1870 1712 1943 1766 enim

313 1799 401 1871 ipsum
426 1815 533 1870 qrtoque
559 1796 732 1853 distinctione
753 1799 892 1869 temporis,
907 1813 962 1869 quo
988 1807 1103 1870 uosque
1153 1794 1227 1852 socia
1242 1793 1387 1851 inlldclltas
1400 1806 1449 1860 est,
1467 1811 1526 1866 quae
1541 1797 1606 1868 ipsis
1621 1807 1748 1869 tanqtmm
1761 1799 1866 1855 vinculo
1880 1815 1945 1856 con-

312 1900 497 1946 corumnatus
522 1889 654 1955 est,satis
683 1897 776 1958 aperte
801 1889 936 1959 signatum
959 1897 1016 1955 est;
1038 1889 1102 1960 quia
1150 1881 1251 1955 iugalis
1262 1884 1363 1940 amoris
1378 1900 1483 1940 annexa
1495 1897 1545 1941 est.
1568 1886 1599 1940 lli
1618 1888 1700 1958 igitur
1714 1887 1811 1943 iratres
1838 1902 1871 1943 ex
1897 1902 1947 1944 eo·

310 1978 429 2036 ioannes
439 1980 547 2051 quidem
558 1995 637 2050 quem
651 1978 964 2050 oportebatminui,cum
975 1980 1101 2034 diurnum
1154 1975 1216 2029 dem
1228 1973 1339 2029 humani
1352 1974 1459 2044 generis
1474 1985 1538 2029 srtnt
1561 1983 1684 2043 parente,
1700 1979 1735 2030 ob
1759 1975 1829 2030 hanc
1854 1975 1945 2045 itaqrrs

310 2071 403 2128 lumen
430 2073 608 2137 decresceret,
632 2079 711 2126 natus
731 2079 792 2127 est:
810 2071 939 2126 hominus
962 2085 1027 2126 rcro
1056 2066 1258 2139 qulBasperae
1279 2067 1472 2123 admonitionis
1500 2068 1652 2134 acritatem,
1676 2067 1793 2124 loannes
1816 2078 1939 2139 unquam

309 2175 376 2216 vera
398 2160 442 2216 lus
477 2162 569 2216 mundi
595 2169 693 2225 est,eo
721 2160 783 2214 anni
809 2169 929 2230 ternpore
959 2174 1013 2229 quo
1042 2158 1101 2215 dies
1151 2154 1233 2211 lexin
1258 2172 1369 2213 carcerc
1396 2158 1595 2214 continebatur.
1606 2158 1654 2213 Die
1677 2168 1768 2214 autem
1797 2158 1903 2224 natalis,
1915 2158 1945 2215 hl

309 2264 435 2307 crescere
451 2252 554 2322 incipit,
566 2244 672 2308 lneiilua
704 2251 782 2307 nobis
796 2252 932 2308 suaedona
952 2251 1101 2307 natiuitatis
1151 2258 1202 2315 est,
1217 2263 1307 2305 renam
1319 2252 1499 2321 corporalium
1513 2250 1619 2321 gaudiis
1633 2249 1947 2305 lierodiadistlliasalta.

309 2340 443 2395 exhibuit.
1151 2337 1200 2393 rit.
1226 2337 1355 2395 Voluntas
1377 2341 1450 2393 enim
1479 2349 1607 2409 unquam
1634 2354 1668 2396 ex
1697 2339 1940 2406 infidelitatoorta,

348 2430 382 2484 lit
408 2432 559 2485 accedentes
588 2431 709 2501 discipuli
732 2432 790 2502 ejus
811 2429 926 2485 tolerant
949 2448 1054 2503 eorpus,
1076 2442 1103 2487 ct
1152 2428 1945 2497 totisilimehrarumcursibuseiicrchatur,cttisenmnettt

309 2518 466 2589 sepelierunt
478 2519 554 2575 illud.
570 2521 620 2576 iiic
631 2537 694 2593 ergo
709 2522 854 2592 discipulos
867 2531 896 2579 et
921 2523 1006 2594 ipsius
1017 2523 1100 2580 loan—
1151 2522 1232 2578 etiam
1244 2531 1413 2578 sacramento
1426 2522 1551 2578 venalem
1566 2522 1671 2593 populis
1683 2522 1804 2588 addixit3
1820 2524 1871 2578 sub
1881 2536 1947 2594 peo-

311 2608 358 2665 nis
373 2618 400 2664 et
418 2608 566 2666 saluatoris
579 2626 723 2682 possumus
748 2612 907 2684 intelligere.
921 2612 976 2669 Nec
988 2624 1100 2685 practer
1151 2614 1220 2668 catis
1233 2612 1306 2667 enim
1320 2620 1347 2667 et
1357 2612 1446 2667 saecoli
1459 2612 1641 2684 uoluptatibus
1655 2612 1781 2668 israelitae
1792 2614 1853 2669 ritae
1865 2624 1946 2672 atter·

308 2701 430 2756 esndunt
448 2704 518 2772 quod
537 2712 631 2758 narrat
651 2702 797 2775 iosephus,
825 2705 944 2759 tinctum
970 2703 1101 2760 ioannem
1152 2718 1194 2758 nac
1207 2716 1318 2756 munera
1332 2702 1518 2757 vendiderunt.
1534 2701 1597 2758 ilaec
1609 2703 1704 2757 matris
1716 2717 1780 2767 suar,
1792 2702 1885 2767 idest,
1900 2704 1944 2761 in-

307 2789 339 2846 io
353 2791 492 2847 castellum
506 2791 680 2847 iiacherunta
694 2792 849 2856 abductum,
868 2791 959 2862 ibique
989 2800 1100 2848 trunca·
1153 2791 1289 2847 lldelitatis
1304 2789 1840 2863 instinctu,dclerrisibiioanniseaput,
1855 2792 1944 2861 idest,

308 2888 380 2937 tum.
394 2880 853 2939 Narratetlilstoriaecclesiastica
879 2883 1014 2954 sepultum
1038 2894 1101 2938 eum
1153 2882 1266 2955 gloriam
1281 2883 1348 2956 legis
1371 2884 1544 2954 orarit,qula
1572 2884 1615 2939 lex
1641 2885 1823 2940 incestuorum
1849 2885 1944 2953 lsrael,

308 2974 338 3027 ln
374 2971 486 3028 Sebaste
508 2974 576 3028 urhe
609 2972 759 3037 Palestinae,
792 2987 852 3042 quae
876 2974 1010 3043 quondam
1049 2971 1100 3028 Sa·
1152 2974 1313 3028 auctoritate
1339 2972 1492 3028 divinorum
1515 2981 1710 3043 praeceptorum
1733 2976 1872 3047 arguebat.
1891 2976 1945 3032 Sed

307 3065 397 3120 maria
412 3066 483 3120 dicta
498 3073 556 3132 cst;
573 3075 602 3121 at
622 3073 744 3134 tetrtpore
766 3062 863 3118 iuliani
877 3065 1007 3135 principis
1032 3064 1102 3119 inri-
1151 3061 1275 3130 superius
1285 3059 1404 3117 llerodes
1420 3061 1587 3133 significatus
1599 3072 1641 3118 est
1655 3060 1944 3121 loannemrelleocci·

307 3156 407 3211 dentes
418 3140 591 3221 Christianis,
609 3155 655 3225 qui
667 3153 818 3223 sepulcrum
833 3154 901 3225 ejus,
914 3154 959 3224 pin
972 3153 1101 3209 sollicitu·
1152 3150 1227 3215 dere,
1239 3160 1266 3205 et
1281 3160 1353 3205 metu
1377 3150 1467 3222 populi
1480 3151 1624 3217 demorari,
1641 3151 1704 3220 quia
1719 3152 1790 3207 sicut
1813 3151 1946 3221 propheta

307 3243 375 3302 dine
387 3243 605 3315 frequentabant,
617 3258 735 3316 paganos
743 3243 876 3299 invasisse
887 3252 1100 3308 monumentum,
1153 3240 1313 3297 habebatur.
1329 3241 1405 3296 Nunc
1418 3256 1482 3297 vero
1494 3242 1613 3310 expetita
1633 3243 1693 3309 ejus
1711 3256 1777 3296 occe
1796 3256 1857 3296 cum
1876 3256 1945 3312 prae·

305 3350 372 3392 ossa
388 3336 548 3406 dispersisse
560 3350 607 3406 per
617 3349 737 3404 campos,
752 3343 781 3390 et
793 3350 901 3389 rursum
913 3334 1025 3389 collecta
1040 3335 1102 3403 igne
1153 3338 1246 3391 sertim
1264 3324 1392 3407 religione
1404 3336 1567 3391 sacramenti
1582 3336 1727 3400 detinetur,
1741 3334 1875 3405 quomodo
1896 3336 1944 3389 tri-

305 3441 458 3490 cremasse,
473 3441 504 3480 ac
518 3426 606 3481 denuo
627 3423 786 3494 dispersisse
809 3440 858 3496 per
880 3440 968 3496 agros.
985 3422 1101 3481 diluisse
1115 3406 1138 3470 C
1154 3429 1205 3484 stis
1227 3427 1360 3484 efficitur?
1381 3427 1553 3484 Contrarium
1578 3428 1703 3483 uidelicet
1724 3434 1767 3481 est
1791 3437 1855 3481 tunc
1882 3440 1944 3481 eum

307 3532 376 3573 sero
390 3527 456 3572 tunc
469 3516 598 3585 temporis
609 3515 709 3570 ibidem
723 3515 757 3571 de
786 3514 980 3588 Hierosolymis
1008 3531 1103 3572 nrorta·
1152 3519 1280 3586 suluisse,
1292 3528 1319 3575 et
1335 3534 1408 3574 nunc
1418 3518 1500 3584 nolle,
1512 3528 1540 3573 et
1553 3532 1673 3586 praesens
1684 3517 1806 3573 molestia
1816 3516 1945 3571 anteriori

306 3609 386 3672 chos,
398 3607 445 3676 qui
466 3605 537 3660 misti
565 3606 679 3676 paganis
697 3621 759 3661 ossa
781 3605 931 3677 legentibus
955 3607 1100 3662 maximam
1150 3617 1207 3665 'non
1217 3610 1343 3666 contenit
1356 3609 1496 3663 uoluntati.
1510 3609 1609 3665 iorum
1621 3609 1648 3662 in
1659 3606 1844 3677 superioribus
1864 3613 1946 3676 gestae

306 3715 405 3756 eorum
425 3709 528 3769 partem
539 3700 773 3771 congregaverint,
788 3709 817 3756 ct
839 3701 872 3756 ad
895 3710 999 3771 patrem
1022 3717 1101 3756 suum
1152 3700 1193 3755 rei
1206 3701 1272 3755 ordo
1283 3705 1335 3763 est,
1351 3699 1377 3752 ln
1391 3699 1434 3753 his
1451 3706 1541 3753 autem
1556 3711 1627 3752 nunc
1651 3697 1755 3767 species
1768 3711 1858 3751 causae
1881 3711 1945 3755 con-

305 3789 463 3858 Phihppum
477 3787 689 3860 iherosolymam
702 3789 858 3845 detulerint.
877 3790 913 3845 ht
928 3791 972 3845 ille
997 3792 1102 3846 miserit
1153 3790 1291 3860 sequentis
1302 3789 1454 3858 exponitur.
1467 3789 1588 3845 Gloriam
1608 3787 1675 3858 legis
1693 3787 1817 3843 voluntas
1829 3802 1864 3843 ex
1883 3785 1946 3842 inli-

307 3894 341 3935 ea
355 3880 434 3934 beato
447 3879 594 3934 Athanasio
608 3880 778 3937 Alexandrina
796 3882 933 3952 episeopo,
945 3882 1035 3954 ibique
1046 3899 1103 3940 ser·
1152 3881 1262 3936 delitate
1276 3889 1336 3935 orta
1350 3879 1501 3948 occuparit.
1522 3877 1575 3934 Sed
1591 3877 1704 3948 populus
1717 3877 1781 3932 boni
1798 3875 1858 3945 ejus
1872 3873 1946 3945 quod

306 3979 373 4024 vata
387 3983 472 4039 usque
486 3970 520 4024 ad
531 3979 650 4040 tempora
669 3970 811 4044 Theophili
823 3970 943 4041 ejusdem
955 3974 1029 4030 urbis
1042 3976 1102 4045 cpi·
1152 3972 1180 4038 io
1191 3971 1250 4043 lege
1262 3979 1321 4026 crat
1349 3971 1482 4031 conscius,
1498 3969 1650 4040 volontatis·
1666 3966 1865 4024 conditionibus
1887 3980 1942 4020 non

308 4058 396 4128 scopi,
424 4059 530 4129 qttando
552 4058 664 4127 jubente
692 4060 843 4117 Theodosio
868 4063 991 4132 principe
1011 4064 1102 4119 omnia
1152 4061 1212 4116 sine
1223 4061 1314 4129 aliquo
1326 4060 1393 4113 certi
1403 4059 1516 4128 peniculi
1526 4059 1567 4112 sui
1581 4055 1946 4125 dolorecohibetur,scitque

307 4149 432 4220 flentium
443 4147 505 4203 iana
516 4148 650 4204 destructa
662 4158 735 4204 sunt.
746 4148 822 4205 Tunc
832 4158 980 4221 expurgato
990 4167 1005 4205 a
1019 4153 1104 4207 sordi·
1152 4151 1234 4207 talem
1244 4162 1438 4223 praeceptorum
1452 4150 1564 4221 gloriam
1579 4163 1632 4205 non
1643 4151 1796 4220 oportuisse
1808 4165 1838 4206 se
1847 4164 1945 4206 eonce-

308 4237 366 4296 ltus
379 4235 477 4306 templo
488 4234 608 4306 Serapis,
624 4237 723 4292 ibidem
745 4236 870 4303 illata,et
890 4239 1030 4294 basilicam
1053 4253 1103 4310 pro
1153 4241 1226 4306 dere,
1243 4241 1290 4295 sed
1311 4240 1427 4310 peccatis
1447 4246 1576 4309 tannmm
1590 4239 1768 4294 sacramentis
1781 4249 1902 4302 coactus,
1917 4246 1946 4293 et

309 4327 424 4384 aedicula
438 4326 548 4397 Serapis
559 4327 585 4381 in
597 4327 727 4382 honorem
741 4327 827 4383 sancti
843 4326 956 4384 loannis
966 4343 1026 4384 esso
1038 4343 1103 4384 con-
1152 4330 1304 4400 principum
1319 4327 1497 4398 adjacentium
1512 4335 1679 4395 metuatque
1702 4328 1826 4398 exemplo
1846 4329 1945 4397 depra-

310 4427 459 4482 secratam,
474 4433 535 4488 quae
549 4419 708 4491 martyrium
724 4417 883 4489 appellatur.
900 4418 971 4490 Lege
995 4421 1105 4477 undeci·
1153 4427 1242 4484 vatus,
1257 4428 1282 4473 et
1296 4418 1384 4473 rictus
1397 4416 1530 4472 illecebris
1553 4416 1700 4486 voluptatis
1719 4416 1801 4471 etiam
1831 4425 1944 4471 moestus
2033 4480 2041 4491 .

311 4523 388 4564 ntum
400 4505 525 4562 Historiae
538 4507 846 4563 ecclesiasticaelibrum.
860 4507 1004 4580 Sequitur:
1153 4507 1331 4579 obtemperat.
1362 4506 1446 4577 igitur
1470 4507 1540 4561 inter
1567 4507 1670 4575 reliqua
1694 4505 1837 4566 dissoluta
1851 4505 1943 4574 populi

351 4597 385 4651 Et
408 4600 538 4652 uenientes
554 4599 739 4653 nuntiaverunt
757 4597 833 4653 deso.
848 4598 906 4654 Non
934 4599 1020 4656 solutu
1044 4617 1105 4673 quas
1154 4601 1251 4672 gaudia
1267 4600 1293 4655 in
1304 4596 1498 4654 diseoioanuis
1510 4595 1947 4668 eaputalierlur.liatunoscilicet
2050 4590 2052 4596 ’

312 4688 366 4759 ipsi
382 4697 522 4760 gesserant
534 4696 561 4744 ct
573 4687 721 4744 docuerant
735 4688 848 4758 apostoli
870 4690 984 4746 ilomino
1008 4707 1106 4747 renun-
1156 4692 1224 4765 legis
1236 4695 1360 4763 uoluptas
1373 4705 1515 4761 corporum
1528 4689 1562 4744 ad
1575 4687 1720 4745 saeculares
1729 4688 1809 4744 luxus
1819 4698 1946 4761 augetur,

312 4780 395 4845 tiant,
413 4780 461 4835 sed
474 4780 556 4835 etiarn
565 4794 626 4849 quae
638 4779 756 4836 loannes
765 4780 805 4836 eis
818 4780 845 4835 in
857 4782 977 4838 docendo
991 4799 1107 4854 occupa·
1119 4752 1145 4811 Ῑ)
1158 4783 1233 4838 etita
1248 4797 1296 4852 pcr
1306 4779 1422 4852 puellam
1434 4780 1468 4835 ad
1481 4787 1595 4833 matrem
1605 4776 1736 4844 delentur,
1750 4778 1817 4833 acsi
1836 4779 1949 4848 probro-

313 4869 397 4925 tissit
410 4884 516 4940 passus,
530 4869 574 4924 rel
588 4870 628 4924 sui
649 4870 692 4926 rel
706 4871 826 4941 ejusdem
846 4871 970 4942 discipuli
988 4872 1107 4930 loannes
1158 4888 1204 4930 sus
1218 4871 1340 4928 lsraelet
1353 4872 1483 4927 rolrrntati
1510 4881 1538 4925 ct
1562 4869 1713 4925 inhdciitati
1745 4885 1801 4925 suae
1827 4869 1947 4939 iarrriliae,

311 4961 340 5016 ei
355 4947 647 5032 reourniant.‘iiystios
659 4970 748 5016 autern
770 4960 888 5019 Joarmes
913 4964 1027 5019 Domino
1039 4981 1108 5036 prae·
1158 4964 1263 5020 scilicet
1280 4971 1343 5018 aute
1355 4964 1473 5034 gentium
1496 4961 1621 5032 gloriam,
1636 4960 1704 5033 legis
1722 4961 1835 5016 addixit.
1852 4961 1950 5020 Finitis

313 5066 414 5109 cursor
426 5051 511 5123 legem
522 5053 628 5107 Veteris
642 5051 807 5108 Testamenti
819 5056 970 5127 signiticare
987 5059 1107 5114 ridetur:
1159 5052 1242 5125 igitur
1255 5051 1322 5121 legis
1335 5051 1508 5121 temporibus,
1524 5059 1623 5105 etcum
1649 5050 1752 5107 loannc
1772 5050 1949 5121 ootrscpulds,

315 5142 365 5199 ilie
374 5142 517 5197 tenebatur
528 5141 555 5196 in
568 5143 682 5198 vinculis
700 5151 728 5198 ct
745 5159 866 5211 carcere,
877 5154 904 5200 et
917 5146 960 5201 lex
974 5147 1000 5201 in
1015 5148 1111 5204 obscu-
1159 5143 1283 5215 disoipuli
1298 5140 1356 5212 ejus
1370 5142 1458 5196 resim
1474 5141 1696 5211 gestasliotoino
1719 5141 1870 5206 enuntiem,
1886 5155 1950 5196 cum

314 5248 347 5289 ra
358 5233 492 5303 angustia,
510 5241 538 5289 et
560 5236 704 5290 tenebroso
727 5236 808 5290 corde
829 5237 919 5307 populi
942 5238 1106 5297 ludaeorum.
1160 5235 1194 5291 sd
1204 5232 1346 5306 Evangelia
1358 5230 1460 5286 seilicet
1476 5245 1509 5286 ex
1522 5230 1726 5300 legerenientes
1740 5245 1805 5302 erga
1821 5231 1870 5286 liei
1882 5229 1950 5286 Ver-

314 5321 365 5378 tlte
384 5321 474 5390 capite
495 5329 634 5378 truncatus
655 5332 706 5389 cst,
722 5325 793 5393 quod
818 5327 977 5397 praesagium
1001 5327 1052 5383 luit
1075 5344 1108 5386 eo
1161 5327 1225 5382 bum
1239 5323 1338 5380 curiosi
1352 5322 1488 5376 auditores
1515 5321 1591 5375 liunt
1617 5321 1702 5393 igitur
1722 5323 1781 5395 lege
1810 5322 1884 5376 linita
1915 5322 1949 5373 ad

314 5413 391 5484 quod
403 5413 528 5468 amissuri
541 5423 631 5469 essem
641 5413 725 5469 Judaei
740 5414 941 5486 Christumqui
952 5427 1033 5487 caput
1043 5417 1109 5488 lepis
1162 5432 1241 5488 quem
1254 5417 1335 5472 alium
1352 5416 1393 5470 eis
1414 5414 1658 5486 transmigrandum
1671 5422 1740 5478 erat,
1752 5412 1803 5468 nisi
1832 5411 1867 5465 ad
1888 5424 1950 5464 cum

311 5510 345 5564 ¹et
369 5503 654 5573 prophetorum,siout
675 5519 755 5574 supra
779 5505 966 5572 ostendhnus;
985 5506 1109 5578 discipuli
1163 5510 1209 5580 qui
1228 5516 1430 5565 consummator
1457 5505 1514 5573 ejus
1539 5507 1598 5562 esti
1611 5504 1686 5566 Finis
1707 5505 1776 5559 enim
1804 5502 1887 5574 lepis,
1913 5503 1954 5555 ait

309 5592 393 5650 illios
405 5593 452 5661 qui
467 5607 566 5664 corpus
582 5593 640 5664 ejus
650 5593 823 5663 sepelierunt,
836 5602 865 5648 et
885 5605 946 5664 post
970 5597 1109 5653 venientes
1162 5599 1317 5671 Apostolus,
1331 5597 1451 5652 Christus
1472 5605 1509 5650 eat
1530 5595 1564 5650 ad
1586 5595 1720 5666 justitiam
1741 5593 1812 5647 omni
1835 5591 1951 5647 credenti

308 5684 514 5742 ‘nuntiaverunt
541 5686 736 5755 humidaquae
758 5695 833 5757 gesta
864 5695 936 5753 stat,
957 5688 1110 5759 sigtrihcare
1163 5690 1251 5764 (Rom.
1267 5689 1307 5760 x),
1321 5690 1366 5759 qui
1380 5688 1562 5744 instrumento
1575 5684 1665 5741 Veteri
1677 5684 1782 5741 Novum
1804 5683 1868 5740 iecit
1889 5698 1951 5739 suc·

314 5775 521 5832 decurrentes
536 5777 582 5846 nui
597 5776 681 5847 legem
696 5777 722 5830 in
736 5777 890 5833 cantatibus
911 5777 968 5849 jam
979 5778 1107 5833 observa·
1162 5784 1260 5837 cedere
1273 5780 1486 5835 Testamentum.

319 5867 441 5923 tionibus
453 5869 613 5923 exstinctam
642 5869 749 5923 sibimet
771 5870 919 5926 indicantes
938 5871 971 5926 ad
994 5872 1110 5942 gratiam
1199 5869 1276 5937 Quod
1288 5885 1348 5924 cnm
1367 5865 1693 5933 audissettecac,sccecrtt
1707 5880 1768 5918 tnnc
1789 5880 1817 5918 tn
1833 5860 1953 5919 nasucio

319 5959 507 6014 transiverunt
523 5959 625 6014 bomini
643 5958 800 6026 Salvatoris,
811 5962 875 6031 quia
886 5962 1021 6034 sepultura
1032 5960 1109 6018 dnau·
1163 5962 1192 6018 in
1207 5963 1293 6018 locant
1305 5961 1433 6018 desertam
1441 5975 1569 6016 uerrunt.
1581 5957 1650 6024 Nou,
1658 5966 1688 6012 ut
1698 5957 1808 6027 quidam
1819 5953 1953 6010 arbitran-
