4509 6850
370 603 436 663 ’διδ
702 592 734 658 lt,
755 587 882 647 calcidi
901 585 1012 646 itabltt
1031 580 1190 641 ancillet.
1214 578 1368 637 nocuit.
1386 575 1530 636 orbim
1549 573 1639 630 Psilis
1656 573 1676 630 i.
1964 573 2021 630 334

382 727 472 778 summ
496 710 583 780 molti,
604 708 705 767 cborus
722 713 845 763 vocatur.
870 702 1023 774 indpbonn
1047 705 1171 773 &nepoti
1186 704 1209 755 ,t
1225 709 1288 750 nem
1311 693 1418 750 bomiri
1433 707 1486 750 nou
1506 705 1568 748 cum
1591 687 1794 745 linteaminibus
1818 684 1946 758 positum,
1971 691 2021 746 noi

382 812 488 876 Grecoe,
514 813 567 864 tor
582 802 732 874 reciproca,
746 809 780 856 ci
794 799 899 854 duobos
913 796 1016 854 scilicet
1029 791 1121 848 cborls
1136 790 1174 845 al·
1223 798 1346 840 seorsum
1359 784 1508 840 inuolutum
1527 779 1654 836 inveniri.
1669 778 1812 834 Ponuntur
1823 787 1932 850 quoqne
1955 787 2022 837 tono

382 898 511 956 ternatim
524 893 711 966 psallentibus,
727 889 836 946 dicitur.
851 885 917 943 Post
929 885 1068 940 introitum
1082 891 1173 936 autem
1224 889 1287 930 vasa
1301 883 1397 930 sancta
1414 871 1507 946 (quod
1520 871 1592 926 catix
1606 877 1686 926 estet
1696 869 1807 940 patena)
1826 883 1909 941 snper
1921 870 2022 934 altare.

383 985 579 1046 sacerdotisad
595 983 682 1038 altare
702 979 804 1035 litania
818 984 936 1048 aquiritur
951 981 967 1030 a
983 973 1067 1040 ciero,
1081 980 1111 1026 ut
1124 985 1172 1043 ge·
1223 979 1284 1034 quse
1306 959 1505 1033 quodammodo
1516 959 1650 1016 Dominlci
1670 959 1787 1030 sepulcri
1800 967 1892 1030 typum
1906 960 2021 1031 babent,

383 1079 483 1137 uenalis
496 1075 585 1132 oratio
598 1071 743 1145 praeveniat
755 1067 899 1142 specialem
916 1063 1064 1122 sacerdotis
1080 1079 1087 1117 ι
1108 1062 1174 1117 sub·
1223 1053 1287 1123 quia
1303 1054 1373 1108 sicut
1394 1057 1459 1107 tunc
1484 1055 1584 1121 corpus
1598 1049 1700 1104 Christi
1726 1051 1895 1107 aromatibus
1907 1061 2022 1110 unearm

383 1170 505 1240 sequitur
519 1174 609 1222 autem
617 1164 705 1219 oratio
717 1160 878 1227 sacerdotis,
888 1167 917 1216 ct
930 1155 1043 1230 pseltica
1055 1154 1173 1225 primum
1224 1145 1251 1199 in
1280 1143 1404 1215 sepulum
1429 1156 1499 1197 noro
1517 1155 1568 1212 per
1580 1141 1685 1211 piorum
1709 1139 1828 1196 elicium
1842 1141 2022 1211 candelulas,

383 1258 547 1317 salutatione
573 1253 701 1326 populum
723 1251 845 1307 salutans
865 1247 941 1320 pacis
966 1257 1126 1315 responsum
1140 1239 1174 1295 ab
1224 1233 1262 1288 ita
1276 1234 1357 1289 modo
1378 1232 1406 1287 in
1424 1231 1544 1287 Ecclesia
1565 1231 1711 1302 mysticum
1740 1245 1841 1303 corpus
1864 1233 1936 1290 iilius
1959 1251 2022 1292 curn

384 1350 430 1406 ilio
447 1347 574 1417 accipiat,
585 1352 688 1399 utrera
703 1333 1038 1397 concordiaetcbaritutis
1049 1346 1117 1402 pura
1128 1330 1176 1386 de·
1224 1325 1370 1396 unguentis
1385 1338 1471 1379 sacrae
1484 1323 1617 1379 orationis
1629 1323 1769 1378 conditum
1793 1324 1821 1379 in
1841 1326 1929 1382 sacris
1949 1328 2024 1385 vasis

301 1479 305 1486 -
382 1440 457 1496 totio
470 1436 577 1493 facilins
589 1432 723 1506 postulata
738 1432 866 1501 impetret
880 1426 914 1482 ab
930 1439 964 1482 co
977 1423 1022 1495 qul
1035 1419 1116 1479 corda
1133 1435 1176 1476 as-
1226 1415 1258 1469 tii
1272 1414 1475 1485 leffiiiessdlim
1491 1412 1615 1469 fidelibus
1635 1428 1684 1483 l)er
1708 1415 1879 1472 werimum
1903 1415 2022 1475 offitium

385 1529 450 1600 picit
462 1537 492 1583 et
513 1527 619 1583 interna
636 1522 776 1594 dijudicat.
804 1517 881 1574 Tunc
900 1517 986 1572 lector
1003 1514 1068 1585 legit
1082 1511 1176 1568 lectio-
1224 1504 1441 1560 administrator.
1465 1501 1562 1558 Postea
1583 1509 1711 1558 cantatur
1732 1504 1845 1560 missas
1866 1509 2021 1576 sacerdote,

384 1617 627 1680 rrerrrcanonicam,
647 1621 676 1668 ut
698 1610 1030 1678 animusauditorbmper
1047 1606 1119 1660 banc
1135 1603 1176 1658 in-
1225 1598 1272 1669 qui
1295 1604 1439 1669 postquam
1464 1593 1584 1666 loquitur
1609 1596 1643 1682 ad
1669 1596 1797 1666 populum
1815 1595 1849 1654 de
1870 1597 2025 1657 elevatione

382 1717 503 1765 structus
527 1709 561 1764 ad
584 1715 683 1762 cautem
704 1702 837 1760 intensior
863 1706 996 1770 assurgat.
1022 1696 1089 1751 Post
1103 1693 1176 1750 banc
1226 1690 1316 1747 cordis
1335 1689 1368 1745 ad
1386 1685 1482 1756 Ιιειιιιι,
1497 1689 1712 1760 exhortaturque
1725 1703 1772 1746 eos
1784 1691 1818 1748 ad
1829 1693 1931 1764 gratias
1943 1709 2025 1764 apert·

382 1815 447 1872 erpo
461 1805 557 1854 cantor
570 1797 636 1854 dicit
653 1794 855 1867 responsorium
869 1791 924 1846 :ad
940 1788 1176 1860 compunctionem
1226 1783 1275 1838 das
1302 1777 1426 1845 Domino,
1441 1779 1565 1835 labilibus
1579 1793 1610 1835 os
1637 1779 1740 1850 implet,
1759 1791 1892 1852 rogatque
1905 1791 1937 1838 ut
1963 1783 2023 1854 ipse

381 1896 521 1960 pmsocet,
541 1892 570 1943 et
590 1887 665 1943 lenos
688 1884 795 1941 animos
814 1881 982 1938 audientium
1005 1878 1098 1935 iaciat.
1121 1875 1176 1934 lle-
1226 1875 1396 1944 omnipotens
1412 1870 1483 1927 lieus
1506 1869 1598 1936 Pater,
1612 1870 1656 1926 cui
1669 1870 1827 1928 deserviunt
1837 1873 2023 1944 coelestespo-

382 1975 553 2050 sponsorium
567 1989 632 2048 erpo
649 1973 713 2030 inde
731 1973 840 2038 dieitur,
854 1970 937 2042 quod,
950 1969 1003 2024 alid
1024 1965 1175 2033 desinente,
1227 1973 1349 2031 testatos,
1363 1977 1413 2022 sus
1424 1964 1511 2036 grstia
1528 1958 1635 2020 illorum
1648 1964 1761 2022 vocibus
1770 1964 1866 2036 iubeat
1885 1968 2023 2026 humanas

381 2069 410 2126 id
426 2069 496 2124 alter
509 2067 681 2137 respondeat.
693 2064 766 2120 lnte'r
784 2061 955 2133 responsoria
973 2067 1002 2116 et
1011 2045 1175 2130 tttrtlpilonas
1189 2039 1213 2099 Β
1228 2057 1364 2116 associare
1387 2055 1588 2124 ooniessioncs3
1605 2067 1687 2128 quarn
1709 2057 1926 2128 deprecationem
1955 2075 2019 2115 mur

381 2154 544 2222 bocdidlrrt,
560 2155 632 2226 quod
647 2155 675 2210 id
687 2152 867 2225 respdbsorlis
881 2157 952 2206 tnui
964 2149 1039 2205 dicat
1051 2149 1172 2213 ccl-sitm,
1225 2149 1403 2219 subsequitur
1420 2148 1480 2203 laus
1492 2163 1526 2204 ex
1544 2145 1674 2219 angelicis
1699 2159 1727 2204 ct
1745 2148 1874 2206 immanis
1894 2151 2022 2208 mutibus

381 2249 410 2305 in
424 2247 580 2320 antiphonis
600 2249 692 2303 atitcm
704 2245 840 2302 alternent
857 2243 983 2301 versibus
994 2243 1081 2300 ebori.
1098 2241 1175 2298 dnti-
1225 2236 1359 2294 coniecta.
1375 2237 1502 2303 Sanctus,
1525 2235 1649 2305 Sunion
1670 2235 1784 2294 Sanam
1797 2235 1927 2297 Domina
1950 2239 2021 2298 bes·

380 2341 486 2413 phonas
500 2339 598 2406 Graeci,
619 2336 792 2412 responsoria
809 2334 945 2392 vcroltall
958 2333 1102 2391 traduntur
1118 2333 1175 2405 pri-
1226 2319 1351 2392 monost,
1378 2327 1449 2400 vitii
1468 2335 1529 2383 itti
1552 2327 1610 2383 wli
1630 2337 1655 2384 ιι
1678 2338 1747 2385 terro
1762 2329 1849 2402 picria
1877 2340 1935 2399 itta,
1963 2341 2017 2388 etc·

382 2445 456 2486 mum
479 2429 625 2486 invenisse.
650 2421 1047 2498 Responsorium'eoimislud
1064 2423 1175 2496 quidam
1226 2413 1328 2478 licblne
1338 2420 1395 2492 jam
1418 2419 1588 2477 consecratio
1605 2419 1727 2491 corporis
1750 2429 1778 2476 et
1798 2421 1939 2494 unguinis
1968 2423 2021 2480 llo-

381 2518 493 2592 gradalc
504 2527 615 2585 nocant,
627 2531 660 2574 eo
680 2515 839 2588 quodluxta
856 2516 957 2588 qmdus
971 2514 1067 2586 pulpiti
1078 2523 1175 2571 canta·
1226 2512 1292 2569 mini
1319 2511 1404 2582 iit„ct
1426 2509 1584 2582 deprecatio
1606 2509 1695 2566 valida
1706 2511 1740 2566 ad
1758 2503 1854 2578 Deum,
1877 2511 1951 2569 inter
1963 2527 2022 2584 quas

381 2621 437 2666 tur.
451 2610 516 2666 Post
526 2609 730 2681 responsorium
751 2611 880 2665 cantatur
893 2606 1012 2673 alleluia:
1027 2605 1131 2662 scilicet
1146 2614 1177 2660 ut
1225 2611 1253 2660 et
1271 2601 1412 2659 llominica
1431 2602 1519 2658 oratio
1538 2601 1707 2659 decantatur.
1735 2599 1884 2674 Postquam
1897 2605 1971 2660 enim
1986 2605 2020 2660 ad

382 2701 418 2756 ad
430 2699 552 2757 coeicstia
565 2708 655 2755 mente
664 2697 792 2770 populum
807 2695 940 2763 sublevet,
965 2707 994 2752 et
1009 2695 1042 2752 ad
1056 2694 1175 2752 divinam
1226 2693 1480 2750 communicandum
1491 2699 1520 2749 et
1532 2693 1566 2748 ad
1578 2687 1782 2764 percipiendum
1793 2707 1893 2765 corpus
1905 2709 2021 2765 perren-

382 2788 640 2859 euntemplationem
659 2787 756 2858 erigat.
770 2785 883 2843 Alleluia
894 2785 967 2842 enim
988 2785 1104 2840 duonum
1113 2799 1176 2840 rer·
1227 2793 1284 2841 tum
1308 2785 1398 2854 iucrit,
1425 2787 1503 2857 pacis
1522 2786 1646 2843 osculum
1670 2785 1721 2842 sibl
1749 2785 1867 2843 inuicem
1895 2789 2020 2854 tradunt,

382 2877 479 2936 borum
493 2879 683 2950 interpretatio
696 2885 749 2944 est,
762 2880 814 2934 libe
826 2885 869 2935 cst
879 2877 939 2934 iaus
953 2876 1012 2942 liei,
1026 2881 1053 2932 et
1065 2883 1108 2931 cst
1119 2873 1175 2930 ile-
1227 2884 1369 2931 cantantes
1382 2890 1390 2929 ι
1403 2875 1492 2945 donet
1505 2869 1565 2943 ilei,
1581 2875 1626 2947 qui
1642 2875 1712 2931 tollis
1728 2885 1834 2946 pacata
1849 2876 1954 2942 madi,
1969 2875 2021 2933 sni-

382 2965 497 3023 brmum.
521 2965 549 3023 la
572 2966 645 3023 enim
658 2967 692 3022 de
706 2965 799 3022 decern
814 2964 968 3020 nominibus
994 2963 1092 3034 quibus
1105 2963 1177 3034 apud
1227 2981 1311 3023 serere
1322 2968 1407 3032 ιιοιιι,
1415 2967 1569 3037 ut,paciiiel
1578 2975 1778 3023 sacramentum
1788 2967 1979 3038 percipientes,
1993 2969 2020 3025 in

381 3055 510 3114 Hebraeos
524 3057 596 3113 licus
607 3063 721 3112 vocatur
736 3069 821 3112 unum
835 3063 888 3111 cst·
912 3053 1044 3110 Similiter
1056 3063 1084 3110 et
1097 3067 1176 3108 amen
1228 3058 1345 3114 liliorum
1360 3059 1407 3114 bel
1419 3069 1534 3114 numero
1550 3057 1682 3130 (remissis
1694 3056 1800 3114 delictis
1813 3056 1951 3130 omnibus)
1966 3073 2023 3116 me·

382 3147 526 3203 liebraeum
542 3152 594 3210 est,
610 3145 682 3215 quod
693 3143 728 3200 ad
741 3159 850 3201 omnem
862 3141 1011 3200 sacerdotis
1024 3141 1175 3197 orationem
1228 3159 1342 3208 nonnoni
1354 3151 1487 3222 conmori,
1511 3149 1578 3207 Pons
1599 3149 1816 3206 communionem
1831 3155 1907 3222 engo,
1925 3157 2023 3222 etpost

382 3251 432 3294 seu
455 3235 674 3293 benedictionem
691 3232 965 3306 responoepmnns
989 3231 1118 3288 nostrum.
1134 3231 1178 3287 be
1227 3239 1349 3310 elusam
1362 3238 1480 3296 nominis
1506 3240 1654 3304 enricum,
1669 3239 1732 3295 nau
1745 3237 1960 3296 momentonea
1977 3253 2022 3296 sa-

382 3327 527 3398 nonan
551 3339 658 3397 quoue
672 3331 763 3396 pocot
782 3337 862 3379 amon
883 3322 911 3378 ro
935 3321 1173 3389 nostrumnon,
1227 3333 1339 3390 ceraste
1366 3334 1401 3389 ao
1418 3331 1681 3403 proemisimus
1706 3331 1836 3401 nectet
1857 3331 2020 3388 mimon-

382 3417 441 3475 sire
458 3417 582 3483 ddeliter,
602 3432 649 3473 scu
660 3415 717 3471 liat.
728 3413 894 3486 iiicronymo
907 3422 976 3471 teste
989 3414 1017 3469 in
1030 3412 1174 3481 Psolterio,
1188 3383 1213 3450 c
1227 3425 1300 3481 mom
1317 3436 1377 3481 nono
1395 3430 1548 3494 pomorum,
1565 3421 1632 3479 dans
1644 3420 1782 3479 licentiam
1793 3421 1922 3479 imnodi.
1940 3421 2023 3479 {stom

382 3508 429 3564 ubi
440 3508 478 3563 ait
491 3522 499 3562 t
511 3506 585 3573 Fini,
599 3506 657 3577 piot,
671 3506 698 3562 in
710 3504 845 3561 lleltraico
861 3503 969 3577 iegitur,
981 3500 1074 3572 Amen,
1087 3512 1175 3560 omen.
1227 3528 1293 3587 ongo
1310 3512 1434 3570 ordinem
1455 3512 1489 3567 ab
1513 3511 1655 3581 apostolis,
1679 3518 1706 3567 et
1736 3512 1771 3569 ab
1788 3510 1947 3583 apostolicis
1957 3512 2024 3569 ciris

383 3596 449 3654 llaec
470 3598 524 3653 duo
540 3604 631 3653 tamen
649 3595 741 3659 rerba,
756 3594 847 3661 idest,
864 3608 943 3651 amen
956 3603 985 3651 et
996 3594 1115 3663 alieiula,
1125 3610 1177 3653 nec
1227 3602 1356 3660 traditum
1374 3601 1498 3657 Romana
1510 3608 1584 3656 tenet
1597 3596 1730 3666 Ecclesia,
1750 3606 1838 3673 etpsr
1854 3606 1942 3657 totum
1956 3614 2024 3673 pene

382 3688 495 3755 Graecis,
519 3702 570 3744 nec
592 3686 706 3753 Latinis,
724 3698 777 3742 nec
797 3682 936 3752 itarbaris,
955 3684 1020 3742 lieet
1046 3684 1074 3741 in
1098 3700 1176 3742 snam
1226 3693 1412 3757 ominonsem,
1438 3704 1532 3746 omncs
1551 3682 1680 3745 Ecclesiae
1702 3690 1825 3745 mmdem
1848 3689 2022 3746 traditionem

382 3782 503 3852 linguam
528 3778 639 3837 omnino
653 3774 812 3846 transiens,
834 3778 877 3834 rel
899 3778 952 3835 alia
964 3778 1056 3852 iingua
1072 3792 1177 3835 snnun-
1226 3783 1492 3854 somont.Sedq11ia
1510 3784 1543 3837 de
1553 3776 1693 3837 orientibus
1707 3781 1806 3847 sacris,
1825 3780 1897 3837 etde
1908 3790 2024 3852 quatuor

383 3870 464 3927 tiam·
490 3868 560 3925 Nam
583 3868 707 3940 oramus
720 3868 893 3939 inerpretari
916 3864 1043 3941 mount,
1065 3877 1178 3941 proper
1226 3876 1415 3942 memnonos,
1431 3882 1546 3930 necnon
1561 3880 1590 3929 et
1609 3872 1643 3929 oe
1656 3870 1848 3929 ometontsse
1865 3880 2022 3929 sermonen

384 3960 547 4015 sanctiorem
561 3966 650 4014 mmcn
673 3956 873 4023 auctoritatem,
895 3964 1055 4014 serratacst
1069 3958 1177 4028 abapo
1226 3966 1430 4041 explicavimus,
1456 3962 1520 4021 itnie
1540 3962 1611 4019 irino
1633 3962 1779 4019 terminum
1797 3960 1844 4019 lde
1868 3960 2023 4032 pommus

384 4049 462 4107 stolis
488 4047 516 4103 in
543 4046 587 4102 bis
610 4046 727 4117 proprior
748 4045 846 4119 linquae
878 4044 1036 4117 antiquitas.
1059 4046 1176 4102 Tantum
1226 4072 1288 4117 mo
1306 4058 1449 4113 censemini
1463 4070 1471 4108 ε
1483 4054 1511 4109 ιιι
1531 4052 1717 4123 sequentibus,
1745 4050 1780 4109 de
1798 4048 1909 4108 eeterb
1929 4046 2023 4107 officiis

384 4140 458 4196 enim
481 4152 559 4195 sacra
574 4144 638 4193 sunt
650 4135 770 4203 uomina,
784 4143 815 4192 ut
826 4135 908 4192 ctiam
925 4134 1044 4193 loannes
1056 4136 1083 4191 in
1100 4135 1176 4207 lipo-
1227 4156 1308 4220 mque
1325 4140 1560 4203 nonomiiinninnn
1575 4142 1610 4215 (si
1625 4130 1756 4200 bodiibm
1779 4140 1922 4217 insinuit)
1945 4140 2022 4215 pion

275 4274 281 4285 ,
384 4228 487 4301 calypsi
511 4226 614 4283 celerat
638 4222 741 4296 Spiritu
766 4224 905 4282 reuelante
928 4240 959 4282 se
974 4224 1074 4282 cidisse
1087 4233 1115 4281 et
1129 4241 1177 4281 au·
1227 4238 1349 4297 minim-i,

385 4319 459 4378 disse
468 4332 563 4377 vocem
573 4316 1177 4391 coelestisexercitus,tanquamvoccmaqua-
1507 4322 1656 4385 pipiliani
1674 4326 1765 4384 ,nom

385 4426 447 4467 rum
468 4408 629 4474 multamm,
643 4414 672 4463 et
687 4406 837 4464 tonitruum
850 4406 1001 4465 calidorum
1016 4406 1175 4476 dicentium,
1263 4408 1432 4488 inanissimo,
1454 4418 1564 4475 notione
1584 4408 1732 4485 nominoe,
1746 4408 1882 4489 oi'pioo·
1904 4404 2022 4473 'tonino

384 4514 465 4557 amen
474 4497 619 4555 etalieluia
628 4496 721 4571 (Apso.
732 4495 802 4571 ιιι),
810 4512 842 4553 ac
853 4512 903 4569 per
912 4498 966 4556 boc
978 4498 1019 4556 sic
1028 4504 1135 4570 oportet
1149 4500 1176 4556 lb
1227 4508 1269 4583 (tit
1279 4508 1377 4583 iegitur
1389 4510 1416 4567 ln
1429 4508 1512 4583 gestis
1525 4504 1902 4579 sumtuosissimae
1914 4513 1945 4562 ut
1957 4514 2023 4577 qoo-

384 4590 466 4647 ῑθῐῐῑι
482 4596 597 4659 “mille
608 4586 672 4653 ilitio
686 4586 758 4643 ⁸³⁰¹st
774 4586 802 4641 in
815 4586 884 4644 &0¹⁰
897 4596 1035 4647 militii-
1047 4588 1176 4645 Mssflei
1228 4604 1387 4675 ties'cub'qbe
1403 4602 1497 4659 sancta
1513 4598 1695 4658 recitarentur
1715 4596 1872 4673 Evangelia,
1893 4596 2022 4657 stotrdc·

362 4682 499 4799 ,diacono
514 4695 575 4737 cum
600 4692 706 4735 summa
727 4680 889 4736 auctoritate
904 4681 932 4737 ln
956 4681 1070 4737 auribus
1085 4678 1176 4753 pditrli
1228 4700 1270 4750 mn
1294 4698 1323 4749 ει
1342 4693 1475 4764 reliquum
1489 4690 1585 4764 ηιμ,
1598 4698 1652 4747 non
1675 4690 1813 4756 ponimns,
1834 4688 1884 4745 non
1906 4694 2023 4745 mi,

384 4772 517 4827 militm?
528 4768 713 4840 cumosicum,
726 4776 758 4823 ut
771 4769 856 4840 iiiiilss
871 4769 971 4826 widem
981 4766 1108 4825 sumatur
1124 4770 1176 4826 ⁴¹⁰·
1229 4780 1330 4839 Deinde
1343 4782 1492 4838 orationem
1507 4795 1557 4851 pro
1575 4780 1633 4837 suis
1642 4780 1759 4851 propriis
1776 4776 1882 4835 delictis
1892 4785 1924 4835 et
1937 4772 2023 4851 piebis

385 4862 484 4926 cirilla,
497 4858 532 4913 ad
544 4870 624 4929 (illem
636 4856 724 4913 icrtct
738 4859 853 4915 intentio
861 4861 1077 4931 iiiiihipsiiliqtle
1089 4860 1177 4919 Virilis
1230 4870 1399 4937 remissione,
1420 4880 1451 4926 ut
1467 4871 1563 4943 dignus
1587 4870 1622 4925 sii
1638 4870 1768 4925 scoedeoe
1789 4866 1823 4923 ad
1836 4866 1934 4933 aliare,
1949 4876 1979 4921 et
1988 4864 2022 4920 ad

385 4950 552 5022 lrrtelliqatur
578 4962 629 5019 Pii
653 4950 839 5019 Eiissieiiums
869 4949 946 5019 essius
968 4960 1033 5007 tunc
1054 4954 1177 5025 emittitis
1229 4968 1331 5018 tactum
1345 4960 1508 5029 oblatarum,
1523 4976 1558 5017 ne
1584 4959 1632 5016 list
1646 4960 1684 5016 ilii
1706 4958 1894 5033 quodiactum
1915 4954 2024 5014 ostile·

386 5046 590 5095 sacrosanctum
605 5036 757 5093 celebratur
772 5038 942 5110 mysterium.
963 5034 1017 5097 Per
1028 5043 1081 5098 ltoc
1102 5042 1177 5099 obla·
1230 5053 1364 5109 tbmmitis
1375 5054 1422 5124 qui
1435 5050 1632 5109 nemorensem„
1645 5051 1751 5109 pomini
1760 5038 1944 5125 nngmnnoq
1958 5042 2020 5119 noo.

361 5124 638 5201 ,cronodromonis
651 5142 666 5182 ι
681 5128 790 5199 tudo,
817 5136 846 5185 et
855 5126 1024 5187 ommonem
1050 5136 1177 5189 monim
1228 5144 1266 5215 ι).
1287 5143 1426 5215 sescenos
1447 5143 1633 5200 otiationibus
1660 5142 1807 5200 nicetus
1835 5138 1967 5198 nmmos
1988 5138 2022 5195 ao

385 5236 403 5276 a
424 5220 508 5285 clero,
524 5218 596 5289 ιιιῐῡ(1
622 5232 656 5275 ⁰1
682 5218 740 5289 ¹iisa
761 5230 843 5275 catast
864 5220 1025 5278 'mimium
1052 5224 1176 5295 sumpsit,
1227 5234 1323 5297 altare,
1348 5240 1376 5290 et
1394 5234 1467 5290 iacal
1494 5236 1593 5292 mantis
1616 5238 1689 5301 scias,
1710 5242 1739 5290 et
1754 5230 1873 5305 extergit
1898 5232 1933 5287 tb
1959 5236 2023 5287 actu

385 5314 464 5385 quasi
475 5312 645 5369 odercnttum
660 5312 817 5380 canticum,
832 5312 990 5369 immittitur
1002 5320 1179 5385 usqncsoper
1228 5324 1412 5380 communiam
1427 5328 1556 5379 minnnm
1567 5328 1648 5395 iinon
1664 5324 1775 5379 enmono
1788 5326 1869 5393 pino,
1894 5318 2024 5377 mnemon

387 5403 473 5461 attare
494 5403 643 5475 nemoralis
664 5400 786 5474 patrium,
811 5404 883 5474 qnod
906 5404 1040 5477 stnntbmt
1065 5406 1178 5463 linteum
1227 5414 1335 5471 raucos
1349 5414 1439 5471 oblita
1453 5416 1520 5472 drus
1536 5412 1723 5483 concesium
1738 5412 1862 5479 estruem,
1883 5408 2024 5469 inducero

387 5512 442 5569 quo
461 5506 560 5566 eorpus
583 5492 735 5551 Sdlvatoris
758 5494 956 5562 insoitcbator,
972 5496 1045 5566 quod
1069 5512 1104 5552 ex
1122 5496 1178 5552 lirto
1227 5504 1366 5562 comitum
1380 5504 1531 5577 doposiimn
1546 5512 1607 5563 osso
1620 5507 1655 5563 on
1676 5518 1767 5571 omno,
1785 5510 1835 5575 pio·
1845 5504 1954 5560 nonnos
1974 5518 2022 5575 no.

386 5604 455 5663 pum
472 5596 578 5645 tortum
598 5598 659 5646 esse
671 5588 867 5654 debet,ctndn
881 5588 1179 5661 exsericocclpntpu·
1228 5592 1298 5665 pulis
1324 5600 1351 5650 et
1369 5596 1539 5653 erricllirum.
1555 5586 1839 5653 Elecatiosacerdotis
1862 5600 1892 5652 et
1915 5593 2024 5651 diaconi

387 5696 430 5748 rs,
450 5688 540 5752 nequo
552 5692 587 5737 ex
607 5679 809 5752 imminete,
836 5678 907 5735 stom
930 5694 944 5732 a
966 5676 1097 5733 Silvestre
1109 5686 1178 5749 iata
1228 5685 1350 5754 corporis
1370 5693 1398 5740 et
1422 5685 1697 5757 sanguiniscbrtsri,
1714 5684 1971 5755 curationemque
1990 5682 2025 5739 ad

388 5775 541 5829 institutum
555 5771 792 5841 invenimusque
807 5770 834 5824 in
846 5766 994 5839 Evangelio
1008 5767 1107 5840 legitor
1119 5769 1177 5824 sin·
1227 5788 1336 5830 erucem
1364 5775 1481 5831 insinuat
1501 5791 1550 5847 pro
1563 5778 1648 5833 totius
1675 5776 1768 5832 rnundi
1787 5774 1886 5831 sainte.
1914 5770 2024 5829 Patmos

389 5863 459 5919 done
469 5862 568 5920 munda
584 5863 732 5920 involutum
745 5872 838 5928 ossea
851 5858 951 5930 loseph
967 5864 1066 5930 corpus
1080 5856 1177 5915 Salva·
1228 5874 1356 5922 extensus
1375 5882 1456 5937 snper
1476 5866 1571 5933 altare,
1587 5868 1686 5937 coeptis
1703 5864 1810 5922 bomini
1824 5870 1958 5922 monstrat
1974 5878 2022 5917 er·
2043 5868 2047 5881 ·

391 5951 468 6018 toris,
493 5962 521 6007 ot
542 5952 679 6008 sudarium
694 5950 799 6022 ’capitis
826 5947 884 6019 eius
906 5954 967 6017 post
998 5952 1178 6007 resurrectio·
1230 5966 1334 6013 tensum
1362 5959 1389 6013 in
1417 5973 1508 6026 cruce,
1534 5966 1561 6012 ct
1580 5972 1661 6029 super
1689 5972 1723 6014 eo
1746 5964 1846 6027 corpus
1866 5962 1895 6011 et
1912 5950 2021 6024 stupis
