4509 6850
335 655 404 712 raua
560 633 567 640 ’
812 652 989 721 cortanna.
1010 655 1044 710 ru
1064 655 1283 714 nrtrruauu.
1303 688 1338 702 .-
1356 658 1421 715 uro.
1442 660 1485 716 n.
1898 668 1965 727 rost

334 770 403 837 dari,
419 769 504 824 do'ncc
516 776 619 823 reurret
632 766 698 823 hora
713 767 780 839 ejas,
796 783 934 838 nunquam
948 783 1014 823 nero
1029 767 1120 822 divino
1135 772 1158 831 h
1174 768 1237 837 daria
1261 768 1295 823 ad
1316 769 1532 841 conjungendam
1558 772 1609 828 sibi
1633 773 1781 830 Ecclesiam
1797 775 1966 845 irrrarnatus,

334 873 427 913 amore
440 867 552 929 potuere
564 856 694 912 cohiberi.
709 856 802 911 librali
827 871 894 911 sanc
909 855 1046 910 intellectu
1064 855 1122 910 eui·
1175 858 1246 911 Dens
1257 859 1290 911 de
1301 857 1456 929 incorrupto
1467 868 1545 917 utero
1557 862 1670 933 virginis
1684 864 1780 919 crivit.

320 943 388 1018 'que
406 947 523 1002 fidelium
542 962 604 1002 curn
620 948 778 1018 mysterium
806 947 944 1016 baptismi,
958 946 1028 1016 quod
1043 960 1124 1001 eaer-
1148 953 1150 956 ’
1210 948 1242 1002 Et
1256 950 1326 1004 misit
1336 966 1423 1005 seruos
1435 969 1497 1007 antee
1516 971 1607 1009 nocere
1623 957 1746 1011 inuitatos
1758 957 1793 1009 ad
1809 959 1924 1026 nuptias,
1944 967 1969 1013 et

333 1047 393 1094 cont
403 1039 539 1107 operando
551 1037 738 1101 committitur,
750 1037 828 1106 quasi
840 1037 1008 1106 virroaquam
1017 1035 1124 1091 excolat
1174 1037 1292 1094 uolebant
1303 1042 1399 1097 uenire.
1416 1041 1514 1097 lterum
1524 1047 1594 1100 misit
1608 1045 1673 1099 ulios
1687 1064 1775 1101 ceruos
1785 1048 1896 1102 diceus:
1920 1048 1969 1101 Di·

333 1125 447 1180 locatur.
460 1125 574 1181 Mittitur
586 1139 681 1180 seruus
695 1140 765 1179 unus
777 1124 845 1179 alter
859 1132 887 1181 ct
901 1124 1008 1189 tertius,
1029 1124 1074 1193 qui
1090 1124 1124 1179 de
1174 1131 1223 1184 cite
1236 1130 1372 1187 inuitatis:
1394 1133 1462 1187 Ecce
1472 1135 1614 1204 prandium
1625 1152 1710 1190 arreum
1720 1139 1822 1205 paraui,
1837 1138 1908 1191 tauri
1919 1138 1970 1191 mei

332 1218 421 1271 fructu
450 1217 594 1287 accipiant,
620 1232 680 1272 cum
709 1216 762 1283 lca,
787 1216 946 1286 psalmodia,
970 1215 1123 1287 prophetia,
1173 1222 1643 1295 etultiliuoeciso,etounriopurutu
1660 1240 1742 1281 suut:
1761 1229 1843 1281 uenite
1862 1228 1897 1281 ad
1914 1243 1965 1282 nn-

332 1322 445 1376 quarum
461 1306 671 1362 admonitionem
695 1306 765 1362 bene
780 1307 885 1377 anemio
903 1315 1042 1375 sinuatur,
1058 1306 1123 1377 ¹⁰35·
1173 1316 1252 1385 ptius.
1278 1314 1351 1370 Misit
1373 1331 1438 1387 ergo
1467 1331 1560 1372 servos
1577 1332 1652 1381 suos,
1681 1325 1711 1371 ut
1734 1318 1766 1372 ad
1783 1318 1848 1372 istas
1863 1304 1978 1389 nuptias

331 1406 386 1452 tur.
400 1395 453 1451 Sed
466 1396 565 1451 missus
576 1397 850 1452 serruscontnmeliis
861 1396 1024 1452 allectusrel
1035 1411 1123 1452 casus
1174 1408 1276 1461 amicos
1290 1407 1446 1461 invitarent.
1471 1406 1543 1462 Misit
1567 1410 1662 1472 semei,
1680 1409 1753 1462 misit
1778 1409 1888 1475 iturine,
1904 1410 1969 1477 qnia

331 1485 448 1555 adicitur,
460 1502 521 1541 cum
535 1501 624 1541 sermo
636 1486 678 1541 vel
688 1488 880 1554 contemnitur,
894 1487 947 1553 rel,
962 1487 1033 1557 quod
1045 1486 1122 1558 pejus
1174 1493 1367 1550 incarnationis
1384 1495 1531 1551 Durninicm
1545 1498 1749 1567 praedicatores,
1773 1506 1801 1552 et
1815 1499 1891 1567 prius
1904 1513 1969 1568 pre-

330 1586 383 1641 est,
398 1579 481 1633 etiarn
492 1578 694 1649 blasphematur
710 1598 717 1633 ε
733 1580 845 1635 missum
857 1580 967 1651 insuper
985 1581 1121 1636 haeredem
1172 1586 1280 1655 phetas,
1295 1593 1323 1641 et
1347 1588 1519 1655 postmodum
1544 1589 1681 1657 apostolos
1696 1589 1771 1644 lensii.
1797 1589 1852 1645 iios
1877 1591 1969 1659 imque

330 1679 461 1737 quantum
476 1668 502 1722 in
518 1684 547 1723 se
560 1677 603 1724 cst
616 1669 725 1736 occidit,
737 1671 784 1739 qni
799 1679 827 1726 et
839 1670 936 1725 Filium
952 1671 999 1726 lici
1012 1670 1122 1726 concul-
1162 1684 1266 1731 ‘scrvos
1279 1676 1313 1732 ad
1323 1677 1492 1732 imitandum
1505 1679 1589 1743 misit,
1603 1680 1666 1747 quia
1679 1680 1895 1735 incarnationem
1909 1681 1969 1735 uni·

330 1758 442 1826 caverit,
457 1765 485 1813 et
495 1758 607 1829 Spiritui
622 1761 727 1832 gratiae,
739 1777 794 1831 qno
808 1762 994 1817 sanctificatus
1004 1770 1046 1817 est
1060 1777 1122 1817 cou-
1173 1766 1266 1835 geniti,
1279 1774 1305 1821 et
1319 1782 1369 1837 per
1389 1770 1535 1839 prophotas
1549 1769 1619 1824 dixit
1641 1770 1769 1833 suturam,
1783 1783 1811 1825 et
1831 1787 1879 1841 per
1903 1787 1969 1840 apo·

290 1883 293 1888 ι
331 1848 468 1903 turneham
483 1849 588 1904 lecerit.
601 1848 709 1905 Perdite
721 1850 791 1905 malo
806 1852 911 1906 cultore
923 1852 1001 1906 vinea
1013 1852 1121 1907 dabitur
1172 1851 1257 1913 stolos'
1266 1858 1400 1912 nuntiavit
1415 1858 1524 1915 iactam.
1549 1858 1602 1915 Scd
1614 1860 1677 1929 quia
1692 1862 1732 1927 hi,
1745 1862 1791 1930 qni
1806 1862 1883 1932 prius
1897 1853 1966 1917 inuiss

330 1938 417 2001 nimai,
441 1955 502 1994 cum
530 1941 600 1995 dono
622 1942 726 2012 gratim,
754 1942 825 2010 qnod
854 1943 986 2011 superbas
1008 1943 1119 2012 sprevit,
1173 1949 1223 2005 tati
1237 1958 1309 2017 sunt,
1322 1951 1355 2005 ad
1370 1951 1526 2022 nuptiarum
1540 1951 1798 2009 conrivinmrenire
1812 1951 1965 2020 noluerunt,

330 2030 440 2086 lrnmilis
454 2032 568 2102 quisque
580 2033 721 2088 ditabitur.
735 2033 789 2089 Sed
802 2036 892 2090 ethoc
903 2036 973 2105 qnod
984 2036 1121 2106 principes
1172 2041 1200 2096 in
1214 2042 1332 2098 secunda
1347 2042 1508 2099 inritatione
1519 2041 1576 2111 jam
1591 2043 1690 2098 dicitur
1707 2060 1713 2096 ι
1737 2042 1805 2096 Ecce
1825 2044 1966 2113 prandium

329 2125 509 2188 sacerdotum,
521 2126 617 2180 scribae
628 2140 661 2180 nc
675 2126 797 2181 seniores
808 2141 919 2183 manum
933 2129 1040 2194 mittere
1051 2141 1121 2196 quae-
1134 2120 1158 2180 B
1172 2149 1257 2187 meum
1270 2134 1371 2203 parad,
1381 2135 1451 2187 iurari
1463 2135 1513 2187 mei
1524 2143 1548 2186 et
1559 2131 1646 2187 altilia
1666 2135 1752 2187 occire
1763 2142 1822 2187 suin
1841 2143 1865 2187 et
1878 2133 1967 2188 anruiu

329 2222 421 2269 rentes
443 2216 471 2270 in
493 2213 584 2270 lesum
601 2216 697 2271 timore
714 2216 800 2271 turbae
822 2218 984 2283 retineatur,
999 2216 1122 2287 quotidie
1171 2233 1275 2292 parata.
1291 2222 1359 2290 Quid
1370 2223 1398 2278 in
1413 2223 1500 2278 tauris
1513 2223 1555 2278 rel
1569 2223 1700 2290 altilibus,
1717 2223 1767 2278 nisi
1785 2222 1850 2278 Novi
1868 2238 1900 2278 ac
1914 2221 1966 2279 Ve-

328 2306 433 2375 geritur
445 2306 472 2360 in
485 2306 605 2362 Ecclesia
622 2323 684 2363 cum
698 2308 811 2378 quilibet
826 2307 883 2364 solo
897 2307 1049 2363 denomino
1062 2306 1134 2374 lrar
1171 2315 1237 2372 teris
1263 2313 1428 2369 Testamenti
1455 2321 1548 2383 patres
1580 2312 1750 2383 accipimus?
1774 2312 1866 2367 hitiiia
1892 2312 1964 2367 enim

329 2407 370 2452 tcr
383 2413 443 2453 eam
453 2413 533 2468 qnam
553 2414 606 2454 uon
620 2400 706 2468 diligit
715 2400 907 2456 ecclesiastica
919 2400 981 2455 iidei
1002 2415 1035 2455 ae
1045 2398 1121 2469 pacis
1170 2412 1291 2477 sagmata
1306 2404 1420 2459 dicimus
1435 2420 1441 2457 :
1457 2403 1490 2458 ab
1503 2416 1535 2458 oo
1548 2403 1620 2457 enim
1634 2404 1758 2471 qnodest
1773 2403 1856 2467 alere,
1869 2401 1966 2467 altilia,

328 2491 460 2546 unitatem
478 2500 588 2561 propter
609 2494 822 2550 cohabitantium
850 2494 966 2550 fratrum
987 2494 1119 2550 bonorum
1170 2497 1248 2568 qnasi
1272 2495 1366 2549 alitilia
1385 2509 1524 2549 vocamus.
1542 2493 1609 2549 Cum
1623 2499 1688 2550 nero
1713 2494 1741 2548 in
1758 2494 1817 2565 lege
1831 2495 1962 2565 scriptum

327 2581 526 2637 multitudinem
542 2591 589 2638 aut
611 2584 760 2650 erubescit,
787 2594 834 2639 aut
849 2585 927 2639 timet
948 2584 1119 2655 impugnare.
1169 2586 1215 2653 sit,
1228 2584 1325 2655 Diliges
1339 2583 1454 2638 anticum
1475 2592 1558 2648 tunna,
1573 2591 1597 2636 et
1625 2582 1685 2636 odio
1710 2582 1815 2636 dulciis
1830 2583 1965 2637 iniuneurn

327 2673 379 2740 Qui
407 2682 497 2727 tamen
526 2674 598 2731 sicin
621 2674 655 2729 dc
678 2674 837 2730 stultissima
852 2674 943 2728 arium
968 2673 1120 2729 struthione
1169 2685 1243 2731 tunm
1255 2675 1363 2749 (Metti.
1375 2673 1420 2745 u);
1437 2682 1548 2744 accepta
1569 2681 1633 2729 tnnc
1646 2672 1729 2742 justis
1743 2673 1851 2728 licenda
1865 2673 1963 2738 luerat,

251 2794 254 2797 >
326 2764 457 2821 Dominus
475 2765 531 2820 ait:
544 2765 610 2820 Cum
624 2766 854 2837 tempurlueritin
867 2764 951 2820 altam
967 2766 1024 2819 atus
1042 2764 1119 2834 erigit
1169 2777 1200 2825 nt
1217 2768 1264 2824 liei
1285 2783 1402 2838 suosque
1422 2768 1593 2824 adversarios
1610 2778 1713 2838 quanta
1740 2775 1850 2838 possent
1864 2769 1964 2826 uirtute

327 2852 388 2925 (lob
417 2855 511 2927 xxxix)
537 2873 544 2909 :
570 2856 632 2925 quia
656 2856 842 2926 pcrsequcudo
865 2856 1015 2913 Ecclesiam
1041 2855 1118 2927 quasi
1170 2859 1391 2929 comprimerent,
1416 2857 1590 2928 eosqnejurc
1605 2858 1686 2929 gladii
1703 2857 1826 2915 lenirent.
1842 2859 1919 2927 Quod
1934 2859 1961 2913 in

327 2945 470 3002 Dominum
484 2947 559 3003 cruci
579 2946 713 3013 addicere,
734 2955 762 3002 et
775 2948 893 3005 ostentui
913 2947 1042 3021 gaudebit
1066 2948 1118 3004 ba·
1169 2949 1244 3006 Novo
1261 2950 1355 3021 procul
1380 2949 1461 3006 dubie
1483 2950 1660 3005 Testamenta
1682 2950 1875 3021 oompcscitur‚
1900 2964 1963 3005 curu

325 3038 401 3095 bere.
1168 3059 1218 3115 per
1235 3042 1407 3112 semetipsam
1420 3040 1528 3097 Veritas
1544 3042 1685 3112 praedicat,
1704 3042 1796 3096 dicens
1822 3059 1828 3095 :
1855 3040 1963 3111 Diligite

613 3126 727 3185 CAPUT
746 3128 828 3184 xxti.
1168 3136 1288 3192 inimicae
1308 3144 1415 3199 neutros,
1440 3143 1464 3189 et
1486 3134 1627 3203 lcrrelucite
1650 3134 1690 3188 hir
1710 3134 1754 3204 qui
1777 3133 1886 3187 oderunt
1919 3148 1963 3188 nos

324 3240 601 3324 llelromineregeqni
616 3240 675 3311 feeit
695 3243 816 3312 nuptias:
830 3241 862 3296 de
886 3258 964 3296 censu
984 3240 1117 3309 Carmeia,⁸
1170 3226 1276 3301 (mlii
1298 3226 1368 3293 Quid
1392 3240 1457 3296 01'80
1479 3241 1527 3295 per
1552 3232 1645 3280 li¹¹¹l⁰⁸
1672 3224 1724 3279 ⁰¹⁵1
1748 3231 1839 3295 patres
1852 3223 1960 3325 Yeielss

359 3312 392 3366 de
406 3312 516 3366 muliere
525 3329 570 3384 qur
580 3320 675 3383 septem
691 3313 786 3383 {ratres
800 3312 910 3378 liubnit;
924 3322 948 3367 ct
959 3311 1035 3382 eujus
1044 3312 1117 3381 filine
1169 3316 1336 3374 Testamenti
1352 3315 1549 3386 significantur.
1570 3313 1638 3368 Nam
1652 3314 1714 3369 dum
1739 3328 1771 3369 cu
1784 3326 1962 3384 pcrnnssrone

340 3382 393 3437 '⁸¹⁵¹
410 3380 540 3437 cmm·
1167 3409 1235 3481 legis
1258 3413 1436 3479 acceperant;
1464 3414 1598 3477 qnatenus
1623 3405 1794 3461 adversaries
1819 3420 1883 3459 snos
1906 3404 1962 3460 odii
2003 3445 2014 3455 .

360 3495 395 3550 Et
407 3497 563 3566 respondens
573 3498 662 3565 lenus,
678 3500 745 3555 utun
758 3500 852 3556 lterum
872 3502 900 3556 in
918 3500 1050 3578 parabolis
1064 3501 1113 3566 eie,
1128 3502 1152 3566 C
1168 3499 1347 3556 retributione
1366 3503 1549 3567 percuterent,
1564 3503 1594 3550 ut
1614 3496 1652 3550 ita
1672 3495 1771 3558 dicam,
1795 3494 1861 3564 qnid
1887 3492 1961 3548 aliud

324 3589 434 3644 duent:
454 3587 547 3644 Simile
561 3590 659 3660 {aetum
677 3602 714 3647 est
736 3610 844 3664 regnum
868 3592 992 3648 celorum
1014 3589 1113 3647 horaini
1165 3604 1246 3661 quam
1262 3589 1331 3644 tauri
1347 3595 1434 3651 erant,
1450 3588 1495 3657 qui
1520 3586 1646 3642 inimices
1665 3600 1729 3641 snos
1743 3585 1853 3641 rirtntis
1867 3599 1963 3655 corpo-

324 3679 388 3748 regd
403 3680 448 3748 qui
460 3679 519 3748 [ecit
530 3682 634 3751 nuptiae
642 3682 698 3751 filio
711 3699 769 3736 suo.
780 3681 824 3754 [h]
836 3681 971 3754 (Hieron.)
984 3681 1114 3737 Pharisaei
1165 3696 1220 3737 rear
1231 3695 1315 3736 corun
1327 3679 1484 3734 feriebant?
1497 3677 1568 3746 Quid
1582 3692 1646 3733 rere
1661 3675 1813 3747 perendie,
1828 3677 1879 3732 nisi
1893 3674 1960 3730 Nori

323 3770 503 3842 intelligentes
530 3772 563 3827 de
585 3788 615 3828 so
636 3773 689 3828 dici
712 3772 866 3844 parabolas,
881 3773 1039 3843 quaerebant
1051 3788 1114 3829 eam
1166 3771 1333 3828 Testamenti
1345 3770 1441 3829 Patres
1456 3770 1615 3841 ligurantur.
1632 3768 1684 3837 Qui
1695 3770 1758 3824 dum
1775 3768 1888 3839 gratiam
1902 3769 1962 3838 pin·

323 3869 417 3916 tenere
426 3871 453 3916 et
462 3862 595 3917 occidere.
607 3863 682 3918 lianc
695 3878 788 3918 corum
799 3863 888 3918 sciens
898 3862 1065 3918 voluntatem
1075 3862 1116 3918 nl·
1165 3863 1288 3937 guedinis
1298 3862 1412 3918 intemae
1421 3862 1585 3933 percipiunt,
1597 3861 1706 3917 aeternis
1720 3861 1865 3917 desideriis
1888 3859 1958 3914 inni-

323 3949 469 4004 hilorninns
481 3952 570 4022 arguit
587 3962 754 4022 peccateres.
778 3953 941 4023 Plerumque
964 3954 992 4009 in
1019 3961 1114 4010 sancto
1165 3961 1264 4019 tentes,
1278 3953 1313 4008 ad
1330 3952 1446 4008 sublima
1459 3952 1694 4023 contemplationis
1705 3966 1760 4006 suar
1771 3967 1859 4020 penna
1871 3951 1960 4008 suble·
1987 3958 1993 3973 '

322 4037 588 4111 Evangeliorcgnum
602 4042 732 4098 coelorum
752 4058 873 4113 praesens
888 4044 1008 4098 Ecclesia
1024 4044 1114 4099 nomi·
1165 4051 1274 4097 rantur.

323 4143 414 4189 natur.
424 4120 603 4207 Congregatio
610 4136 708 4206 quippe
719 4137 853 4206 justornm
864 4135 1113 4207 regnnmcoelnrum
1200 4128 1246 4184 llll
1269 4140 1356 4184 utilem
1370 4128 1549 4200 neglexerunt,
1561 4139 1585 4185 el
1600 4131 1720 4185 adierunt
1743 4131 1813 4186 alini
1830 4133 1857 4186 in
1870 4132 1958 4187 uillam

323 4224 516 4295 diciturzquia
529 4225 600 4280 enim
622 4242 672 4297 per
693 4227 854 4296 prophetam
878 4225 1009 4283 Dominus
1022 4226 1111 4282 dicit:
1164 4238 1252 4287 suurn,
1274 4221 1342 4275 alins
1365 4237 1425 4276 uere
1448 4222 1483 4276 ad
1498 4223 1697 4292 negotiationem
1718 4243 1804 4281 annm.
1822 4227 1850 4285 ln
1866 4228 1956 4285 villam

323 4315 423 4371 calum
435 4318 499 4371 initii
513 4317 585 4372 sedes
599 4328 649 4384 est,
672 4327 743 4374 terra
756 4328 844 4373 autem
863 4317 1004 4373 scutellum
1017 4318 1112 4389 pedum
1157 4313 1263 4384 quippe
1276 4313 1316 4366 ire
1327 4321 1369 4367 est
1379 4311 1464 4368 labori
1477 4320 1585 4370 terreno
1597 4314 1775 4373 immoderate
1789 4318 1957 4375 incumbere.

321 4429 439 4468 arearum
452 4412 519 4486 (lan.
533 4413 617 4482 axvi).
636 4412 671 4468 Et
681 4411 809 4469 Salomon
830 4413 868 4468 ait
893 4427 901 4467 τ
926 4412 1022 4466 Anima
1043 4413 1113 4482 juin
1163 4402 1194 4458 ln
1218 4402 1427 4473 negotiationem
1438 4418 1502 4459 rere
1518 4403 1566 4468 ire,
1583 4412 1625 4459 est
1638 4406 1775 4462 actionum
1785 4408 1956 4464 secularium

321 4502 395 4556 redes
408 4502 553 4572 sapientie.
565 4500 634 4556 llum
645 4500 850 4558 coelumdicitur
859 4502 937 4557 sedes
944 4501 1112 4568 bohemiam
1164 4494 1246 4551 lucris
1258 4493 1373 4550 inhiare.
1386 4492 1454 4560 Quia
1469 4496 1541 4550 essim
1556 4497 1626 4553 illus
1640 4497 1762 4554 intentus
1785 4500 1872 4556 labori
1897 4511 1954 4556 ter-

323 4606 390 4662 crgo
399 4600 443 4646 est
455 4591 545 4646 anima
557 4588 633 4658 justi.
648 4590 717 4645 Huic
727 4605 777 4661 per
788 4590 957 4662 psalmistam
968 4591 1000 4647 de
1010 4591 1112 4647 sanctis
1164 4598 1242 4650 reue,
1268 4582 1338 4638 alius
1361 4599 1426 4639 acro
1452 4586 1546 4641 mundi
1570 4585 1651 4657 hujus
1673 4590 1825 4647 actionibus
1849 4591 1956 4648 deditus

321 4682 545 4753 predicatoribus
558 4681 656 4737 dicitnr
676 4699 683 4735 :
705 4680 770 4736 Coeli
788 4691 913 4736 enarrant
925 4680 1037 4752 gloriam
1061 4682 1112 4737 Dei
1163 4672 1812 4749 mysteriumiucarnationisDominicaepensarc‚
1823 4688 1957 4736 etsccun·

321 4773 408 4843 (Pani.
425 4773 514 4844 surra).
530 4772 653 4842 Regnum
665 4787 730 4843 ergo
744 4771 876 4828 coelornm
888 4781 930 4828 est
941 4774 1055 4830 ecclesia
1067 4773 1112 4844 ju·
1162 4767 1228 4822 dum
1242 4763 1308 4819 illud
1322 4765 1414 4820 virere
1429 4765 1591 4834 dissimulat,
1605 4770 1683 4839 quasi
1696 4770 1730 4825 ad
1743 4770 1833 4829 villam
1846 4772 1887 4825 rel
1908 4786 1956 4827 ne·

320 4874 435 4920 storum.
457 4864 526 4931 Quia
540 4863 605 4919 dum
619 4878 713 4919 conam
729 4863 809 4918 corda
832 4863 859 4918 in
875 4871 948 4919 terra
968 4863 1036 4919 nihil
1050 4880 1109 4920 am·
1122 4847 1150 4907 D
1163 4857 1265 4929 gotium
1279 4870 1393 4926 pergens
1403 4855 1496 4912 uenire
1509 4858 1544 4912 ad
1569 4860 1641 4932 regis
1665 4862 1773 4932 nuptias
1787 4872 1905 4930 recusat,
1930 4872 1958 4919 ot

320 4958 409 5021 hinni,
420 4971 469 5026 per
484 4956 536 5010 hoc
549 4954 621 5024 quod
634 4954 667 5008 ad
679 4969 796 5024 superna
809 4954 1015 5026 suspirantium
1031 4956 1058 5011 in
1071 4957 1111 5013 eis
1161 4951 1321 5022 plerumque
1334 4947 1468 5021 (duodesl
1481 4950 1601 5023 gravius)
1615 4953 1736 5007 nottmdli
1757 4955 1879 5010 vocantis
1891 4971 1955 5027 gra·

321 5047 460 5110 honrinus,
477 5046 553 5116 quasi
567 5046 594 5100 in
607 5044 763 5100 caelestibus
776 5053 881 5116 regnat.
896 5046 1008 5101 Dicatur
1024 5060 1110 5118 crgo:
1162 5041 1228 5096 liam
1240 5057 1293 5096 ¹10ss
1307 5041 1394 5096 mlum
1409 5048 1549 5111 respuunt.
1564 5042 1613 5097 sed
1635 5044 1718 5099 etiam
1743 5054 1953 5117 persequuntur.

306 5186 309 5191 .
321 5137 412 5192 Sinnin
422 5147 459 5192 cet
473 5152 580 5206 regnum
594 5134 717 5190 colorum
730 5124 829 5190 homini
842 5137 905 5206 regi,
920 5138 966 5207 qui
978 5136 1038 5206 fecit
1061 5154 1111 5191 nu·
1165 5130 1240 5187 Unde
1251 5138 1278 5186 et
1292 5131 1416 5186 subditur
1436 5146 1443 5186 ι

319 5231 388 5298 ptiar
411 5227 468 5298 filio
491 5243 550 5282 siro.
576 5226 642 5292 Quis
656 5231 698 5281 cst
724 5240 782 5292 rex,
797 5226 870 5295 regis
888 5225 936 5282 iiii
950 5228 1048 5298 pater?
1066 5226 1110 5283 ille
1201 5224 1302 5296 Reliqui
1319 5241 1378 5278 uero
1403 5235 1540 5281 tenuerunt
1563 5243 1650 5283 seruos
1674 5228 1741 5298 ejus,
1760 5238 1783 5283 et
1799 5229 1957 5284 contumelia

320 5321 449 5376 nimirum
468 5321 511 5377 cui
534 5337 583 5391 per
603 5319 776 5375 Psalmistam
798 5320 837 5374 ait
850 5338 857 5374 :
872 5320 955 5386 Deua,
976 5320 1111 5391 judicium
1163 5316 1270 5387 effectos
1292 5314 1452 5369 oeciderunt.
1473 5315 1633 5372 Rementem
1656 5335 1715 5372 cum
1734 5318 1849 5372 erudisset
1870 5320 1956 5373 iratus

320 5423 395 5467 tuum
407 5413 460 5482 regi
474 5411 520 5477 do,
532 5421 557 5464 et
567 5411 697 5478 iustitiam
711 5419 784 5464 trium
804 5410 860 5479 filio
881 5411 958 5481 regia,
982 5412 1028 5481 qui
1050 5410 1112 5483 fecit
1163 5417 1212 5474 eu,
1226 5415 1249 5462 et
1262 5406 1349 5460 missia
1360 5405 1514 5461 exercitibus
1528 5408 1583 5462 auis
1593 5408 1707 5478 perdidit
1726 5407 1872 5461 lrornicidna
1885 5406 1955 5472 illua,

320 5503 425 5574 nuptias
437 5502 493 5572 (ilio
505 5520 553 5557 μω
564 5501 650 5574 (Paul,
669 5502 754 5574 uxi).
771 5500 800 5557 in
816 5502 867 5558 hoc
881 5501 961 5558 Pater
974 5501 1032 5572 regi
1042 5500 1112 5558 Filio
1163 5504 1187 5550 ct
1203 5496 1330 5550 ciuitatem
1341 5492 1447 5548 illornnr
1460 5495 1604 5549 succendit.
1622 5493 1738 5567 (Chrys.)
1755 5493 1812 5549 lloc
1833 5503 1884 5560 est,
1900 5495 1956 5549 lio-

320 5596 429 5664 nnptias
451 5593 594 5664 iecit,quo
616 5593 641 5648 ei
667 5608 717 5664 pcr
742 5593 937 5649 incarnationis
951 5592 1112 5664 mysterium
1164 5598 1260 5639 manos
1282 5582 1332 5638 sub
1357 5584 1425 5640 duce
1447 5584 1613 5654 Vespasiano
1637 5593 1664 5640 et
1687 5585 1761 5650 Tito,
1787 5585 1833 5655 qud
1858 5586 1956 5642 occisis

319 5694 443 5741 sanctam
455 5683 607 5740 Ecclesiam
632 5683 755 5739 sociarit.
780 5682 984 5739 Uterusautem
997 5683 1112 5754 uirginis
1162 5673 1262 5732 1⁰11aeOE
1291 5676 1397 5747 impulit
1420 5678 1664 5748 prevaricatricem
1691 5683 1888 5738 succenderent
1917 5684 1957 5739 ci·

320 5779 459 5851 genitricis
468 5778 548 5849 hujus
559 5777 648 5847 sponsi
662 5775 796 5832 thalamus
807 5773 875 5830 init:
889 5773 1111 5845 Uadcpsaimista
1162 5771 1285 5826 nitatem.
1301 5768 1403 5844 (Greg.)
1423 5769 1487 5826 Sive
1499 5770 1588 5836 aliter,
1603 5773 1753 5830 homicidas
1767 5775 1892 5846 perdidit,
1908 5778 1956 5847 qui

318 5872 386 5928 dicit
401 5889 407 5926 :
420 5871 453 5926 lu
465 5869 520 5925 sole
537 5869 623 5939 posuit
641 5865 838 5922 trabernaculum
851 5882 938 5930 inum,
950 5875 973 5919 et
989 5865 1043 5936 ipre
1052 5874 1112 5920 tun·
1162 5871 1357 5933 persequentes
1368 5862 1531 5929 interventu
1542 5863 1680 5921 ciuitatem
1698 5866 1806 5923 illorum
1817 5868 1958 5923 succendit

320 5979 398 6029 quam
407 5979 516 6033 sponaua
526 5959 667 6032 procedens
677 5959 709 6013 de
723 5957 839 6013 tlmlurno
851 5974 898 6012 auo
912 5956 1000 6032 (Paul.
1021 5956 1109 6031 narn).
1163 5954 1229 6027 igni,
1241 5955 1305 6025 quia
1314 5954 1421 6011 illorum
1434 5970 1488 6011 nou
1501 5955 1588 6012 solnm
1599 5957 1706 6024 animae,
1718 5960 1766 6015 scd
1775 5974 1839 6014 caro
1850 5974 1957 6030 qtruque

322 6052 460 6124 Tanquam
473 6068 588 6124 sponsus
604 6052 701 6124 quippe
716 6051 749 6108 du
763 6049 881 6107 thalamo
897 6065 946 6106 suo
967 6051 1108 6123 processit,
1163 6045 1190 6101 in
1205 6059 1257 6116 qrra
1278 6044 1467 6102 habitaverant
1480 6055 1589 6104 aterna
1609 6048 1739 6120 gehennae
1764 6047 1873 6107 dumata
1892 6065 1955 6108 cru-
