4509 6850
304 613 358 670 lits
645 613 673 668 B.
695 616 818 670 hebith'l
841 617 948 672 bilbili
968 616 1128 673 audititi).
1150 617 1304 675 bibetur.
1324 620 1467 678 orendil
1484 621 1609 680 phtisi.

305 735 383 801 patre
397 741 447 783 suo
460 726 550 781 Aaron
564 742 688 797 egressus
701 736 744 781 est
767 727 801 780 ab
823 726 949 798 AEgypio.
968 726 1091 781 Allaath
1106 730 1130 790 Α
1144 728 1292 801 deinceps:
1306 731 1375 787 Ecce
1400 734 1436 786 cit
1460 733 1600 803 concepisti
1617 742 1640 786 et
1662 735 1750 803 paries
1763 735 1810 806 filii

306 832 392 886 usque
417 816 451 872 ad
468 816 582 871 Eleazar
600 825 791 884 computantur
814 817 1002 887 generationes
1029 833 1095 888 qua·
1145 820 1265 891 rotisque
1288 839 1382 876 nomen
1400 823 1457 893 ejus
1472 820 1571 876 lamuel
1581 863 1589 886 ,
1607 839 1637 877 eo
1654 823 1726 893 qood
1745 827 1810 882 cirili

308 918 379 972 tuor,
394 908 457 963 lieet
471 906 580 977 quidam
594 905 678 959 vcli'nt
696 905 730 959 ab
744 905 854 962 Amraiu
868 906 1001 975 incipere,
1015 915 1044 962 et
1060 907 1094 961 ad
1145 911 1231 965 miuus
1244 912 1408 983 afflictionem
1418 923 1501 967 ruam.
1515 910 1566 966 llic
1578 914 1628 966 erit
1642 912 1714 984 [erni
1729 914 1808 972 horse

305 998 440 1061 i'liinees,
458 1006 489 1051 ut
503 1012 553 1051 nos
566 997 593 1050 iu
609 995 721 1050 l'leazar
734 994 869 1062 fecimus,
885 996 1039 1067 pervenire.
1065 996 1094 1052 Si
1144 1002 1202 1072 ejus
1220 1012 1312 1057 comis
1332 1020 1430 1069 omnes,
1448 1012 1472 1059 et
1489 1021 1583 1059 manns
1601 1006 1719 1059 omnium
1745 1015 1810 1064 cont

306 1105 371 1144 vero
388 1089 505 1145 volueii‘s
532 1088 634 1157 dispari
659 1102 772 1142 numero
795 1088 938 1143 ostendere
962 1088 1095 1157 quomodo
1143 1101 1168 1147 ct
1181 1108 1197 1147 e
1208 1093 1311 1163 repionc
1329 1095 1508 1148 uniuersorum
1525 1096 1638 1163 prairnm
1652 1097 1810 1171 scoruniflp

305 1180 454 1237 secundum
469 1179 591 1234 Exodum
605 1178 698 1248 quinta
713 1179 887 1249 generatione
908 1179 1010 1250 egressi
1032 1187 1097 1237 sunt
1145 1182 1250 1238 nucula.
1264 1182 1322 1237 illia
1337 1183 1418 1238 editio
1433 1184 1470 1238 lta
1481 1183 1700 1240 liabet21licerir
1713 1187 1810 1244 restim

306 1269 354 1325 lilii
372 1267 455 1324 lsrael
474 1267 508 1322 dc
534 1274 606 1321 toria
632 1265 759 1338 AEgypti,
777 1266 864 1322 tribus
881 1267 929 1321 tibi
942 1265 1018 1322 dudm
1029 1268 1096 1323 ordo
1145 1287 1238 1326 monus
1253 1272 1310 1341 ejus
1331 1290 1410 1344 super
1428 1290 1529 1340 omnes,
1553 1285 1578 1330 et
1603 1292 1696 1331 monus
1717 1279 1809 1334 oiiiiiiii

306 1370 474 1417 numeretur.
503 1357 572 1413 iuda
594 1358 687 1428 genuit
723 1357 845 1423 Pbarcs,
876 1356 980 1419 Pheres
1005 1359 1096 1428 genuit
1144 1376 1213 1425 eiiiii,
1228 1371 1252 1415 ei
1270 1373 1362 1417 contra
1377 1363 1470 1433 [aciem
1485 1366 1600 1420 omnium
1620 1367 1732 1436 fratrum
1756 1385 1810 1424 suo

306 1448 721 1519 Esron3Esronpeuuithram;
736 1446 1094 1518 hiamgenuithminadab3
1146 1452 1247 1507 iirciit.
1275 1452 1328 1510 Pro
1353 1456 1455 1511 mstico
1484 1456 1512 1511 in
1541 1456 1655 1513 llebrseo
1682 1458 1810 1531 scriptum

305 1541 561 1613 hminadabgenuit
574 1540 710 1606 lisasson3
727 1538 848 1595 Naasson
863 1539 955 1610 genuit
972 1537 1094 1598 Salmon.
1144 1543 1229 1612 phere
1245 1552 1321 1610 rim,
1349 1546 1419 1615 quod
1444 1546 1639 1616 interpretatur
1660 1564 1769 1618 cnaper.
1792 1547 1810 1608 S

305 1637 409 1694 Pharos
420 1650 481 1691 cnm
496 1641 573 1704 patre
582 1648 631 1689 suo
644 1631 712 1687 iuda
729 1632 866 1702 ingressus
878 1638 921 1687 est
937 1630 1094 1702 AEgyptum.
1147 1642 1236 1687 autern
1263 1648 1355 1692 semen
1369 1632 1428 1704 ejus
1441 1634 1626 1691 habitaturum
1639 1636 1667 1691 in
1680 1652 1773 1694 eremo
1786 1679 1796 1706 ,

306 1727 427 1782 llaassoii
439 1726 563 1795 princeps
576 1725 663 1780 tribus
679 1721 746 1779 iuda
761 1724 788 1779 in
803 1723 911 1779 deserto
923 1722 1095 1788 describitur,
1147 1720 1297 1777 Saracenos
1311 1738 1393 1793 vagos
1405 1723 1571 1795 incertisque
1584 1714 1709 1794 sedibus,
1725 1727 1773 1800 qui
1796 1743 1810 1784 ii

305 1817 382 1887 cujus
397 1817 468 1872 lilius
482 1816 592 1872 Salmim
613 1825 712 1871 terrani
726 1813 943 1886 repromissionis
958 1812 1093 1867 introivit.
1146 1819 1251 1883 gentes,
1264 1813 1363 1884 quibus
1375 1815 1510 1871 descitum
1523 1831 1554 1871 ei
1567 1815 1810 1891 laterejungiturb

305 1913 465 1983 Computaa
482 1912 586 1967 Pharos
610 1926 695 1980 usque
718 1910 752 1965 ad
773 1909 905 1974 Naasson,
928 1916 956 1964 et
974 1908 1096 1963 invenies
1146 1911 1206 1970 tes,
1225 1904 1417 1978 impugnantur
1441 1907 1476 1962 ah
1496 1908 1630 1964 omnihus.
1648 1908 1761 1981 Mystico
1784 1925 1810 1968 at

305 2003 493 2075 generationes
506 2003 625 2073 quinque
639 2043 647 2067 ,
663 1994 917 2065 tametsl'uonnulli,
930 2008 961 2055 ut
982 2000 1009 2054 in
1024 1999 1096 2055 tribu
1146 1993 1206 2049 dnae
1216 1996 1342 2053 uiulicrcs
1351 1997 1428 2053 Sarni
1442 1998 1567 2054 videlieet
1580 2007 1608 2055 et
1620 1999 1701 2071 Agar,
1710 1999 1764 2057 duo
1777 2007 1810 2060 iu

305 2094 370 2148 Levi
392 2094 582 2157 ostendimus,
606 2092 634 2148 in
647 2092 734 2148 Esroii
754 2092 860 2148 initium
876 2091 999 2158 iaciant,
1021 2100 1048 2147 et
1062 2091 1096 2147 ad
1109 2084 1134 2143 b
1145 2084 1223 2155 juxta
1237 2084 1359 2162 Apostoli
1376 2088 1627 2158 interpretationem
1653 2089 1810 2163 significant

305 2186 415 2241 Salmon
431 2199 515 2254 usque
527 2183 697 2252 perveniant.
964 2172 969 2183 '
1147 2175 1220 2248 hgar
1232 2177 1318 2249 legem
1328 2186 1457 2245 veterem,
1472 2195 1531 2248 quae
1547 2180 1573 2234 in
1589 2179 1729 2254 synagoga
1751 2197 1810 2258 popi

341 2274 375 2329 lii
393 2274 437 2328 die
451 2272 497 2328 ilio
510 2273 604 2344 pepipit
615 2273 743 2329 Dominus
758 2272 843 2342 [edus
857 2289 917 2328 cum
931 2271 1030 2327 Abram
1052 2272 1096 2327 di·
1147 2266 1253 2323 taicum
1267 2270 1390 2327 servituti
1405 2270 1550 2328 obnoxium
1564 2273 1711 2328 nutriebat.
1729 2259 1809 2332 Serui

306 2384 366 2422 cens
382 2365 643 2423 :Seriiiiiitiioiicio
658 2367 837 2421 terrnmlicnc
858 2361 972 2438 specio
987 2365 1096 2437 AEpypti
1147 2360 1331 2430 evangelicam
1348 2362 1483 2433 gratiam,
1508 2378 1567 2433 quic
1595 2364 1724 2435 populum
1750 2365 1810 2424 Cliti

306 2476 388 2531 usipus
412 2458 447 2513 iiii
471 2460 568 2528 tiumen
593 2475 717 2529 mnpnum
741 2459 903 2530 Euphraten.
918 2458 977 2514 Non
995 2474 1060 2531 ergo
1080 2474 1096 2514 a
1148 2452 1174 2506 in
1191 2452 1344 2509 libertatem
1369 2453 1430 2509 lldei
1445 2456 1594 2527 generavit.
1612 2441 1785 2527 lliiltiplicatl¹
1796 2473 1810 2516 t

305 2548 416 2605 titinnius
439 2564 540 2621 magno
552 2548 672 2620 AEgypti,
687 2549 739 2604 hoc
750 2557 793 2604 est
803 2547 884 2614 Nilo,
903 2549 950 2604 sed
970 2549 1005 2603 ab
1030 2563 1096 2602 arvo
1147 2536 1231 2596 ludaei
1249 2542 1353 2597 ancillae
1367 2542 1430 2609 filii,
1445 2550 1472 2599 θῑ
1487 2559 1540 2600 ¹¹⁰ss
1555 2546 1768 2602 numerabantur
1788 2563 1810 2622 p'

306 2639 400 2694 dividit
414 2640 484 2695 inter
495 2639 641 2711 AEgyptum
655 2650 683 2694 et
694 2638 876 2707 Palastinam,
889 2638 934 2694 uhi
946 2643 987 2694 est
1000 2636 1097 2693 civitas
1148 2634 1262 2690 titudine
1277 2653 1283 2689 2
1296 2634 1329 2691 de
1343 2635 1442 2707 quibus
1455 2651 1536 2712 snpra
1550 2637 1679 2715 scriptum
1692 2647 1750 2707 est,
1763 2653 1810 2714 qui

306 2728 502 2783 tibniocorura.
1148 2742 1237 2783 arenae
1250 2728 1333 2783 maris
1347 2727 1568 2798 multiplicentur.

589 2817 702 2876 CAPUT
721 2820 811 2877 xttlt.
1183 2817 1235 2873 tlte
1248 2828 1285 2873 est
1300 2818 1373 2890 [erus
1388 2820 1465 2873 homo
1479 2860 1486 2885 ,
1500 2828 1524 2872 et
1539 2835 1634 2876 moniis
1648 2822 1809 2891 ejuscciitrit

306 2911 346 2967 Dc
356 2913 539 2983 conjunctione
550 2913 623 2983 ilpcr
635 2912 738 2970 nnrilloe
749 2913 830 2969 Sarni
840 2914 874 2968 cd
884 2913 983 2969 dorcic
996 2924 1021 2970 et
1032 2912 1096 2986 [upa
1147 2925 1291 2981 mariusque
1305 2910 1421 2964 oninium
1439 2918 1530 2963 contra
1549 2927 1618 2977 euin,
1638 2920 1662 2964 et
1677 2927 1691 2965 e
1706 2911 1810 2984 reptans

609 2984 691 3054 iiiiii
705 2983 786 3055 ‘¹9¹⁸‘-
1146 3015 1236 3053 sorum
1249 2999 1362 3067 [rutrum
1386 3016 1494 3055 suorum
1516 3000 1576 3072 fipet
1594 3001 1784 3070 tabernacula:
1797 3018 1810 3075 o

342 3093 418 3165 (Cin.
441 3091 510 3165 xvi.)
524 3093 611 3164 lpi'tiir
621 3091 701 3149 Sarni
714 3109 782 3147 ricor
794 3092 893 3149 iliram
905 3110 957 3149 iioii
971 3105 1095 3166 pennescit
1146 3091 1260 3162 populus
1274 3089 1414 3145 icrooitate
1427 3107 1475 3146 sua
1490 3091 1601 3147 remulus
1616 3101 1657 3148 est
1670 3100 1697 3148 et
1710 3099 1810 3152 contru

305 3188 355 3242 iiii
376 3186 471 3242 iiberos
484 3202 493 3240 :
508 3186 554 3240 scil
568 3186 665 3241 inieris
677 3183 801 3249 ancilium
821 3184 975 3257 AEppptiorn
992 3188 1096 3242 nomine
1146 3183 1226 3238 nibus
1238 3182 1327 3247 bonis,
1346 3182 1464 3236 maxime
1479 3197 1540 3238 cuni
1564 3182 1745 3238 Christianam
1758 3181 1810 3256 plu

308 3278 396 3346 Aper,
411 3275 478 3330 dicit
492 3275 588 3328 marito
602 3292 650 3329 suo
665 3291 674 3330 .·
689 3274 757 3330 Ecce
770 3275 897 3332 conclusit
912 3293 953 3331 me
966 3276 1095 3333 Dominus
1146 3272 1210 3329 orbe
1230 3272 1330 3327 invidia
1354 3271 1509 3327 stimulante
1528 3274 1718 3343 persequitur,
1731 3280 1760 3329 ei
1772 3271 1810 3330 lot

306 3382 338 3420 ne
353 3382 482 3437 parerem,
510 3365 645 3435 iiipredere
665 3365 701 3419 nii
722 3363 847 3420 inctltim
863 3381 959 3433 mecm,
981 3368 1004 3421 ii
1027 3366 1095 3437 [orte
1146 3378 1200 3435 que
1225 3364 1362 3436 dispersus
1388 3362 1612 3433 circumvagando
1645 3373 1726 3436 atque
1750 3377 1810 3438 negt

305 3456 443 3511 saltenses
456 3454 748 3525 ilicsuseipicmfilios.
764 3455 875 3531 (attin.)
891 3456 1031 3526 Quomodo
1045 3458 1093 3514 dc·
1107 3438 1130 3502 C
1146 3456 1257 3513 incertis
1273 3455 1383 3512 sedibus
1394 3470 1502 3526 scnipcr
1512 3457 1644 3521 existens,
1655 3456 1810 3513 omuibuso

306 3548 426 3604 lenditur
434 3548 536 3605 Abram
547 3546 673 3604 adulterii
686 3561 750 3602 reus
762 3563 816 3604 nou
827 3563 899 3616 esse,
910 3550 973 3605 dum
988 3549 1094 3606 vivente
1146 3548 1211 3620 Legi
1226 3557 1317 3604 tannen
1338 3549 1365 3603 in
1387 3549 1503 3618 quodam
1518 3556 1631 3603 tractatu
1646 3590 1653 3613 ,
1668 3563 1718 3618 per
1731 3546 1810 3605 sarai

307 3637 426 3709 legitima
443 3636 757 3706 uxore,conjunctusest
773 3638 878 3694 incida
889 3653 954 3705 sue,
969 3639 1021 3694 nisi
1032 3640 1095 3710 quia
1146 3638 1266 3703 Abram,
1284 3637 1432 3694 Ecclesiam
1456 3637 1622 3708 primitivam
1645 3639 1810 3708 interpretati

307 3732 420 3788 necdum
434 3730 602 3802 promulgata
615 3739 659 3787 est
671 3731 752 3787 unius
767 3732 860 3788 uxoris
871 3731 1024 3804 evangelica
1040 3734 1093 3790 lex.
1147 3727 1336 3783 cillamtulem
1358 3726 1513 3801 AEgypliam
1525 3724 1810 3799 Ecclesiamexssenlll

307 3822 430 3879 ilabebat
454 3836 561 3893 quoque
585 3823 792 3892 pmmlssioaem
808 3839 824 3877 a
839 3823 953 3879 Domino
969 3825 1096 3896 multipli-
1145 3825 1287 3890 postquam
1299 3817 1455 3888 conceperit
1469 3817 1580 3872 verbum
1595 3816 1673 3882 lldei,
1686 3816 1810 3887 desporet

306 3912 358 3967 cati
369 3912 480 3967 seminis
491 3912 544 3980 sui,
559 3913 606 3969 sed
620 3914 735 3983 necdum
754 3912 858 3969 scicbat
874 3927 908 3968 ex
922 3928 976 3984 qua
990 3929 1092 3980 uxore,
1145 3908 1248 3964 litatem
1262 3906 1410 3980 synasmo
1422 3925 1429 3974 ;
1442 3908 1514 3978 (1¹¹⁰d
1533 3916 1622 3963 autem
1636 3907 1746 3979 indelui
1756 3907 1810 3964 ²⁶ss

306 4005 367 4071 qnia
381 4010 474 4071 postea
489 4000 591 4058 dictum
609 4012 651 4058 est
676 4004 702 4057 ci
729 4003 762 4057 dc
786 4001 864 4057 Sarni
885 4003 986 4058 habere
998 4001 1093 4060 lilium.
1146 4001 1219 4072 Agar
1240 3999 1328 4054 redire
1348 4000 1381 4054 ad
1404 3998 1540 4056 dominam
1560 4014 1635 4053 suani
1651 3997 1739 4061 Sarai,
1754 3997 1810 4055 eth

306 4090 374 4147 Nam
388 4100 529 4161 propterea
542 4092 583 4147 sic
594 4092 760 4164 propagandi
783 4092 896 4147 seminis
909 4093 1033 4150 voluntas
1050 4093 1093 4163 pia
1146 4092 1195 4148 sub
1209 4090 1333 4145 manibus
1346 4089 1449 4159 ipsius,
1463 4089 1633 4158 significare,
1646 4087 1810 4159 apostoliens

305 4180 367 4247 iiiii,
380 4182 443 4252 quia
457 4179 653 4236 concumbendi
669 4181 792 4236 voluutas
806 4179 948 4237 libidinosa
965 4196 1016 4236 non
1033 4181 1092 4237 luit.
1146 4198 1209 4238 nain
1229 4182 1401 4237 admonuisse
1423 4189 1517 4253 gentes
1530 4195 1564 4235 ne
1580 4179 1752 4250 superbirent
1767 4192 1810 4237 eei

306 4271 396 4339 Etiam
410 4279 439 4335 et
452 4269 530 4327 Sarni
544 4270 647 4342 prolem
662 4285 742 4339 quam
767 4271 800 4326 de
819 4286 848 4328 se
865 4272 966 4328 habere
980 4286 1032 4326 non
1044 4287 1093 4341 po·
1147 4271 1250 4326 daleam
1266 4271 1382 4341 plebem.
1399 4270 1476 4326 Unde
1491 4270 1557 4326 dicit
1570 4268 1734 4338 Apostolus:
1751 4266 1810 4323 trib

307 4363 367 4427 tuit,
383 4362 416 4418 de
436 4360 533 4417 aneilla
549 4361 650 4416 hahere
663 4361 758 4414 voluit.
776 4359 968 4419 consentiebat
980 4371 1094 4431 uterquc
1146 4362 1170 4413 ri
1188 4360 1312 4415 adoerius
1329 4376 1426 4414 remos.
1439 4358 1549 4427 Quodsi
1562 4369 1590 4412 tii
1605 4357 1739 4428 pioricri's,
1752 4372 1807 4413 aas

306 4453 334 4519 iii
348 4452 430 4520 iacto,
442 4452 504 4522 qnia
521 4460 634 4522 uterque
648 4450 725 4507 Sarai
743 4453 861 4508 sterilem
880 4466 940 4509 esse
954 4454 1066 4509 sciebat.
1145 4461 1256 4522 portus,
1280 4452 1325 4508 sed
1344 4453 1421 4508 indic
1435 4462 1459 4507 te
1480 4451 1568 4522 (Rom.
1584 4452 1640 4524 xi);
1655 4461 1683 4507 et
1696 4452 1762 4508 item
1775 4450 1810 4510 :l

342 4544 395 4609 Qui
414 4545 545 4613 inpressus
559 4551 597 4597 est
615 4541 650 4596 od
667 4559 735 4598 eam.
749 4542 842 4598 Airita
856 4544 1042 4615 concepissem
1057 4544 1094 4598 ri·
1145 4545 1252 4614 inquit,
1268 4544 1431 4599 naturalibus
1446 4546 1525 4600 icinis
1537 4562 1589 4600 nori
1602 4546 1727 4615 pepercit,
1747 4562 1780 4601 ris
1802 4550 1810 4617 1

306 4635 390 4700 deris,
413 4634 529 4704 despexit
548 4633 682 4687 dominum
713 4649 799 4687 sunm.
821 4631 944 4704 Dixitque
963 4630 1043 4688 Sarni*
1059 4633 1093 4686 cd
1145 4635 1292 4705 tibipcrcet
1317 4635 1422 4706 (lois).
1437 4634 1488 4701 Qui
1512 4635 1585 4690 lerns
1613 4637 1695 4690 homo
1723 4635 1810 4693 indite

306 4722 531 4793 Aircmslnipue
551 4724 608 4794 opis
629 4732 719 4777 contro
739 4739 789 4777 mc.
809 4722 865 4795 Epo
885 4721 946 4777 dedi
968 4721 1092 4776 cnrillnm
1145 4727 1241 4796 possit,
1257 4726 1328 4795 quod
1345 4734 1438 4780 contra
1451 4725 1810 4797 daemonesetherciicosp

307 4830 390 4878 pienm
410 4814 437 4866 iii
455 4814 542 4867 sinum
562 4822 636 4865 tunm
652 4825 660 4862 :
679 4829 738 4884 parc
748 4812 837 4866 rideris
855 4812 923 4883 quod
938 4813 1091 4882 conceperit,
1108 4804 1218 4872 liciniis
1228 4817 1345 4872 resistat.
1361 4815 1414 4870 Sed
1424 4816 1481 4870 hmo
1493 4815 1602 4869 lectoris
1610 4814 1713 4885 judicio
1724 4812 1810 4885 relinq

306 4903 438 4971 despectui
457 4918 499 4956 nie
510 4901 586 4955 hahet
599 4917 608 4955 :
617 4901 717 4972 judicet
732 4901 860 4960 Dominus
882 4901 950 4954 iiiter
964 4918 1004 4962 nic
1017 4911 1041 4958 et
1055 4911 1089 4956 te.
1185 4907 1288 4962 l'ocaoi'i
1300 4917 1387 4961 antem
1401 4905 1473 4976 ,lpnr
1485 4922 1577 4960 nomen
1588 4905 1704 4969 Domini,
1718 4904 1765 4975 psl
1775 4902 1810 4961 lsi

307 4991 356 5054 Cui
372 4991 527 5061 responderis
541 4989 639 5043 Abram
652 5003 661 5040 ··
676 4990 744 5047 Ecce
755 4990 792 5043 cit
806 4989 903 5045 ancillo
914 4999 960 5045 tua
971 4992 998 5045 i'n
1011 5009 1089 5048 manu
1143 5001 1177 5054 cd
1188 5016 1255 5063 enin,
1273 4998 1312 5053 Tu
1327 4998 1408 5063 Dens,
1426 4999 1470 5069 pici
1487 4998 1574 5051 nidisti
1591 5013 1640 5049 rire.
1664 4994 1740 5049 hirti
1756 4994 1810 5051 enit

306 5094 351 5145 tuc
367 5091 424 5146 est,
438 5089 510 5134 utere
521 5097 552 5135 ea
563 5090 591 5134 ut
605 5079 675 5136 titii.
701 5079 832 5150 Atilipeiite
845 5079 924 5150 tpiiir
937 5096 994 5133 eom
1010 5080 1090 5136 Snriii'
1143 5088 1210 5158 [ecio
1229 5091 1271 5143 tric
1294 5088 1345 5142 nidi
1359 5089 1504 5157 posteriora
1522 5085 1633 5140 videntis
1650 5102 1700 5139 nie.
1715 5084 1802 5142 Recte

306 5177 396 5251 [upum
417 5174 485 5230 iui'it.
510 5172 625 5246 Cumque
642 5173 777 5228 inuenisset
791 5189 850 5227 com
863 5172 970 5243 cuprius
985 5172 1090 5230 Domini
1142 5189 1215 5236 ctum
1228 5188 1270 5235 est
1292 5178 1363 5248 qiiod
1379 5193 1477 5232 nomeu
1501 5177 1605 5231 Doniiiii
1621 5174 1769 5241 vocaverit,
1782 5172 1810 5230 n

303 5274 576 5345 pincionemonte
590 5272 618 5326 iii
632 5271 788 5337 solitudine,
807 5272 853 5342 piri
865 5280 903 5325 est
913 5270 941 5326 iri
952 5273 993 5326 iiio
1007 5271 1091 5326 Assiir
1141 5271 1185 5339 qui
1199 5269 1286 5323 uidisti
1301 5283 1352 5333 irie,
1366 5268 1428 5335 quia
1448 5265 1565 5346 gratuito
1585 5279 1695 5345 munere
1706 5262 1810 5346 cobus!

304 5346 332 5428 ᾗ,
345 5365 458 5430 dmm,
477 5364 545 5418 amp
564 5362 599 5417 „p
622 5379 680 5417 „m
698 5375 707 5417 ;
721 5361 900 5432 mmm,
913 5360 1004 5428 sami,
1020 5363 1090 5417 unp,
1134 5344 1183 5406 iis,
1196 5350 1225 5396 et
1242 5341 1403 5395 consolatur
1419 5341 1537 5390 hninites
1551 5352 1578 5389 iii
1593 5335 1770 5389 tribulatione
1781 5348 1810 5391 si

304 5454 376 5517 uenis
397 5462 422 5507 et
441 5469 492 5524 piro
518 5450 615 5508 iridis?
630 5449 832 5520 Consequentur
853 5449 980 5521 AEgypiia
1000 5450 1027 5506 in
1048 5451 1088 5504 via
1132 5432 1338 5489 Psalmiotaaii:
1352 5427 1810 5496 i'ii,domine,inhoreinuidss,st=

304 5547 390 5602 Assur
404 5585 412 5609 ,
427 5558 488 5614 quae
504 5555 554 5612 per
579 5556 700 5597 eremum
723 5541 797 5596 ducit
820 5542 854 5596 ad
873 5539 1030 5612 AEgyptum‚
1049 5541 1089 5595 ipe
1132 5527 1293 5585 Condiderat.
1313 5523 1455 5578 Tt'btetti'm
1469 5523 1610 5578 dereifciili
1625 5528 1664 5576 edi
1686 5534 1803 5593 ραψῐ,

304 5636 451 5708 AEpypinm
467 5633 625 5700 festinabat,
646 5633 690 5689 ubi
717 5649 776 5688 eam
795 5632 907 5704 angelus
920 5632 1025 5689 Domini
1048 5632 1088 5687 in·
1132 5630 1160 5675 tii
1174 5622 1225 5676 eris
1234 5621 1342 5689 cdjiitor
1352 5618 1435 5690 (nsit.
1450 5618 1500 5677 iii.
1516 5615 1551 5671 Et
1565 5615 1728 5686 illud,quod
1737 5612 1810 5671 solis

304 5727 387 5784 venit.
405 5725 531 5794 utilique
551 5724 576 5779 ei
599 5723 710 5794 angelus
724 5722 850 5780 Domini:
1133 5712 1257 5784 Proiecto
1271 5714 1312 5765 liic
1326 5712 1377 5766 cidi
1395 5712 1545 5782 posteriorc
1561 5709 1673 5765 ridentis
1689 5724 1742 5775 ine,
1764 5710 1810 5765 liei

342 5812 519 5869 Rmerteresd
529 5811 752 5876 iiciuiiicmtiiniii,
764 5819 788 5866 et
801 5811 938 5865 hunnii'cre
951 5810 997 5864 siri
1008 5826 1087 5864 minu
1130 5809 1203 5878 grnit
1219 5806 1256 5860 illi
1279 5805 1390 5859 dictioni
1411 5819 1471 5874 quie
1484 5803 1614 5857 dontinus
1632 5804 1665 5857 ad
1683 5801 1799 5873 Hoyseii

303 5905 395 5971 ipsius.
411 5902 446 5957 Et
458 5917 564 5958 rursum
578 5918 585 5956 :
598 5901 788 5971 liniiipiicnnr,
799 5900 895 5970 inqiiit,
911 5899 1086 5969 multiplicabo
1130 5908 1182 5966 est,
1196 5914 1257 5955 cuin
1270 5900 1439 5969 majestatem
1462 5913 1540 5953 suain
1566 5897 1617 5952 sibi
1632 5894 1740 5952 ostendi
1755 5910 1810 5971 rep

306 6009 389 6047 senten
404 6005 488 6061 luttrii,
503 6002 527 6052 ei
541 6007 591 6048 riori
604 5989 781 6047 *reluctabitur
790 6007 845 6061 prii·
860 5989 1031 6044 ninltlliirii'nc.
1047 5990 1084 6047 Ac
1132 5994 1192 6050 Non
1200 5996 1417 6067 perennisque,
1429 5996 1514 6048 ci'rlirc
1522 5993 1617 6062 [cicinni
1627 6002 1746 6048 incartet
1755 5993 1810 6051 riu
