4509 6850
340 629 393 716 oss
673 653 704 707 o.
725 651 850 707 sarnam
872 616 980 707 usum
998 649 1157 706 auorum.
1179 650 1333 707 uoouar.
1354 649 1497 708 oesnun
1517 649 1607 707 raas
1627 650 1647 706 ι.
1917 657 1974 714 aaa

340 776 430 846 aptius
458 769 594 842 allegoriae
624 766 729 822 eulurcu
758 766 843 837 priori
873 775 1014 822 structure
1035 780 1130 836 super·
1144 768 1167 826 Α
1182 763 1274 821 lemna.
1292 764 1356 831 Quis
1368 765 1504 819 srrscitadit
1515 765 1673 834 eumlouia
1686 765 1754 822 luda
1768 770 1904 827 confessio
1919 772 1982 828 sive

339 878 463 939 ponatur,
1181 854 1241 910 laus
1255 855 1459 925 interpretatur,
1471 864 1545 910 recte
1553 856 1682 911 scribitur
1696 874 1702 908 :
1718 855 1802 924 tusa,
1816 861 1981 930 corrfiredua-

374 959 574 1031 Conprepnmini
590 965 614 1010 et
630 956 730 1020 audite,
751 954 802 1023 ficii
822 954 915 1017 tacet,
938 954 1028 1008 audite
1043 951 1129 1006 lsrael
1181 944 1281 999 turtibi
1298 943 1406 1013 tratres,
1424 943 1463 999 eei
1475 944 1621 999 lartdadunt
1639 954 1672 999 te.
1694 944 1727 1000 Et
1740 945 1802 1001 licet
1820 949 1854 1002 de
1866 949 1982 1007 (bristo

338 1054 438 1129 patrem
453 1061 575 1108 ocrtntm.
589 1047 687 1121 (Orio.)
703 1045 757 1102 Sed
776 1046 891 1103 tortasse
910 1046 1131 1135 requirasjprarc
1181 1035 1282 1105 grande
1307 1035 1464 1106 mysterium
1490 1035 1545 1101 sit,
1571 1044 1662 1091 tamen
1686 1038 1833 1093 secundum
1855 1039 1981 1098 litteram

340 1147 387 1202 tilii
405 1142 489 1200 iacob
502 1142 629 1198 dicuntur
643 1139 688 1210 qui
702 1135 973 1204 conveniunt,1sracl
987 1151 1052 1191 vero
1065 1135 1131 1191 dici-
1182 1126 1328 1198 Sigsslfissah
1346 1127 1417 1198 quod
1427 1143 1476 1198 ιθι
1487 1128 1570 1183 David
1587 1129 1699 1199 Stirpem
1709 1140 1874 1201 &enelamur
1884 1148 1978 1205 repes,

342 1246 387 1293 tur
400 1235 446 1306 qui
459 1232 595 1289 benedicit
608 1245 666 1287 eos.
688 1228 755 1284 Vide
778 1244 812 1283 ne
828 1226 898 1283 sorte
915 1228 967 1282 hoc
984 1224 1128 1292 indicetur,
1181 1226 1208 1272 et
1226 1218 1298 1288 quod
1316 1220 1432 1275 adorent
1451 1235 1513 1276 eum
1535 1235 1631 1276 omnes
1649 1220 1747 1277 tribus.
1764 1221 1822 1279 Non
1835 1225 1909 1281 enim
1927 1227 1979 1294 ait,

338 1318 1130 1399 qrrodillinondumeousqueprolceerant,utlsraelmeritis
1180 1307 1229 1364 filil
1252 1310 1347 1365 maltis
1371 1318 1438 1376 1⁰³2,
1464 1312 1511 1367 sed
1536 1310 1584 1366 filil
1608 1312 1694 1382 patris
1717 1313 1772 1379 tat;
1793 1322 1821 1369 el
1838 1317 1911 1385 qued
1931 1333 1978 1375 sc·

338 1426 522 1490 aequarentur,
534 1425 562 1470 et
573 1415 634 1471 ideo
646 1414 684 1470 ilii
700 1412 747 1468 lilii
761 1411 845 1470 Jacob
858 1414 986 1470 dicuntur
999 1420 1129 1484 tanquam
1180 1400 1288 1472 (ιῑιῑῑΰῐῑ

338 1511 499 1575 interiores;
513 1508 557 1563 ille
570 1519 634 1560 vero
647 1504 693 1574 qui
706 1502 764 1574 jam
776 1504 913 1574 perlectus
927 1513 994 1569 erat,
1006 1512 1034 1561 et
1047 1507 1129 1561 bene·
1215 1492 1438 1564 Mm'ss'tlemafilt'
1448 1496 1494 1561 mh
1506 1495 1657 1561 ascendisti,
1668 1498 1981 1573 0⁵¹0¹¹d5¹0¹¹ml³⁰lffl¹⁰³

338 1600 471 1656 dictiones
496 1601 647 1659 futurorum
672 1601 797 1658 conscius
817 1597 899 1655 dabat
936 1597 1020 1655 lsrael
1037 1597 1129 1670 appel·
1180 1585 1381 1652 ⁰2¹1)tivosesse
1405 1587 1920 1662 ‘summumve‘iuxlalnlssffiifflliaffl
1936 1608 1979 1650 δι·

337 1693 418 1748 papus,
1179 1676 1344 1742 cratiorem,
1371 1679 1527 1735 ascendisse
1543 1678 1570 1734 in
1585 1679 1688 1746 altum,
1711 1683 1847 1751 captivam
1864 1685 1979 1743 duxisse

636 1785 751 1842 CAPUT
771 1784 829 1840 XV.

338 1881 376 1936 De
393 1878 613 1934 lerredietionibus
636 1877 774 1931 duodecim.
792 1876 1015 1947 patriarcharum,
1034 1875 1127 1945 quibus

495 1948 624 2002 benedicit
644 1946 696 2002 illis
709 1957 783 2018 pater
796 1963 860 2001 suus
874 1945 969 2000 tacet.

1179 1770 1362 1840 captivitatem
1375 1788 1382 1837 ;
1398 1771 1463 1837 sivo,
1476 1772 1548 1843 qrrod
1560 1772 1656 1829 melius
1669 1776 1898 1844 puto,captivitas
1913 1793 1978 1849 pas-

1179 1861 1293 1927 sionem,
1309 1876 1437 1917 aseensus
1450 1864 1675 1919 resurrectionem
1690 1865 1833 1937 signidem.

1214 1954 1332 2026 Aiiipons
1347 1955 1382 2009 ad
1406 1956 1507 2010 citream
1522 1955 1724 2025 pullumsuum,
1738 1959 1810 2013 etad
1826 1960 1906 2014 uitem
1920 1964 1977 2016 asi·

360 2058 438 2125 (epp,
454 2058 643 2130 1L11,)Rubep
658 2059 847 2128 primppepitus
861 2072 943 2121 meus,
957 2066 984 2109 tu
999 2055 1126 2125 fortitudo
1178 2064 1240 2101 ttttm
1254 2064 1341 2102 attam.
1356 2046 1433 2115 Quod
1448 2048 1571 2104 Videlicel
1584 2050 1686 2119 {lulium
1696 2052 1779 2108 dslnae
1789 2052 1832 2109 eui
1848 2068 1977 2124 superse·

336 2170 408 2218 ntea,
420 2162 444 2208 et
455 2151 612 2223 principium
623 2148 722 2204 doloris
734 2149 784 2202 mei
791 2165 800 2213 ;
815 2147 888 2217 prior
898 2148 925 2200 in
938 2147 1025 2211 donis,
1039 2147 1126 2215 major
1142 2118 1164 2177 B
1178 2138 1218 2191 dit
1227 2136 1316 2203 lesus,
1332 2143 1383 2194 boe
1400 2147 1443 2195 est
1459 2139 1599 2210 gentilium
1613 2141 1750 2211 populum,
1766 2143 1851 2200 vineae
1865 2155 1977 2217 aposto·

335 2245 454 2315 irrrperno.
465 2242 605 2313 Epusrtser
615 2241 681 2295 sicut
692 2255 772 2310 apua,
784 2255 834 2293 non
847 2254 957 2301 crescas,
966 2236 1126 2308 quiaascen-

334 2338 397 2391 disti
417 2334 501 2390 cultile
519 2333 602 2404 patris
624 2332 682 2396 tui,
708 2340 731 2384 et
753 2327 892 2383 maculasti
917 2337 1030 2383 stratum
1055 2328 1122 2398 ejus.

335 2426 385 2481 Est
407 2433 495 2478 erstem
515 2438 611 2478 sensus
633 2421 699 2475 hio:
717 2420 756 2474 Tu
777 2433 808 2474 cs
829 2417 1023 2488 primogenitus
1036 2432 1123 2481 meus,

335 2512 423 2583 rnajor
435 2514 462 2568 in
474 2511 577 2576 liberis,
594 2519 622 2566 et
638 2510 757 2564 dehehas
767 2505 845 2576 juxta
858 2507 981 2562 ordinem
998 2508 1124 2562 nativita-

336 2610 371 2665 tis
384 2617 446 2669 tum,
461 2615 489 2662 et
504 2603 762 2672 haereditatemque
777 2599 1032 2672 primogenitisjure
1047 2600 1125 2656 debe·
1144 2654 1150 2662 ,

335 2708 391 2765 tur,
407 2696 589 2753 sacerdotium
614 2694 737 2764 accipere
761 2704 789 2747 ct
811 2708 934 2764 regnum.
957 2691 1124 2763 llocquippc

333 2793 361 2848 in
374 2788 505 2861 portando
517 2801 599 2843 onere
608 2793 636 2840 et
645 2783 789 2856 praevalido
802 2784 899 2838 robore
912 2783 1122 2838 demonstratur.

334 2863 435 2940 ierunt
448 2882 510 2952 quia
525 2878 653 2951 peccasti,
676 2876 753 2948 attasi
775 2892 845 2947 aqrra
864 2891 924 2945 qrrae
945 2875 1055 2931 vasculo
1068 2892 1122 2931 non

333 2984 451 3039 tenetur,
475 2971 619 3041 voluptatis
638 2968 783 3024 eduenses
802 2969 914 3039 impetu,
938 2967 1039 3023 idcireo
1052 2982 1120 3037 prae-

329 3069 400 3141 cipio
421 3067 469 3123 tihi
493 3075 523 3120 ut
542 3064 616 3122 ultra
634 3078 687 3118 non
713 3076 826 3133 pecces,
847 3060 939 3130 sisque
959 3060 985 3114 in
1007 3058 1121 3114 lratmm

331 3176 445 3216 nurnero
463 3173 558 3229 prunas
574 3156 676 3227 peceati
700 3154 786 3220 luens,
803 3152 874 3222 quod
891 3151 1062 3223 primogeniti
1077 3166 1122 3205 or-

330 3253 420 3307 dinem
434 3247 585 3320 perdidisti.
599 3243 712 3319 (Ambe.)
738 3244 904 3313 Principium
918 3251 1008 3297 autcm
1014 3241 1121 3298 doloris

330 3354 370 3399 est
386 3342 475 3397 ournis
498 3338 704 3409 primogenitus,
727 3336 789 3405 qrria
808 3348 857 3404 pro
872 3350 905 3389 eo
918 3342 1121 3387 commoventur

330 3435 449 3506 primum
461 3433 565 3487 viscera
578 3438 732 3500 parentum.

365 3525 457 3581 Simon
474 3532 497 3576 et
517 3521 578 3576 Leut'
592 3520 707 3590 fratres,
727 3536 789 3573 uasa
812 3518 956 3589 iniquitatis
980 3515 1114 3570 bellantia.

329 3617 364 3674 lu
378 3615 487 3671 consilia
510 3630 600 3668 eorum
620 3630 651 3666 nc
667 3613 754 3666 ueniat
770 3611 859 3664 anirrm
877 3626 946 3675 mea,
961 3619 985 3663 et
1006 3611 1033 3662 irr
1054 3618 1119 3662 creta

328 3708 436 3764 illorum
456 3723 508 3760 aron
521 3705 554 3758 sit
568 3703 652 3773 pieria
670 3720 739 3765 ntea,
760 3701 822 3773 prtia
840 3701 867 3754 ia
888 3699 976 3766 surore
991 3715 1039 3753 suo
1055 3700 1121 3752 occi-

328 3797 530 3859 duumuirum,
545 3805 567 3849 ct
580 3794 606 3847 iu
619 3792 752 3847 uoluntate
765 3808 813 3845 sua
827 3790 990 3860 suffoderunt
1002 3805 1117 3843 nrurrrnt.

328 3889 469 3960 Significat
489 3895 580 3943 autem
603 3901 657 3941 non
683 3885 722 3939 sui
745 3883 828 3938 hrissc
849 3883 966 3948 consilii,
984 3882 1057 3953 qrrod
1077 3879 1120 3934 Si-

327 3985 406 4039 chem
417 3990 444 4035 et
458 3982 539 4035 Errror
553 3978 697 4033 foederatos
709 3976 782 4030 siros
795 3973 998 4036 interfecerunt,
1012 3980 1119 4027 eorrtra-

326 4091 381 4146 spue
400 4073 445 4143 jus
468 4073 543 4142 pacis
562 4079 589 4124 et
613 4068 795 4123 amicitiarum
820 4067 977 4138 sanguinem
1002 4065 1119 4118 sederint

327 4166 514 4228 innocentem,
530 4172 557 4217 et.
572 4161 649 4231 ‹prrasi
662 4159 778 4229 qvondam
791 4158 891 4222 lurore,
907 4158 946 4211 sic
959 4156 1120 4210 errrdelitate

327 4257 438 4326 raptati,
462 4270 554 4310 nrrrros
578 4252 691 4320 hospite
715 4250 835 4305 civitatis
858 4248 1015 4303 everterint.
1043 4247 1119 4302 ιἰιιιι·

329 4347 452 4416 sequitur
463 4353 490 4399 et
501 4345 585 4398 dicit:

362 4437 518 4491 Maledictus
529 4436 605 4505 [rtror
615 4449 716 4495 curura,
728 4433 789 4500 quin
802 4448 899 4500 procae
907 4449 915 4495 ;
928 4441 951 4484 et
962 4431 1002 4483 ira
1016 4446 1117 4492 eorum,

325 4531 386 4601 quia
409 4531 487 4583 dam.
502 4528 623 4582 Dis-idam
637 4542 680 4579 eos
695 4527 721 4579 in
735 4523 834 4587 tacut,
858 4533 882 4575 et
905 4522 1053 4591 dispcrpam
1073 4536 1117 4573 eos

325 4624 354 4677 in
368 4621 462 4675 lsrael.
477 4620 539 4674 [ιιι
556 4618 629 4675 eninr
646 4616 830 4672 lraereditatcrn
844 4614 982 4684 propriam
1002 4628 1055 4667 non
1073 4627 1118 4667 ac·

327 4712 409 4781 cepit,
423 4711 510 4765 sedin
524 4710 650 4764 ‹rrnnibus
670 4708 797 4777 sceptris,
821 4721 920 4775 paucas
936 4705 1017 4760 urbes
1031 4705 1066 4760 ad
1077 4703 1117 4758 in·

327 4793 501 4858 habitandum
524 4804 627 4857 habuit.
647 4803 684 4856 tte
707 4800 816 4855 Simeon
835 4815 899 4853 roro
919 4799 946 4852 in
966 4798 1034 4852 libro
1052 4795 1116 4852 Jcsu

327 4894 457 4962 seriptum
476 4903 528 4955 cst,
541 4894 612 4962 quod
627 4901 654 4946 et
673 4891 729 4959 ipse
745 4891 882 4961 proprium
900 4890 1046 4946 lrmiculum
1062 4906 1115 4945 non

326 4984 408 5040 tuero
426 4992 597 5046 consecutus,
619 4982 666 5037 sed
680 4981 714 5035 dc
730 4981 801 5036 tribu
815 4980 881 5034 iuda
894 4981 1021 5050 quiddam
1040 4995 1117 5036 acce·

325 5085 414 5148 perat.
428 5076 456 5130 ιιι
469 5073 682 5143 paralipomenis
695 5080 786 5126 autern
804 5070 974 5127 nranilostius
989 5072 1116 5127 scribitur

326 5167 398 5238 quod
418 5181 478 5221 cum
496 5164 689 5233 rtruhiplicatus
702 5161 806 5227 luisset,
821 5173 847 5216 ct
859 5178 911 5217 non
930 5164 1042 5218 haberet
1052 5179 1114 5234 ptos·

325 5256 457 5313 sessionis
478 5254 577 5318 locam,
597 5253 695 5308 coierit
720 5254 747 5307 iu
769 5254 916 5308 desertum.
935 5254 1049 5321 Quidam
1065 5255 1115 5309 hoc

325 5347 439 5420 quadiu
455 5346 631 5418 Septuaginta
650 5345 748 5416 legitur
762 5364 768 5398 ε
784 5345 817 5399 ln
838 5345 927 5415 furore
940 5364 988 5400 sno
1007 5348 1089 5416 tauers
1101 5379 1115 5388 -

325 5449 418 5495 cerunt
438 5439 566 5502 irnnrincs,
592 5447 615 5491 et
633 5438 660 5490 in
678 5435 807 5491 desiderio
825 5453 873 5490 suo
896 5438 1115 5492 suirmroarerrrat

324 5539 442 5596 taurum,
461 5528 618 5601 prophetice
640 5524 796 5582 interlectos
821 5525 945 5582 homines
968 5527 1114 5596 apostolos,

324 5627 353 5675 et
366 5620 560 5675 subnervatum
575 5625 682 5672 taurum
694 5614 833 5672 Christum
848 5615 1070 5685 interpretantur.

359 5711 443 5776 duda,
451 5720 475 5765 te
485 5709 629 5763 laudabunt
640 5706 900 5778 fratrestui.d1anus
911 5718 963 5762 tum
973 5708 1000 5762 in
1010 5709 1116 5762 ceruici-

324 5805 371 5858 bus
386 5804 551 5859 inimicorum
567 5792 684 5857 marum.
702 5800 859 5856 Adorabunt
874 5809 897 5853 te
908 5800 959 5868 pta·
969 5801 1052 5870 patris
1064 5803 1112 5856 mi.

323 5892 436 5949 Catulus
452 5894 533 5949 leeris
552 5893 634 5947 duda.
650 5893 691 5947 Ad
703 5893 830 5964 prodam,
844 5890 885 5964 fili
895 5891 941 5957 mi,
961 5892 1113 5958 ascendisti,

324 5980 393 6047 sire,
409 5991 439 6036 ut
454 5983 482 6038 in
501 5980 614 6040 llcbraeo
627 5980 756 6051 scriptum
777 5991 829 6046 est,
853 5981 884 6035 de
898 5980 1056 6052 captivitate,
1073 5982 1113 6050 fili

319 6075 366 6143 arr)
383 6075 527 6133 ascertdirti
534 6093 546 6144 ,·
563 6079 722 6149 requiescens
738 6077 885 6138 accubuisti
897 6085 923 6132 ut
935 6079 986 6145 teo,
1000 6085 1023 6133 et
1036 6081 1113 6148 quari

1178 2227 1264 2284 lorum
1276 2229 1321 2300 qui
1335 2247 1368 2285 ex
1382 2230 1482 2286 ludaeis
1507 2241 1570 2286 sum
1590 2232 1768 2302 copulaverit,
1778 2244 1806 2290 et
1823 2237 1859 2291 ad
1872 2238 1974 2301 vitem,

1177 2322 1242 2385 sive,
1259 2331 1287 2377 ut
1302 2323 1329 2377 in
1351 2322 1464 2378 liebraeo
1481 2324 1573 2389 babet,
1590 2324 1624 2379 ad
1643 2339 1731 2391 sorec,
1748 2326 1775 2382 id
1788 2336 1840 2393 est,
1856 2326 1975 2385 electam

1177 2415 1270 2481 ritem,
1285 2415 1437 2487 alligaverit
1450 2416 1554 2472 asinam
1567 2417 1610 2472 eui
1625 2417 1796 2487 supersedit,
1819 2418 1975 2477 Ecclesiam

1175 2522 1209 2561 ex
1233 2508 1387 2564 nationibus
1408 2517 1611 2581 congregatam.
1628 2508 1705 2577 Quod
1728 2521 1818 2567 autem
1841 2511 1976 2587 dictasti·

1174 2618 1221 2665 aar,
1234 2604 1415 2673 apostrophen
1432 2603 1464 2658 ad
1484 2603 1571 2673 ipsum
1594 2600 1691 2657 iudam
1716 2602 1791 2670 lacit,
1806 2607 1880 2676 quod
1895 2607 1975 2665 cart-

1176 2700 1233 2748 stus
1261 2693 1318 2748 haec
1344 2694 1379 2747 sit
1398 2694 1525 2750 universa
1547 2694 1679 2751 tacturus.
1702 2694 1779 2764 Quod
1797 2706 1890 2755 autem
1906 2699 1975 2757 dici-

1175 2792 1218 2839 tur
1232 2802 1239 2838 ·.

1211 2875 1272 2930 Non
1288 2876 1422 2946 auferetur
1439 2888 1569 2949 sceptrum
1597 2878 1629 2933 de
1647 2878 1736 2944 teda,
1762 2889 1785 2935 et
1800 2880 1857 2935 dus
1874 2882 1910 2938 dc
1931 2883 1947 2954 s
1959 2916 1973 2927 -

1173 2970 1288 3042 arandus
1300 2969 1368 3040 ejus,
1385 2971 1466 3025 donec
1484 2972 1568 3026 ueniat
1584 2970 1628 3027 ille
1644 2972 1688 3044 pai
1710 2974 1853 3029 mittendus
1863 2984 1925 3042 est,·
1948 2987 1973 3031 et

1172 3059 1227 3129 ipse
1239 3060 1289 3112 erit
1304 3062 1462 3130 exspectatio
1476 3062 1606 3132 pontium,
1615 3062 1750 3133 signifieat
1769 3065 1842 3135 qued
1855 3081 1911 3122 uun
1924 3067 1972 3124 de·

1174 3147 1285 3205 lacerent
1303 3151 1438 3222 principes
1452 3152 1485 3208 de
1506 3153 1576 3209 tribu
1591 3151 1678 3221 luda,
1704 3170 1790 3227 usque
1814 3157 1848 3212 ad
1864 3168 1973 3231 tempus

1172 3256 1226 3312 quo
1246 3252 1326 3299 natus
1346 3253 1388 3300 est
1399 3243 1534 3313 Christus,
1548 3246 1606 3316 qni,
1620 3248 1746 3304 missusa
1761 3246 1854 3315 Patre,
1870 3266 1972 3325 exspe-

1173 3336 1257 3390 ctatio
1271 3345 1311 3390 est
1325 3337 1454 3405 gentium.

1135 3463 1157 3524 C
1209 3423 1328 3481 Zabulon
1340 3429 1366 3482 in
1385 3428 1472 3484 littore
1486 3433 1566 3485 maris
1591 3431 1737 3498 habitabit,
1762 3443 1787 3488 et
1812 3433 1841 3488 in
1858 3438 1973 3492 motione

1173 3518 1290 3585 nauium,
1302 3521 1450 3592 pastinacas
1473 3539 1554 3593 usquc
1567 3524 1602 3577 ad
1614 3522 1747 3579 Sidonem.
1765 3525 1895 3582 luacbar
1918 3532 1973 3586 nsi-

1173 3627 1222 3665 rms
1236 3611 1323 3680 (ortis,
1334 3613 1464 3669 occasions
1476 3616 1545 3671 inter
1558 3617 1694 3684 tenninos,
1702 3618 1764 3674 sidit
1774 3621 1889 3691 requiem
1900 3624 1971 3694 quad

1172 3712 1237 3757 esset
1251 3703 1327 3765 boran,
1344 3715 1367 3758 et
1379 3717 1476 3761 terram
1492 3708 1562 3778 quod
1576 3709 1690 3779 optima,
1713 3714 1851 3782 supposuit
1878 3715 1970 3770 harne-

1173 3811 1230 3847 rum
1250 3812 1326 3849 aarum
1341 3814 1374 3850 aa
1393 3799 1568 3867 portandum,
1598 3800 1784 3872 [actusqueest
1798 3802 1906 3860 tributis
1917 3823 1971 3861 ser·

1172 3886 1251 3939 ciens.
1265 3887 1333 3954 Quia
1356 3902 1436 3957 supra
1462 3888 1496 3944 de
1520 3889 1639 3945 Zabulon
1660 3893 1767 3948 dixerat
1786 3895 1859 3963 quod
1886 3897 1971 3953 maris

1172 3976 1261 4046 rrrapui
1280 3977 1368 4033 littora
1380 3987 1453 4034 esset
1466 3994 1649 4049 possessurus,
1667 3980 1799 4038 Sidonem
1817 3999 1929 4056 quoque
1940 3993 1970 4042 et

1172 4068 1290 4139 reliquas
1303 4069 1445 4126 Phoenices
1456 4072 1537 4126 urbes
1550 4074 1729 4143 contingeret,
1743 4091 1816 4130 nunc
1830 4076 1865 4132 ad
1883 4077 1970 4134 medi-

1171 4168 1322 4217 terraneam
1341 4163 1509 4231 provinciam
1532 4164 1611 4231 redit,
1626 4173 1655 4220 et
1690 4167 1869 4237 isacharque
1889 4168 1969 4240 justa

1171 4251 1341 4323 Nephthalim
1354 4253 1564 4325 pulcherrimam
1584 4255 1611 4309 in
1624 4253 1734 4311 Galilaea
1749 4257 1890 4328 regionem
1906 4273 1969 4329 pos·

1169 4360 1294 4400 sessrrrus
1312 4353 1371 4409 est,
1396 4346 1583 4402 bencdictione
1605 4361 1654 4401 sua
1677 4347 1861 4403 habitatorem
1890 4347 1966 4405 lacit.

1170 4438 1281 4493 asinum
1298 4447 1388 4494 autern
1403 4453 1510 4494 osseum
1526 4439 1568 4493 vel
1583 4437 1681 4495 lortem
1695 4446 1795 4504 vocet,
1819 4449 1848 4496 et
1869 4442 1967 4498 burne-

1169 4545 1230 4585 ram
1242 4529 1274 4584 ad
1288 4531 1448 4600 portandum
1463 4531 1592 4594 debitum,
1604 4531 1666 4601 quia
1682 4530 1710 4586 in
1727 4530 1822 4588 labore
1835 4540 1928 4602 terre,
1941 4543 1969 4590 et

1169 4622 1341 4679 rehendisad
1361 4637 1436 4678 mare
1458 4638 1518 4693 qum
1533 4622 1559 4677 in
1578 4622 1677 4677 tinibus
1691 4622 1748 4678 suis
1768 4623 1967 4686 nascebantur.

1168 4714 1312 4785 plurimum
1326 4713 1469 4776 laboravit,
1482 4714 1589 4785 regibus
1603 4729 1710 4784 atroque
1725 4715 1825 4770 tributa
1837 4730 1966 4788 eonrpor·

1129 4818 1240 4889 Draus.
1256 4808 1339 4862 diunt
1353 4807 1457 4862 ilcbraci
1468 4823 1517 4878 per
1526 4807 1712 4877 metaphoram
1727 4805 1878 4877 significari
1893 4806 1967 4879 quod

1169 4897 1323 4966 Scripturas
1342 4906 1450 4952 sanctas
1464 4897 1507 4951 die
1531 4911 1564 4952 ac
1590 4904 1670 4951 noete
1683 4895 1829 4960 meditans,
1842 4895 1966 4952 studium

1169 5005 1246 5045 suarm
1262 4990 1365 5045 dederit
1382 4989 1415 5043 ad
1443 4988 1635 5053 laborandunr;
1663 4996 1692 5043 et
1715 4986 1856 5042 ideircoci
1869 5002 1967 5044 omues

1169 5080 1255 5134 tribus
1268 5079 1397 5140 serviant,
1412 5080 1489 5148 qrrasi
1502 5079 1632 5150 magistro
1647 5076 1718 5133 dona
1731 5084 1884 5146 portantes.

1204 5169 1264 5224 Dan
1271 5169 1402 5239 judicabit
1414 5168 1538 5238 populum
1552 5186 1639 5232 aarum,
1652 5169 1719 5223 sicut
1734 5177 1757 5222 et
1768 5167 1823 5222 alia
1835 5168 1922 5224 tridua
1938 5170 1966 5223 in

1168 5260 1263 5317 lsrael.
1278 5259 1304 5314 F
1304 5261 1341 5315 int
1361 5260 1421 5314 Dan
1436 5260 1578 5315 coluberirr
1592 5262 1650 5326 cia,
1679 5270 1791 5315 cerastes
1816 5259 1845 5314 in
1857 5262 1965 5326 semite,

1167 5350 1289 5406 mordens
1301 5349 1412 5420 capnias
1430 5350 1499 5420 epiri,
1516 5359 1543 5403 nt
1565 5350 1642 5403 cadat
1666 5364 1788 5404 ascensor
1808 5348 1869 5419 ejus
1884 5359 1964 5405 retro.

1168 5442 1290 5498 Salutore
1313 5452 1387 5496 tunm
1410 5442 1572 5513 exspectabo,
1591 5441 1709 5496 Dnrnirte.
1738 5441 1855 5498 Samson
1879 5441 1965 5511 judex

1166 5535 1267 5600 lsrael,
1284 5534 1399 5590 detribu
1415 5535 1472 5589 han
1489 5534 1547 5589 luit.
1573 5534 1629 5590 iloc
1642 5550 1707 5607 erpo
1720 5534 1806 5600 dicit,
1833 5549 1909 5590 uuae
1922 5534 1965 5589 ri·

1167 5628 1233 5683 dens
1247 5628 1273 5681 in
1288 5627 1383 5698 spiritu
1392 5641 1497 5682 comani
1508 5628 1612 5682 nutrire
1623 5625 1781 5684 Saarrsoncm
1789 5626 1964 5693 Nazaraeum,

1167 5717 1298 5787 caesisque
1309 5718 1433 5774 hostibus
1447 5718 1624 5788 triumphare,
1633 5719 1704 5789 qrrod
1717 5718 1744 5773 in
1755 5718 1963 5776 similitudinem

1167 5807 1270 5863 colubri
1300 5809 1439 5879 regulique
1462 5809 1613 5866 obsidentis
1632 5810 1690 5867 rias
1710 5809 1813 5865 nullum
1836 5827 1888 5882 per
1905 5822 1963 5867 ter·

1167 5913 1224 5953 ram
1247 5897 1328 5954 lsrael
1343 5899 1460 5954 transire
1475 5900 1627 5970 permittat,
1642 5901 1689 5955 sed
1702 5901 1784 5956 etiam
1809 5901 1832 5956 si
1849 5902 1913 5973 quis
1924 5913 1965 5956 te·

1166 5987 1300 6043 merarius
1325 5987 1424 6044 virtute
1449 5985 1508 6054 eus,
1520 5990 1599 6058 quasi
1613 5989 1756 6045 velocitate
1778 5989 1862 6059 equi.
1876 5990 1965 6048 eonti-

1165 6093 1222 6147 sus,
1236 6092 1299 6135 earu
1315 6081 1430 6136 voluerit
1441 6080 1576 6151 prodens
1586 6093 1661 6138 more
1677 6085 1812 6153 populari,
1828 6078 1966 6138 noneda-
