<?xml version="1.0" encoding="UTF-8"?>
<!DOCTYPE html PUBLIC "-//W3C//DTD XHTML 1.0 Transitional//EN"
    "http://www.w3.org/TR/xhtml1/DTD/xhtml1-transitional.dtd">
<html xmlns="http://www.w3.org/1999/xhtml" xml:lang="en" lang="en">
 <head>
  <title>
</title>
<meta http-equiv="Content-Type" content="text/html;charset=utf-8" />
  <meta name='ocr-system' content='tesseract 3.04.00' />
  <meta name='ocr-capabilities' content='ocr_page ocr_carea ocr_par ocr_line ocrx_word'/>
</head>
<body>
  <div class='ocr_page' id='page_1' title='image "./patrologiaecurs88unkngoog_0146.png"; bbox 0 0 4509 6850; ppageno 0'>
   <div class='ocr_carea' id='block_1_1' title="bbox 365 684 2000 760">
    <p class='ocr_par' dir='ltr' id='par_1_1' title="bbox 365 684 2000 760">
     <span class='ocr_line' id='line_1_1' title="bbox 365 684 2000 760; baseline -0.015 1"><span class='ocrx_word' id='word_1_1' title='bbox 365 696 419 760; x_wconf 75' lang='lat' dir='ltr'>rer</span> <span class='ocrx_word' id='word_1_2' title='bbox 686 696 717 753; x_wconf 85' lang='lat' dir='ltr'>u.</span> <span class='ocrx_word' id='word_1_3' title='bbox 737 695 861 753; x_wconf 74' lang='lat' dir='ltr'>nauem</span> <span class='ocrx_word' id='word_1_4' title='bbox 882 686 991 748; x_wconf 79' lang='lat' dir='ltr'>tinum</span> <span class='ocrx_word' id='word_1_5' title='bbox 1010 686 1172 743; x_wconf 67' lang='lat' dir='ltr'>,circnma</span> <span class='ocrx_word' id='word_1_6' title='bbox 1193 684 1348 746; x_wconf 74' lang='lat' dir='ltr'>nocuas.</span> <span class='ocrx_word' id='word_1_7' title='bbox 1370 690 1514 748; x_wconf 78' lang='lat' dir='ltr'>crunon</span> <span class='ocrx_word' id='word_1_8' title='bbox 1534 690 1623 747; x_wconf 63' lang='lat' dir='ltr'>rrius</span> <span class='ocrx_word' id='word_1_9' title='bbox 1641 692 1660 746; x_wconf 87' lang='grc' dir='ltr'>ι.</span> <span class='ocrx_word' id='word_1_10' title='bbox 1944 698 2000 753; x_wconf 54' lang='lat'>25,</span> 
     </span>
    </p>
   </div>
   <div class='ocr_carea' id='block_1_2' title="bbox 309 803 2007 4544">
    <p class='ocr_par' dir='ltr' id='par_1_2' title="bbox 309 803 2007 4544">
     <span class='ocr_line' id='line_1_2' title="bbox 364 803 2002 883; baseline -0.001 -12"><span class='ocrx_word' id='word_1_11' title='bbox 364 831 418 871; x_wconf 77' lang='lat' dir='ltr'>uox</span> <span class='ocrx_word' id='word_1_12' title='bbox 429 810 539 883; x_wconf 83' lang='lat' dir='ltr'>diesque</span> <span class='ocrx_word' id='word_1_13' title='bbox 558 814 614 869; x_wconf 88' lang='lat' dir='ltr'>suls</span> <span class='ocrx_word' id='word_1_14' title='bbox 632 811 779 867; x_wconf 76' lang='lat' dir='ltr'><strong>inconfusis</strong></span> <span class='ocrx_word' id='word_1_15' title='bbox 802 810 937 865; x_wconf 87' lang='lat' dir='ltr'>alternant</span> <span class='ocrx_word' id='word_1_16' title='bbox 958 806 1073 865; x_wconf 86' lang='lat' dir='ltr'>uicibus,</span> <span class='ocrx_word' id='word_1_17' title='bbox 1087 817 1153 873; x_wconf 79' lang='lat' dir='ltr'>quo</span> <span class='ocrx_word' id='word_1_18' title='bbox 1167 805 1193 863; x_wconf 80' lang='grc' dir='ltr'>Α</span> <span class='ocrx_word' id='word_1_19' title='bbox 1205 803 1371 871; x_wconf 79' lang='lat' dir='ltr'>aegritudinis</span> <span class='ocrx_word' id='word_1_20' title='bbox 1385 816 1482 863; x_wconf 81' lang='lat' dir='ltr'>vestrm</span> <span class='ocrx_word' id='word_1_21' title='bbox 1500 823 1535 864; x_wconf 89' lang='lat' dir='ltr'>uo</span> <span class='ocrx_word' id='word_1_22' title='bbox 1546 823 1593 863; x_wconf 86' lang='lat' dir='ltr'>ros</span> <span class='ocrx_word' id='word_1_23' title='bbox 1606 807 1706 878; x_wconf 86' lang='lat' dir='ltr'>pudeat</span> <span class='ocrx_word' id='word_1_24' title='bbox 1727 809 1766 864; x_wconf 92' lang='lat' dir='ltr'>illi</span> <span class='ocrx_word' id='word_1_25' title='bbox 1781 811 1921 869; x_wconf 72' lang='lat' dir='ltr'>otohstias</span> <span class='ocrx_word' id='word_1_26' title='bbox 1936 828 2002 869; x_wconf 89' lang='lat' dir='ltr'>con-</span> 
     </span>
     <span class='ocr_line' id='line_1_3' title="bbox 365 896 2001 978; baseline -0.002 -12"><span class='ocrx_word' id='word_1_27' title='bbox 365 925 450 978; x_wconf 85' lang='lat' dir='ltr'>usqne</span> <span class='ocrx_word' id='word_1_28' title='bbox 465 908 556 963; x_wconf 89' lang='lat' dir='ltr'>mundi</span> <span class='ocrx_word' id='word_1_29' title='bbox 569 907 694 962; x_wconf 79' lang='lat' dir='ltr'>adveniat</span> <span class='ocrx_word' id='word_1_30' title='bbox 716 905 857 961; x_wconf 89' lang='lat' dir='ltr'>terminus.</span> <span class='ocrx_word' id='word_1_31' title='bbox 873 902 930 958; x_wconf 89' lang='lat' dir='ltr'>lloe</span> <span class='ocrx_word' id='word_1_32' title='bbox 951 915 1048 956; x_wconf 85' lang='lat' dir='ltr'>sensns</span> <span class='ocrx_word' id='word_1_33' title='bbox 1072 897 1155 953; x_wconf 86' lang='lat' dir='ltr'>anirni</span> <span class='ocrx_word' id='word_1_34' title='bbox 1206 896 1294 963; x_wconf 80' lang='lat' dir='ltr'>queri.</span> <span class='ocrx_word' id='word_1_35' title='bbox 1309 896 1395 952; x_wconf 84' lang='lat' dir='ltr'>Verus</span> <span class='ocrx_word' id='word_1_36' title='bbox 1407 910 1499 954; x_wconf 80' lang='lat' dir='ltr'>uester</span> <span class='ocrx_word' id='word_1_37' title='bbox 1521 899 1642 955; x_wconf 88' lang='lat' dir='ltr'>medicus</span> <span class='ocrx_word' id='word_1_38' title='bbox 1660 910 1701 957; x_wconf 91' lang='lat' dir='ltr'>est</span> <span class='ocrx_word' id='word_1_39' title='bbox 1717 901 1782 967; x_wconf 85' lang='lat' dir='ltr'>iste,</span> <span class='ocrx_word' id='word_1_40' title='bbox 1808 918 1890 973; x_wconf 85' lang='lat' dir='ltr'>quern</span> <span class='ocrx_word' id='word_1_41' title='bbox 1904 920 2001 963; x_wconf 80' lang='lat' dir='ltr'>saneta</span> 
     </span>
     <span class='ocr_line' id='line_1_4' title="bbox 365 986 2002 1068; baseline -0.001 -15"><span class='ocrx_word' id='word_1_42' title='bbox 365 999 475 1068; x_wconf 84' lang='lat' dir='ltr'>cogitet,</span> <span class='ocrx_word' id='word_1_43' title='bbox 490 998 543 1052; x_wconf 91' lang='lat' dir='ltr'>hoe</span> <span class='ocrx_word' id='word_1_44' title='bbox 554 1005 647 1068; x_wconf 88' lang='lat' dir='ltr'>guttur</span> <span class='ocrx_word' id='word_1_45' title='bbox 663 1010 729 1051; x_wconf 87' lang='lat' dir='ltr'>roee</span> <span class='ocrx_word' id='word_1_46' title='bbox 746 1002 873 1056; x_wconf 76' lang='lat' dir='ltr'><strong>resonet,</strong></span> <span class='ocrx_word' id='word_1_47' title='bbox 896 992 947 1047; x_wconf 90' lang='lat' dir='ltr'>hoe</span> <span class='ocrx_word' id='word_1_48' title='bbox 962 990 1051 1060; x_wconf 82' lang='lat' dir='ltr'>lingua</span> <span class='ocrx_word' id='word_1_49' title='bbox 1066 989 1092 1043; x_wconf 90' lang='lat' dir='ltr'>in</span> <span class='ocrx_word' id='word_1_50' title='bbox 1107 1003 1155 1058; x_wconf 91' lang='lat' dir='ltr'>pa·</span> <span class='ocrx_word' id='word_1_51' title='bbox 1205 1002 1271 1041; x_wconf 83' lang='lat' dir='ltr'>crux</span> <span class='ocrx_word' id='word_1_52' title='bbox 1300 986 1327 1041; x_wconf 93' lang='lat' dir='ltr'>in</span> <span class='ocrx_word' id='word_1_53' title='bbox 1355 988 1447 1056; x_wconf 91' lang='lat' dir='ltr'>patulo</span> <span class='ocrx_word' id='word_1_54' title='bbox 1473 989 1589 1057; x_wconf 87' lang='lat' dir='ltr'>gestarit</span> <span class='ocrx_word' id='word_1_55' title='bbox 1615 990 1852 1063; x_wconf 78' lang='lat' dir='ltr'>stipitezipseque</span> <span class='ocrx_word' id='word_1_56' title='bbox 1874 996 2002 1053; x_wconf 76' lang='lat' dir='ltr'>manilius</span> 
     </span>
     <span class='ocr_line' id='line_1_5' title="bbox 365 1076 2001 1157; baseline 0 -15"><span class='ocrx_word' id='word_1_57' title='bbox 365 1088 420 1143; x_wconf 88' lang='lat' dir='ltr'>lato</span> <span class='ocrx_word' id='word_1_58' title='bbox 434 1095 589 1157; x_wconf 82' lang='lat' dir='ltr'>corrompct,</span> <span class='ocrx_word' id='word_1_59' title='bbox 603 1087 655 1143; x_wconf 89' lang='lat' dir='ltr'>hoe</span> <span class='ocrx_word' id='word_1_60' title='bbox 676 1100 772 1140; x_wconf 91' lang='lat' dir='ltr'>manus</span> <span class='ocrx_word' id='word_1_61' title='bbox 785 1083 883 1138; x_wconf 88' lang='lat' dir='ltr'>litteris</span> <span class='ocrx_word' id='word_1_62' title='bbox 894 1081 1006 1145; x_wconf 85' lang='lat' dir='ltr'>scribat,</span> <span class='ocrx_word' id='word_1_63' title='bbox 1018 1080 1069 1134; x_wconf 89' lang='lat' dir='ltr'>hoc</span> <span class='ocrx_word' id='word_1_64' title='bbox 1082 1077 1155 1132; x_wconf 85' lang='lat' dir='ltr'>labia</span> <span class='ocrx_word' id='word_1_65' title='bbox 1205 1076 1261 1131; x_wconf 92' lang='lat' dir='ltr'>suis</span> <span class='ocrx_word' id='word_1_66' title='bbox 1274 1078 1401 1147; x_wconf 82' lang='lat' dir='ltr'>expansis</span> <span class='ocrx_word' id='word_1_67' title='bbox 1423 1078 1456 1133; x_wconf 91' lang='lat' dir='ltr'>ad</span> <span class='ocrx_word' id='word_1_68' title='bbox 1478 1078 1608 1135; x_wconf 87' lang='lat' dir='ltr'>medelam</span> <span class='ocrx_word' id='word_1_69' title='bbox 1621 1096 1667 1135; x_wconf 89' lang='lat' dir='ltr'>ros</span> <span class='ocrx_word' id='word_1_70' title='bbox 1687 1081 1792 1147; x_wconf 88' lang='lat' dir='ltr'>inuitat,</span> <span class='ocrx_word' id='word_1_71' title='bbox 1807 1084 1852 1154; x_wconf 86' lang='lat' dir='ltr'>qui</span> <span class='ocrx_word' id='word_1_72' title='bbox 1863 1086 1940 1141; x_wconf 79' lang='lat' dir='ltr'>nohis</span> <span class='ocrx_word' id='word_1_73' title='bbox 1954 1103 2001 1142; x_wconf 86' lang='lat' dir='ltr'>sa-</span> 
     </span>
     <span class='ocr_line' id='line_1_6' title="bbox 364 1167 2001 1247; baseline 0 -15"><span class='ocrx_word' id='word_1_74' title='bbox 364 1178 455 1232; x_wconf 88' lang='lat' dir='ltr'>rerbis</span> <span class='ocrx_word' id='word_1_75' title='bbox 468 1178 630 1247; x_wconf 81' lang='lat' dir='ltr'>exprimant,</span> <span class='ocrx_word' id='word_1_76' title='bbox 646 1177 697 1231; x_wconf 89' lang='lat' dir='ltr'>hoc</span> <span class='ocrx_word' id='word_1_77' title='bbox 711 1176 768 1245; x_wconf 88' lang='lat' dir='ltr'>ipsa</span> <span class='ocrx_word' id='word_1_78' title='bbox 786 1173 872 1245; x_wconf 82' lang='lat' dir='ltr'>figura</span> <span class='ocrx_word' id='word_1_79' title='bbox 886 1171 1000 1226; x_wconf 84' lang='lat' dir='ltr'>metrico</span> <span class='ocrx_word' id='word_1_80' title='bbox 1010 1184 1092 1239; x_wconf 90' lang='lat' dir='ltr'>opere</span> <span class='ocrx_word' id='word_1_81' title='bbox 1105 1169 1154 1223; x_wconf 91' lang='lat' dir='ltr'>de·</span> <span class='ocrx_word' id='word_1_82' title='bbox 1205 1167 1318 1222; x_wconf 86' lang='lat' dir='ltr'>nitatem</span> <span class='ocrx_word' id='word_1_83' title='bbox 1332 1168 1463 1239; x_wconf 81' lang='lat' dir='ltr'>integram</span> <span class='ocrx_word' id='word_1_84' title='bbox 1477 1169 1557 1225; x_wconf 91' lang='lat' dir='ltr'>citius</span> <span class='ocrx_word' id='word_1_85' title='bbox 1579 1178 1699 1240; x_wconf 75' lang='lat' dir='ltr'>praestat.</span> <span class='ocrx_word' id='word_1_86' title='bbox 1712 1172 1825 1228; x_wconf 90' lang='lat' dir='ltr'>Pandite</span> <span class='ocrx_word' id='word_1_87' title='bbox 1846 1174 1884 1229; x_wconf 86' lang='lat' dir='ltr'>illi</span> <span class='ocrx_word' id='word_1_88' title='bbox 1901 1177 2001 1234; x_wconf 81' lang='lat' dir='ltr'>vulnus</span> 
     </span>
     <span class='ocr_line' id='line_1_7' title="bbox 364 1258 2000 1337; baseline 0.003 -19"><span class='ocrx_word' id='word_1_89' title='bbox 364 1267 464 1337; x_wconf 87' lang='lat' dir='ltr'>pictam</span> <span class='ocrx_word' id='word_1_90' title='bbox 480 1275 573 1321; x_wconf 90' lang='lat' dir='ltr'>notet:</span> <span class='ocrx_word' id='word_1_91' title='bbox 592 1282 651 1335; x_wconf 81' lang='lat' dir='ltr'>quac</span> <span class='ocrx_word' id='word_1_92' title='bbox 668 1264 731 1319; x_wconf 89' lang='lat' dir='ltr'>lieet</span> <span class='ocrx_word' id='word_1_93' title='bbox 744 1262 897 1327; x_wconf 88' lang='lat' dir='ltr'>dilheulter,</span> <span class='ocrx_word' id='word_1_94' title='bbox 913 1271 1003 1315; x_wconf 87' lang='lat' dir='ltr'>tamen</span> <span class='ocrx_word' id='word_1_95' title='bbox 1017 1258 1156 1315; x_wconf 85' lang='lat' dir='ltr'>ordinabi·</span> <span class='ocrx_word' id='word_1_96' title='bbox 1205 1262 1313 1324; x_wconf 85' lang='lat' dir='ltr'>urentis,</span> <span class='ocrx_word' id='word_1_97' title='bbox 1329 1271 1356 1316; x_wconf 89' lang='lat' dir='ltr'>et</span> <span class='ocrx_word' id='word_1_98' title='bbox 1374 1261 1399 1315; x_wconf 90' lang='lat' dir='ltr'>io</span> <span class='ocrx_word' id='word_1_99' title='bbox 1415 1261 1504 1317; x_wconf 87' lang='lat' dir='ltr'>ulcere</span> <span class='ocrx_word' id='word_1_100' title='bbox 1516 1264 1637 1332; x_wconf 90' lang='lat' dir='ltr'>eorporis</span> <span class='ocrx_word' id='word_1_101' title='bbox 1648 1264 1721 1319; x_wconf 86' lang='lat' dir='ltr'>viros</span> <span class='ocrx_word' id='word_1_102' title='bbox 1735 1264 1823 1321; x_wconf 89' lang='lat' dir='ltr'>latens</span> <span class='ocrx_word' id='word_1_103' title='bbox 1837 1267 1922 1323; x_wconf 90' lang='lat' dir='ltr'>nolite</span> <span class='ocrx_word' id='word_1_104' title='bbox 1934 1269 2000 1325; x_wconf 89' lang='lat' dir='ltr'>ahs-</span> 
     </span>
     <span class='ocr_line' id='line_1_8' title="bbox 365 1349 2001 1432; baseline 0.004 -23"><span class='ocrx_word' id='word_1_105' title='bbox 365 1356 427 1411; x_wconf 84' lang='lat' dir='ltr'>liter</span> <span class='ocrx_word' id='word_1_106' title='bbox 447 1371 497 1426; x_wconf 86' lang='lat' dir='ltr'>per</span> <span class='ocrx_word' id='word_1_107' title='bbox 514 1354 758 1427; x_wconf 81' lang='lat' dir='ltr'>quadragenarium</span> <span class='ocrx_word' id='word_1_108' title='bbox 775 1354 802 1407; x_wconf 92' lang='lat' dir='ltr'>in</span> <span class='ocrx_word' id='word_1_109' title='bbox 826 1361 942 1422; x_wconf 85' lang='lat' dir='ltr'>quatuor</span> <span class='ocrx_word' id='word_1_110' title='bbox 956 1350 1071 1405; x_wconf 79' lang='lat' dir='ltr'>decades</span> <span class='ocrx_word' id='word_1_111' title='bbox 1087 1349 1155 1405; x_wconf 88' lang='lat' dir='ltr'>diri·</span> <span class='ocrx_word' id='word_1_112' title='bbox 1205 1355 1336 1419; x_wconf 84' lang='lat' dir='ltr'>conderc;</span> <span class='ocrx_word' id='word_1_113' title='bbox 1353 1356 1456 1425; x_wconf 90' lang='lat' dir='ltr'>poscite</span> <span class='ocrx_word' id='word_1_114' title='bbox 1470 1357 1603 1413; x_wconf 92' lang='lat' dir='ltr'>medelam</span> <span class='ocrx_word' id='word_1_115' title='bbox 1623 1357 1712 1413; x_wconf 89' lang='lat' dir='ltr'>cordis</span> <span class='ocrx_word' id='word_1_116' title='bbox 1727 1359 1880 1425; x_wconf 87' lang='lat' dir='ltr'>devotione,</span> <span class='ocrx_word' id='word_1_117' title='bbox 1901 1370 1928 1415; x_wconf 93' lang='lat' dir='ltr'>et</span> <span class='ocrx_word' id='word_1_118' title='bbox 1941 1362 2001 1432; x_wconf 93' lang='lat' dir='ltr'>pul-</span> 
     </span>
     <span class='ocr_line' id='line_1_9' title="bbox 365 1441 2001 1522; baseline 0.004 -19"><span class='ocrx_word' id='word_1_119' title='bbox 365 1464 423 1503; x_wconf 85' lang='lat' dir='ltr'>surn</span> <span class='ocrx_word' id='word_1_120' title='bbox 439 1460 465 1503; x_wconf 85' lang='lat' dir='ltr'>ct</span> <span class='ocrx_word' id='word_1_121' title='bbox 476 1447 672 1518; x_wconf 82' lang='lat' dir='ltr'>exemplatum,</span> <span class='ocrx_word' id='word_1_122' title='bbox 698 1446 770 1500; x_wconf 86' lang='lat' dir='ltr'>eluro</span> <span class='ocrx_word' id='word_1_123' title='bbox 791 1452 892 1500; x_wconf 78' lang='lat' dir='ltr'>soriche</span> <span class='ocrx_word' id='word_1_124' title='bbox 905 1441 995 1496; x_wconf 89' lang='lat' dir='ltr'>crucis</span> <span class='ocrx_word' id='word_1_125' title='bbox 1018 1442 1154 1511; x_wconf 72' lang='lat' dir='ltr'>preconia</span> <span class='ocrx_word' id='word_1_126' title='bbox 1205 1457 1263 1502; x_wconf 88' lang='lat' dir='ltr'>sate</span> <span class='ocrx_word' id='word_1_127' title='bbox 1274 1448 1407 1502; x_wconf 91' lang='lat' dir='ltr'>medichm</span> <span class='ocrx_word' id='word_1_128' title='bbox 1421 1448 1448 1502; x_wconf 90' lang='lat' dir='ltr'>in</span> <span class='ocrx_word' id='word_1_129' title='bbox 1459 1449 1592 1504; x_wconf 90' lang='lat' dir='ltr'>honorum</span> <span class='ocrx_word' id='word_1_130' title='bbox 1603 1464 1715 1520; x_wconf 86' lang='lat' dir='ltr'>operum</span> <span class='ocrx_word' id='word_1_131' title='bbox 1727 1451 1899 1506; x_wconf 84' lang='lat' dir='ltr'>strenuitate.</span> <span class='ocrx_word' id='word_1_132' title='bbox 1911 1451 2001 1522; x_wconf 82' lang='lat' dir='ltr'>Ipsius</span> 
     </span>
     <span class='ocr_line' id='line_1_10' title="bbox 364 1536 2001 1617; baseline 0.001 -22"><span class='ocrx_word' id='word_1_133' title='bbox 364 1543 473 1612; x_wconf 88' lang='lat' dir='ltr'>promit,</span> <span class='ocrx_word' id='word_1_134' title='bbox 487 1543 533 1612; x_wconf 86' lang='lat' dir='ltr'>qui</span> <span class='ocrx_word' id='word_1_135' title='bbox 545 1557 673 1597; x_wconf 89' lang='lat' dir='ltr'>numerus</span> <span class='ocrx_word' id='word_1_136' title='bbox 688 1542 782 1612; x_wconf 88' lang='lat' dir='ltr'>plenus</span> <span class='ocrx_word' id='word_1_137' title='bbox 804 1541 932 1612; x_wconf 74' lang='lat' dir='ltr'>mysterio</span> <span class='ocrx_word' id='word_1_138' title='bbox 950 1536 1113 1601; x_wconf 77' lang='lat' dir='ltr'>vonerabili,</span> <span class='ocrx_word' id='word_1_139' title='bbox 1127 1545 1155 1591; x_wconf 90' lang='lat' dir='ltr'>et</span> <span class='ocrx_word' id='word_1_140' title='bbox 1204 1555 1268 1609; x_wconf 82' lang='lat' dir='ltr'>ergo</span> <span class='ocrx_word' id='word_1_141' title='bbox 1282 1554 1376 1594; x_wconf 65' lang='lat' dir='ltr'>maurus</span> <span class='ocrx_word' id='word_1_142' title='bbox 1394 1539 1532 1596; x_wconf 79' lang='lat' dir='ltr'>salutifera</span> <span class='ocrx_word' id='word_1_143' title='bbox 1550 1554 1604 1596; x_wconf 91' lang='lat' dir='ltr'>non</span> <span class='ocrx_word' id='word_1_144' title='bbox 1620 1540 1647 1617; x_wconf 86' lang='lat' dir='ltr'>in</span> <span class='ocrx_word' id='word_1_145' title='bbox 1661 1541 1790 1597; x_wconf 89' lang='lat' dir='ltr'>dilatione</span> <span class='ocrx_word' id='word_1_146' title='bbox 1803 1543 1935 1613; x_wconf 89' lang='lat' dir='ltr'>temporis</span> <span class='ocrx_word' id='word_1_147' title='bbox 1951 1555 2001 1598; x_wconf 93' lang='lat' dir='ltr'>no·</span> 
     </span>
     <span class='ocr_line' id='line_1_11' title="bbox 364 1632 1998 1704; baseline 0.002 -16"><span class='ocrx_word' id='word_1_148' title='bbox 364 1650 481 1704; x_wconf 84' lang='lat' dir='ltr'>superno</span> <span class='ocrx_word' id='word_1_149' title='bbox 507 1649 619 1689; x_wconf 89' lang='lat' dir='ltr'>screnus</span> <span class='ocrx_word' id='word_1_150' title='bbox 641 1633 760 1697; x_wconf 80' lang='lat' dir='ltr'>lumine,</span> <span class='ocrx_word' id='word_1_151' title='bbox 781 1633 963 1687; x_wconf 78' lang='lat' dir='ltr'>intercutem</span> <span class='ocrx_word' id='word_1_152' title='bbox 984 1635 1154 1685; x_wconf 87' lang='lat' dir='ltr'>sacramenta</span> <span class='ocrx_word' id='word_1_153' title='bbox 1204 1632 1377 1695; x_wconf 87' lang='lat' dir='ltr'>rittardarc,</span> <span class='ocrx_word' id='word_1_154' title='bbox 1406 1633 1453 1688; x_wconf 88' lang='lat' dir='ltr'>sed</span> <span class='ocrx_word' id='word_1_155' title='bbox 1470 1634 1498 1689; x_wconf 91' lang='lat' dir='ltr'>in</span> <span class='ocrx_word' id='word_1_156' title='bbox 1512 1634 1652 1690; x_wconf 83' lang='lat' dir='ltr'>uelocitate</span> <span class='ocrx_word' id='word_1_157' title='bbox 1675 1637 1803 1692; x_wconf 83' lang='lat' dir='ltr'>metuenti</span> <span class='ocrx_word' id='word_1_158' title='bbox 1827 1637 1925 1692; x_wconf 86' lang='lat' dir='ltr'>idonea</span> <span class='ocrx_word' id='word_1_159' title='bbox 1938 1645 1998 1704; x_wconf 90' lang='lat' dir='ltr'>est,</span> 
     </span>
     <span class='ocr_line' id='line_1_12' title="bbox 364 1718 1999 1798; baseline 0.003 -19"><span class='ocrx_word' id='word_1_160' title='bbox 364 1723 569 1794; x_wconf 76' lang='lat' dir='ltr'>sigiridmtionis</span> <span class='ocrx_word' id='word_1_161' title='bbox 584 1738 639 1778; x_wconf 80' lang='lat' dir='ltr'>sum</span> <span class='ocrx_word' id='word_1_162' title='bbox 664 1722 806 1793; x_wconf 73' lang='lat' dir='ltr'>presentis</span> <span class='ocrx_word' id='word_1_163' title='bbox 830 1721 959 1793; x_wconf 87' lang='lat' dir='ltr'>temporis</span> <span class='ocrx_word' id='word_1_164' title='bbox 979 1727 1067 1792; x_wconf 88' lang='lat' dir='ltr'>gestat</span> <span class='ocrx_word' id='word_1_165' title='bbox 1089 1718 1155 1790; x_wconf 84' lang='lat' dir='ltr'>tigu·</span> <span class='ocrx_word' id='word_1_166' title='bbox 1204 1723 1347 1779; x_wconf 82' lang='lat' dir='ltr'>sartitatcm</span> <span class='ocrx_word' id='word_1_167' title='bbox 1361 1735 1490 1794; x_wconf 72' lang='lat' dir='ltr'>prestare</span> <span class='ocrx_word' id='word_1_168' title='bbox 1511 1726 1654 1792; x_wconf 89' lang='lat' dir='ltr'>omnihus,</span> <span class='ocrx_word' id='word_1_169' title='bbox 1679 1728 1725 1798; x_wconf 89' lang='lat' dir='ltr'>qui</span> <span class='ocrx_word' id='word_1_170' title='bbox 1754 1728 1901 1785; x_wconf 76' lang='lat' dir='ltr'>salubriter</span> <span class='ocrx_word' id='word_1_171' title='bbox 1921 1738 1999 1784; x_wconf 89' lang='lat' dir='ltr'>rnetu</span> 
     </span>
     <span class='ocr_line' id='line_1_13' title="bbox 365 1811 1999 1892; baseline -0.001 -14"><span class='ocrx_word' id='word_1_172' title='bbox 365 1829 440 1878; x_wconf 72' lang='lat' dir='ltr'>reru</span> <span class='ocrx_word' id='word_1_173' title='bbox 456 1821 612 1883; x_wconf 79' lang='lat' dir='ltr'>uuosancta</span> <span class='ocrx_word' id='word_1_174' title='bbox 628 1812 747 1867; x_wconf 77' lang='lat' dir='ltr'>Ecclesia</span> <span class='ocrx_word' id='word_1_175' title='bbox 759 1812 809 1867; x_wconf 82' lang='lat' dir='ltr'>suu</span> <span class='ocrx_word' id='word_1_176' title='bbox 822 1811 930 1867; x_wconf 78' lang='lat' dir='ltr'>Christo</span> <span class='ocrx_word' id='word_1_177' title='bbox 942 1812 1073 1883; x_wconf 77' lang='lat' dir='ltr'>principe,</span> <span class='ocrx_word' id='word_1_178' title='bbox 1085 1826 1152 1866; x_wconf 83' lang='lat' dir='ltr'>con·</span> <span class='ocrx_word' id='word_1_179' title='bbox 1205 1821 1373 1888; x_wconf 71' lang='lat' dir='ltr'>compuncti,</span> <span class='ocrx_word' id='word_1_180' title='bbox 1395 1828 1422 1874; x_wconf 75' lang='lat' dir='ltr'>ec</span> <span class='ocrx_word' id='word_1_181' title='bbox 1433 1835 1495 1875; x_wconf 81' lang='lat' dir='ltr'>cum</span> <span class='ocrx_word' id='word_1_182' title='bbox 1510 1821 1662 1875; x_wconf 78' lang='lat' dir='ltr'>reverencia</span> <span class='ocrx_word' id='word_1_183' title='bbox 1683 1822 1718 1877; x_wconf 84' lang='lat' dir='ltr'>au</span> <span class='ocrx_word' id='word_1_184' title='bbox 1738 1821 1796 1892; x_wconf 82' lang='lat' dir='ltr'>ipso</span> <span class='ocrx_word' id='word_1_185' title='bbox 1811 1836 1877 1878; x_wconf 78' lang='lat' dir='ltr'>vero</span> <span class='ocrx_word' id='word_1_186' title='bbox 1889 1823 1999 1878; x_wconf 68' lang='lat' dir='ltr'>inculco</span> 
     </span>
     <span class='ocr_line' id='line_1_14' title="bbox 366 1903 1999 1983; baseline 0.002 -18"><span class='ocrx_word' id='word_1_187' title='bbox 366 1916 407 1961; x_wconf 83' lang='lat' dir='ltr'>tra</span> <span class='ocrx_word' id='word_1_188' title='bbox 417 1905 572 1975; x_wconf 70' lang='lat' dir='ltr'>spirituales</span> <span class='ocrx_word' id='word_1_189' title='bbox 587 1905 722 1974; x_wconf 71' lang='lat' dir='ltr'>nequitias</span> <span class='ocrx_word' id='word_1_190' title='bbox 740 1913 767 1958; x_wconf 68' lang='lat' dir='ltr'>tl</span> <span class='ocrx_word' id='word_1_191' title='bbox 779 1912 874 1959; x_wconf 67' lang='grc'><strong>60111111</strong></span> <span class='ocrx_word' id='word_1_192' title='bbox 889 1912 1024 1958; x_wconf 68' lang='grc'><strong>1111110108</strong></span> <span class='ocrx_word' id='word_1_193' title='bbox 1041 1903 1152 1969; x_wconf 70' lang='grc'><strong>1111111111,</strong></span> <span class='ocrx_word' id='word_1_194' title='bbox 1204 1912 1293 1967; x_wconf 77' lang='lat' dir='ltr'>crrrarri</span> <span class='ocrx_word' id='word_1_195' title='bbox 1309 1920 1447 1983; x_wconf 85' lang='lat' dir='ltr'>appetunt,</span> <span class='ocrx_word' id='word_1_196' title='bbox 1460 1912 1503 1968; x_wconf 91' lang='lat' dir='ltr'>cui</span> <span class='ocrx_word' id='word_1_197' title='bbox 1514 1927 1619 1967; x_wconf 79' lang='lat' dir='ltr'>sumnia</span> <span class='ocrx_word' id='word_1_198' title='bbox 1632 1921 1674 1968; x_wconf 85' lang='lat' dir='ltr'>est</span> <span class='ocrx_word' id='word_1_199' title='bbox 1689 1914 1774 1967; x_wconf 84' lang='lat' dir='ltr'>uirtus</span> <span class='ocrx_word' id='word_1_200' title='bbox 1784 1913 1818 1968; x_wconf 90' lang='lat' dir='ltr'>ad</span> <span class='ocrx_word' id='word_1_201' title='bbox 1828 1912 1999 1968; x_wconf 86' lang='lat' dir='ltr'>curationem</span> 
     </span>
     <span class='ocr_line' id='line_1_15' title="bbox 364 1993 1998 2074; baseline -0.003 -17"><span class='ocrx_word' id='word_1_202' title='bbox 364 2009 440 2057; x_wconf 83' lang='lat' dir='ltr'>scuto</span> <span class='ocrx_word' id='word_1_203' title='bbox 451 2000 512 2055; x_wconf 81' lang='lat' dir='ltr'>ssdei</span> <span class='ocrx_word' id='word_1_204' title='bbox 528 2008 556 2055; x_wconf 88' lang='lat' dir='ltr'>ei</span> <span class='ocrx_word' id='word_1_205' title='bbox 579 1999 661 2055; x_wconf 79' lang='lat' dir='ltr'>lorica</span> <span class='ocrx_word' id='word_1_206' title='bbox 672 1993 795 2067; x_wconf 67' lang='lat' dir='ltr'>iustiliae,</span> <span class='ocrx_word' id='word_1_207' title='bbox 816 1997 892 2068; x_wconf 80' lang='lat' dir='ltr'><strong>galea</strong></span> <span class='ocrx_word' id='word_1_208' title='bbox 910 1996 1005 2051; x_wconf 87' lang='lat' dir='ltr'>salutis</span> <span class='ocrx_word' id='word_1_209' title='bbox 1023 2004 1051 2050; x_wconf 82' lang='lat' dir='ltr'>ot</span> <span class='ocrx_word' id='word_1_210' title='bbox 1065 1995 1154 2067; x_wconf 82' lang='lat' dir='ltr'>gladio</span> <span class='ocrx_word' id='word_1_211' title='bbox 1204 2002 1406 2073; x_wconf 74' lang='lat' dir='ltr'>perficiendam,</span> <span class='ocrx_word' id='word_1_212' title='bbox 1418 2012 1446 2059; x_wconf 78' lang='lat' dir='ltr'>et</span> <span class='ocrx_word' id='word_1_213' title='bbox 1468 2004 1575 2074; x_wconf 77' lang='lat' dir='ltr'>sapiens</span> <span class='ocrx_word' id='word_1_214' title='bbox 1587 2002 1728 2058; x_wconf 75' lang='lat' dir='ltr'>consilium</span> <span class='ocrx_word' id='word_1_215' title='bbox 1750 2002 1908 2058; x_wconf 79' lang='lat' dir='ltr'>adsalutem</span> <span class='ocrx_word' id='word_1_216' title='bbox 1924 2019 1998 2074; x_wconf 71' lang='lat' dir='ltr'>prm-</span> 
     </span>
     <span class='ocr_line' id='line_1_16' title="bbox 365 2088 2000 2163; baseline 0.001 -17"><span class='ocrx_word' id='word_1_217' title='bbox 365 2091 482 2163; x_wconf 87' lang='lat' dir='ltr'>Spiritus</span> <span class='ocrx_word' id='word_1_218' title='bbox 494 2092 556 2161; x_wconf 77' lang='lat' dir='ltr'>(hoe</span> <span class='ocrx_word' id='word_1_219' title='bbox 569 2098 622 2155; x_wconf 93' lang='lat' dir='ltr'>est,</span> <span class='ocrx_word' id='word_1_220' title='bbox 638 2090 720 2144; x_wconf 86' lang='lat' dir='ltr'>rcrho</span> <span class='ocrx_word' id='word_1_221' title='bbox 734 2088 793 2161; x_wconf 80' lang='lat' dir='ltr'>liei)</span> <span class='ocrx_word' id='word_1_222' title='bbox 807 2088 913 2144; x_wconf 84' lang='lat' dir='ltr'>sortitor</span> <span class='ocrx_word' id='word_1_223' title='bbox 926 2098 954 2143; x_wconf 91' lang='lat' dir='ltr'>ct</span> <span class='ocrx_word' id='word_1_224' title='bbox 967 2088 1153 2158; x_wconf 83' lang='lat' dir='ltr'>inseparabili·</span> <span class='ocrx_word' id='word_1_225' title='bbox 1205 2092 1345 2158; x_wconf 86' lang='lat' dir='ltr'>standam;</span> <span class='ocrx_word' id='word_1_226' title='bbox 1360 2092 1407 2161; x_wconf 90' lang='lat' dir='ltr'>qui</span> <span class='ocrx_word' id='word_1_227' title='bbox 1422 2092 1455 2148; x_wconf 88' lang='lat' dir='ltr'>de</span> <span class='ocrx_word' id='word_1_228' title='bbox 1476 2093 1600 2163; x_wconf 83' lang='lat' dir='ltr'>supemis</span> <span class='ocrx_word' id='word_1_229' title='bbox 1619 2101 1646 2147; x_wconf 89' lang='grc' dir='ltr'>ει</span> <span class='ocrx_word' id='word_1_230' title='bbox 1664 2093 1801 2162; x_wconf 87' lang='lat' dir='ltr'>perpetuis</span> <span class='ocrx_word' id='word_1_231' title='bbox 1815 2093 1849 2147; x_wconf 89' lang='lat' dir='ltr'>ad</span> <span class='ocrx_word' id='word_1_232' title='bbox 1864 2092 1958 2147; x_wconf 83' lang='lat' dir='ltr'>infima</span> <span class='ocrx_word' id='word_1_233' title='bbox 1971 2101 2000 2148; x_wconf 88' lang='lat' dir='ltr'>et</span> 
     </span>
     <span class='ocr_line' id='line_1_17' title="bbox 365 2156 1997 2257; baseline 0 -18"><span class='ocrx_word' id='word_1_234' title='bbox 365 2190 407 2239; x_wconf 86' lang='lat' dir='ltr'>ter</span> <span class='ocrx_word' id='word_1_235' title='bbox 419 2182 566 2254; x_wconf 73' lang='lat' dir='ltr'>pretiatur,</span> <span class='ocrx_word' id='word_1_236' title='bbox 582 2190 610 2237; x_wconf 87' lang='grc' dir='ltr'>ει</span> <span class='ocrx_word' id='word_1_237' title='bbox 623 2179 761 2236; x_wconf 89' lang='lat' dir='ltr'>conlidens</span> <span class='ocrx_word' id='word_1_238' title='bbox 778 2180 819 2235; x_wconf 90' lang='lat' dir='ltr'>sui</span> <span class='ocrx_word' id='word_1_239' title='bbox 833 2180 906 2250; x_wconf 89' lang='lat' dir='ltr'>regis</span> <span class='ocrx_word' id='word_1_240' title='bbox 918 2179 1049 2249; x_wconf 89' lang='lat' dir='ltr'>potentia,</span> <span class='ocrx_word' id='word_1_241' title='bbox 1068 2180 1154 2233; x_wconf 87' lang='lat' dir='ltr'>rirtu·</span> <span class='ocrx_word' id='word_1_242' title='bbox 1168 2156 1191 2215; x_wconf 78' lang='grc' dir='ltr'><em>Β</em></span> <span class='ocrx_word' id='word_1_243' title='bbox 1206 2183 1363 2252; x_wconf 79' lang='lat' dir='ltr'>ternporalia</span> <span class='ocrx_word' id='word_1_244' title='bbox 1375 2183 1524 2249; x_wconf 87' lang='lat' dir='ltr'>deseendit,</span> <span class='ocrx_word' id='word_1_245' title='bbox 1541 2191 1570 2237; x_wconf 90' lang='lat' dir='ltr'>ut</span> <span class='ocrx_word' id='word_1_246' title='bbox 1592 2198 1681 2238; x_wconf 89' lang='lat' dir='ltr'>rerum</span> <span class='ocrx_word' id='word_1_247' title='bbox 1701 2165 1826 2257; x_wconf 85' lang='lat' dir='ltr'>naturam</span> <span class='ocrx_word' id='word_1_248' title='bbox 1839 2183 1911 2257; x_wconf 83' lang='lat' dir='ltr'>(qum</span> <span class='ocrx_word' id='word_1_249' title='bbox 1933 2200 1997 2239; x_wconf 86' lang='lat' dir='ltr'>eor-</span> 
     </span>
     <span class='ocr_line' id='line_1_18' title="bbox 365 2268 2000 2346; baseline 0.001 -17"><span class='ocrx_word' id='word_1_250' title='bbox 365 2274 454 2343; x_wconf 83' lang='lat' dir='ltr'>lisque</span> <span class='ocrx_word' id='word_1_251' title='bbox 470 2271 528 2341; x_wconf 87' lang='lat' dir='ltr'>ejus</span> <span class='ocrx_word' id='word_1_252' title='bbox 542 2270 661 2332; x_wconf 79' lang='lat' dir='ltr'>conseia,</span> <span class='ocrx_word' id='word_1_253' title='bbox 679 2270 770 2324; x_wconf 78' lang='lat' dir='ltr'>omitia</span> <span class='ocrx_word' id='word_1_254' title='bbox 786 2269 838 2324; x_wconf 88' lang='lat' dir='ltr'>tela</span> <span class='ocrx_word' id='word_1_255' title='bbox 861 2269 946 2324; x_wconf 88' lang='lat' dir='ltr'>hostis</span> <span class='ocrx_word' id='word_1_256' title='bbox 961 2269 1065 2339; x_wconf 80' lang='lat' dir='ltr'>antiqui</span> <span class='ocrx_word' id='word_1_257' title='bbox 1082 2268 1154 2323; x_wconf 86' lang='lat' dir='ltr'>iran—</span> <span class='ocrx_word' id='word_1_258' title='bbox 1205 2282 1283 2343; x_wconf 88' lang='lat' dir='ltr'>rupta</span> <span class='ocrx_word' id='word_1_259' title='bbox 1294 2273 1345 2346; x_wconf 90' lang='grc' dir='ltr'>εει)</span> <span class='ocrx_word' id='word_1_260' title='bbox 1360 2274 1450 2330; x_wconf 85' lang='lat' dir='ltr'>divina</span> <span class='ocrx_word' id='word_1_261' title='bbox 1463 2274 1662 2344; x_wconf 90' lang='lat' dir='ltr'>dispensatione</span> <span class='ocrx_word' id='word_1_262' title='bbox 1677 2274 1871 2345; x_wconf 77' lang='lat' dir='ltr'>reintegraret,</span> <span class='ocrx_word' id='word_1_263' title='bbox 1895 2282 2000 2330; x_wconf 87' lang='lat' dir='ltr'>metus·</span> 
     </span>
     <span class='ocr_line' id='line_1_19' title="bbox 348 2361 2000 2437; baseline 0.001 -17"><span class='ocrx_word' id='word_1_264' title='bbox 348 2398 351 2404; x_wconf 92' lang='lat'>·</span> <span class='ocrx_word' id='word_1_265' title='bbox 363 2367 403 2436; x_wconf 86' lang='lat' dir='ltr'>git</span> <span class='ocrx_word' id='word_1_266' title='bbox 418 2381 450 2421; x_wconf 90' lang='lat' dir='ltr'>ae</span> <span class='ocrx_word' id='word_1_267' title='bbox 464 2372 612 2435; x_wconf 86' lang='lat' dir='ltr'>prostennt</span> <span class='ocrx_word' id='word_1_268' title='bbox 625 2364 719 2432; x_wconf 87' lang='lat' dir='ltr'>ignita.</span> <span class='ocrx_word' id='word_1_269' title='bbox 732 2362 835 2418; x_wconf 71' lang='lat' dir='ltr'>vexillo</span> <span class='ocrx_word' id='word_1_270' title='bbox 849 2362 948 2432; x_wconf 88' lang='lat' dir='ltr'>quippe</span> <span class='ocrx_word' id='word_1_271' title='bbox 958 2361 1059 2429; x_wconf 89' lang='lat' dir='ltr'>crucis,</span> <span class='ocrx_word' id='word_1_272' title='bbox 1072 2377 1154 2431; x_wconf 73' lang='lat' dir='ltr'>cluam</span> <span class='ocrx_word' id='word_1_273' title='bbox 1203 2379 1256 2433; x_wconf 81' lang='lat' dir='ltr'>qne</span> <span class='ocrx_word' id='word_1_274' title='bbox 1269 2363 1364 2419; x_wconf 87' lang='lat' dir='ltr'>mortis</span> <span class='ocrx_word' id='word_1_275' title='bbox 1378 2364 1476 2430; x_wconf 89' lang='lat' dir='ltr'>abiret,</span> <span class='ocrx_word' id='word_1_276' title='bbox 1495 2373 1522 2420; x_wconf 90' lang='lat' dir='ltr'>ct</span> <span class='ocrx_word' id='word_1_277' title='bbox 1545 2365 1623 2436; x_wconf 88' lang='lat' dir='ltr'>signa</span> <span class='ocrx_word' id='word_1_278' title='bbox 1646 2364 1819 2421; x_wconf 88' lang='lat' dir='ltr'>beatitudinis</span> <span class='ocrx_word' id='word_1_279' title='bbox 1833 2381 1882 2437; x_wconf 88' lang='lat' dir='ltr'>per</span> <span class='ocrx_word' id='word_1_280' title='bbox 1896 2368 2000 2423; x_wconf 82' lang='lat' dir='ltr'>charis·</span> 
     </span>
     <span class='ocr_line' id='line_1_20' title="bbox 363 2450 1996 2528; baseline -0.001 -15"><span class='ocrx_word' id='word_1_281' title='bbox 363 2459 391 2513; x_wconf 92' lang='lat' dir='ltr'>in</span> <span class='ocrx_word' id='word_1_282' title='bbox 407 2458 496 2514; x_wconf 87' lang='lat' dir='ltr'>lrcote</span> <span class='ocrx_word' id='word_1_283' title='bbox 517 2457 649 2528; x_wconf 88' lang='lat' dir='ltr'>signatam</span> <span class='ocrx_word' id='word_1_284' title='bbox 665 2456 723 2525; x_wconf 91' lang='lat' dir='ltr'>ipsa</span> <span class='ocrx_word' id='word_1_285' title='bbox 737 2455 834 2510; x_wconf 80' lang='lat' dir='ltr'>uictrix</span> <span class='ocrx_word' id='word_1_286' title='bbox 849 2453 964 2528; x_wconf 81' lang='lat' dir='ltr'>gloriose</span> <span class='ocrx_word' id='word_1_287' title='bbox 981 2462 1080 2524; x_wconf 84' lang='lat' dir='ltr'>gestat,</span> <span class='ocrx_word' id='word_1_288' title='bbox 1092 2470 1154 2524; x_wconf 91' lang='lat' dir='ltr'>par·</span> <span class='ocrx_word' id='word_1_289' title='bbox 1204 2462 1276 2509; x_wconf 88' lang='lat' dir='ltr'>mata</span> <span class='ocrx_word' id='word_1_290' title='bbox 1302 2454 1393 2509; x_wconf 79' lang='lat' dir='ltr'>divina</span> <span class='ocrx_word' id='word_1_291' title='bbox 1412 2470 1521 2510; x_wconf 90' lang='lat' dir='ltr'>rursum</span> <span class='ocrx_word' id='word_1_292' title='bbox 1544 2456 1571 2510; x_wconf 91' lang='lat' dir='ltr'>in</span> <span class='ocrx_word' id='word_1_293' title='bbox 1600 2450 1709 2511; x_wconf 84' lang='lat' dir='ltr'>homino</span> <span class='ocrx_word' id='word_1_294' title='bbox 1731 2456 1996 2513; x_wconf 87' lang='lat' dir='ltr'>demonstrarentur.</span> 
     </span>
     <span class='ocr_line' id='line_1_21' title="bbox 365 2526 1999 2616; baseline -0.002 -11"><span class='ocrx_word' id='word_1_295' title='bbox 365 2552 398 2605; x_wconf 89' lang='lat' dir='ltr'>tis</span> <span class='ocrx_word' id='word_1_296' title='bbox 412 2550 532 2605; x_wconf 78' lang='lat' dir='ltr'>adversae</span> <span class='ocrx_word' id='word_1_297' title='bbox 542 2547 681 2603; x_wconf 81' lang='lat' dir='ltr'>confundit</span> <span class='ocrx_word' id='word_1_298' title='bbox 694 2526 829 2611; x_wconf 75' lang='lat' dir='ltr'>frontem,</span> <span class='ocrx_word' id='word_1_299' title='bbox 854 2555 935 2615; x_wconf 81' lang='lat' dir='ltr'>atque</span> <span class='ocrx_word' id='word_1_300' title='bbox 952 2561 1049 2601; x_wconf 64' lang='lat' dir='ltr'>servam</span> <span class='ocrx_word' id='word_1_301' title='bbox 1064 2546 1154 2602; x_wconf 89' lang='lat' dir='ltr'>inimi·</span> <span class='ocrx_word' id='word_1_302' title='bbox 1203 2544 1685 2616; x_wconf 84' lang='lat' dir='ltr'>Numerumergoquinquagenarium</span> <span class='ocrx_word' id='word_1_303' title='bbox 1692 2544 1840 2601; x_wconf 84' lang='lat' dir='ltr'>salutarem</span> <span class='ocrx_word' id='word_1_304' title='bbox 1848 2545 1927 2602; x_wconf 86' lang='lat' dir='ltr'>nobis</span> <span class='ocrx_word' id='word_1_305' title='bbox 1937 2562 1999 2602; x_wconf 83' lang='lat' dir='ltr'>csse</span> 
     </span>
     <span class='ocr_line' id='line_1_22' title="bbox 363 2633 1999 2711; baseline -0.003 -14"><span class='ocrx_word' id='word_1_306' title='bbox 363 2657 457 2698; x_wconf 88' lang='lat' dir='ltr'>corum</span> <span class='ocrx_word' id='word_1_307' title='bbox 469 2641 558 2697; x_wconf 88' lang='lat' dir='ltr'>suhito</span> <span class='ocrx_word' id='word_1_308' title='bbox 569 2641 710 2711; x_wconf 83' lang='lat' dir='ltr'>perturbat</span> <span class='ocrx_word' id='word_1_309' title='bbox 721 2639 816 2695; x_wconf 89' lang='lat' dir='ltr'>aciem.</span> <span class='ocrx_word' id='word_1_310' title='bbox 831 2637 902 2710; x_wconf 85' lang='lat' dir='ltr'>Ergo</span> <span class='ocrx_word' id='word_1_311' title='bbox 923 2638 950 2693; x_wconf 89' lang='lat' dir='ltr'>in</span> <span class='ocrx_word' id='word_1_312' title='bbox 966 2648 1060 2694; x_wconf 83' lang='lat' dir='ltr'>sancta</span> <span class='ocrx_word' id='word_1_313' title='bbox 1073 2655 1154 2695; x_wconf 87' lang='lat' dir='ltr'>eruce</span> <span class='ocrx_word' id='word_1_314' title='bbox 1203 2643 1303 2690; x_wconf 80' lang='lat' dir='ltr'>sanctae</span> <span class='ocrx_word' id='word_1_315' title='bbox 1329 2635 1418 2690; x_wconf 88' lang='lat' dir='ltr'>crucis</span> <span class='ocrx_word' id='word_1_316' title='bbox 1437 2634 1542 2705; x_wconf 88' lang='lat' dir='ltr'>speeies</span> <span class='ocrx_word' id='word_1_317' title='bbox 1556 2633 1583 2689; x_wconf 93' lang='lat' dir='ltr'>in</span> <span class='ocrx_word' id='word_1_318' title='bbox 1599 2635 1727 2691; x_wconf 85' lang='lat' dir='ltr'>cornibus</span> <span class='ocrx_word' id='word_1_319' title='bbox 1747 2635 1803 2691; x_wconf 87' lang='lat' dir='ltr'>suis</span> <span class='ocrx_word' id='word_1_320' title='bbox 1830 2636 1999 2707; x_wconf 85' lang='lat' dir='ltr'>descriptum</span> 
     </span>
     <span class='ocr_line' id='line_1_23' title="bbox 363 2726 1998 2801; baseline -0.003 -13"><span class='ocrx_word' id='word_1_321' title='bbox 363 2729 1153 2801; x_wconf 80' lang='lat' dir='ltr'>Salvatornosterantiquumhostemuicerat,etinoumoro</span> <span class='ocrx_word' id='word_1_322' title='bbox 1204 2726 1392 2782; x_wconf 80' lang='lat' dir='ltr'>venerabiliter</span> <span class='ocrx_word' id='word_1_323' title='bbox 1405 2734 1525 2792; x_wconf 68' lang='lat' dir='ltr'>notahct</span> <span class='ocrx_word' id='word_1_324' title='bbox 1534 2727 1712 2783; x_wconf 85' lang='lat' dir='ltr'>sacramentis</span> <span class='ocrx_word' id='word_1_325' title='bbox 1722 2727 1998 2799; x_wconf 85' lang='lat' dir='ltr'>eoelestibusplenum</span> 
     </span>
     <span class='ocr_line' id='line_1_24' title="bbox 362 2816 1999 2894; baseline -0.004 -12"><span class='ocrx_word' id='word_1_326' title='bbox 362 2824 421 2894; x_wconf 85' lang='lat' dir='ltr'>ejus</span> <span class='ocrx_word' id='word_1_327' title='bbox 434 2825 525 2893; x_wconf 76' lang='lat' dir='ltr'>ligura</span> <span class='ocrx_word' id='word_1_328' title='bbox 542 2824 593 2878; x_wconf 88' lang='lat' dir='ltr'>rite</span> <span class='ocrx_word' id='word_1_329' title='bbox 607 2830 635 2877; x_wconf 89' lang='lat' dir='ltr'>et</span> <span class='ocrx_word' id='word_1_330' title='bbox 656 2830 718 2892; x_wconf 91' lang='lat' dir='ltr'>apte</span> <span class='ocrx_word' id='word_1_331' title='bbox 732 2820 917 2886; x_wconf 83' lang='lat' dir='ltr'>convenienti,</span> <span class='ocrx_word' id='word_1_332' title='bbox 939 2821 1153 2890; x_wconf 83' lang='lat' dir='ltr'>quadragenario</span> <span class='ocrx_word' id='word_1_333' title='bbox 1203 2832 1263 2872; x_wconf 85' lang='lat' dir='ltr'>esse</span> <span class='ocrx_word' id='word_1_334' title='bbox 1280 2818 1332 2872; x_wconf 89' lang='lat' dir='ltr'>rito</span> <span class='ocrx_word' id='word_1_335' title='bbox 1346 2817 1479 2888; x_wconf 88' lang='lat' dir='ltr'>designat.</span> <span class='ocrx_word' id='word_1_336' title='bbox 1503 2816 1532 2872; x_wconf 92' lang='lat' dir='ltr'>lo</span> <span class='ocrx_word' id='word_1_337' title='bbox 1547 2817 1592 2872; x_wconf 90' lang='lat' dir='ltr'>illo</span> <span class='ocrx_word' id='word_1_338' title='bbox 1603 2816 1676 2873; x_wconf 89' lang='lat' dir='ltr'>enim</span> <span class='ocrx_word' id='word_1_339' title='bbox 1688 2818 1744 2873; x_wconf 83' lang='lat' dir='ltr'>teri</span> <span class='ocrx_word' id='word_1_340' title='bbox 1759 2817 1880 2889; x_wconf 82' lang='lat' dir='ltr'>johilaei,</span> <span class='ocrx_word' id='word_1_341' title='bbox 1911 2819 1939 2874; x_wconf 94' lang='lat' dir='ltr'>id</span> <span class='ocrx_word' id='word_1_342' title='bbox 1953 2829 1999 2875; x_wconf 81' lang='lat' dir='ltr'>est</span> 
     </span>
     <span class='ocr_line' id='line_1_25' title="bbox 362 2910 2001 2985; baseline -0.001 -12"><span class='ocrx_word' id='word_1_343' title='bbox 362 2917 497 2981; x_wconf 82' lang='lat' dir='ltr'>uidelicet,</span> <span class='ocrx_word' id='word_1_344' title='bbox 506 2930 612 2970; x_wconf 88' lang='lat' dir='ltr'>sacrum</span> <span class='ocrx_word' id='word_1_345' title='bbox 623 2910 756 2985; x_wconf 70' lang='lat' dir='ltr'>jejunium</span> <span class='ocrx_word' id='word_1_346' title='bbox 770 2914 797 2968; x_wconf 90' lang='lat' dir='ltr'>in</span> <span class='ocrx_word' id='word_1_347' title='bbox 808 2912 915 2968; x_wconf 87' lang='lat' dir='ltr'>deserto</span> <span class='ocrx_word' id='word_1_348' title='bbox 924 2913 1111 2982; x_wconf 82' lang='lat' dir='ltr'>protendebat,</span> <span class='ocrx_word' id='word_1_349' title='bbox 1124 2920 1154 2966; x_wconf 91' lang='lat' dir='ltr'>ut</span> <span class='ocrx_word' id='word_1_350' title='bbox 1203 2910 1288 2982; x_wconf 80' lang='lat' dir='ltr'>plcnae</span> <span class='ocrx_word' id='word_1_351' title='bbox 1306 2912 1485 2980; x_wconf 85' lang='lat' dir='ltr'>remissionis,</span> <span class='ocrx_word' id='word_1_352' title='bbox 1500 2915 1594 2970; x_wconf 85' lang='lat' dir='ltr'>notitia</span> <span class='ocrx_word' id='word_1_353' title='bbox 1616 2915 1710 2978; x_wconf 87' lang='lat' dir='ltr'>datur,</span> <span class='ocrx_word' id='word_1_354' title='bbox 1727 2915 1753 2970; x_wconf 92' lang='lat' dir='ltr'>io</span> <span class='ocrx_word' id='word_1_355' title='bbox 1773 2915 1818 2971; x_wconf 90' lang='lat' dir='ltr'>illo</span> <span class='ocrx_word' id='word_1_356' title='bbox 1832 2916 1937 2972; x_wconf 90' lang='lat' dir='ltr'>sahhati</span> <span class='ocrx_word' id='word_1_357' title='bbox 1953 2932 2001 2972; x_wconf 86' lang='lat' dir='ltr'>re·</span> 
     </span>
     <span class='ocr_line' id='line_1_26' title="bbox 362 3004 2001 3081; baseline -0.002 -15"><span class='ocrx_word' id='word_1_358' title='bbox 362 3021 500 3081; x_wconf 87' lang='lat' dir='ltr'>raptorem</span> <span class='ocrx_word' id='word_1_359' title='bbox 508 3007 784 3064; x_wconf 77' lang='lat' dir='ltr'>fraudulentissimum</span> <span class='ocrx_word' id='word_1_360' title='bbox 794 3006 870 3077; x_wconf 91' lang='lat' dir='ltr'>prius</span> <span class='ocrx_word' id='word_1_361' title='bbox 879 3014 1037 3071; x_wconf 79' lang='lat' dir='ltr'>tentantem,</span> <span class='ocrx_word' id='word_1_362' title='bbox 1047 3022 1096 3077; x_wconf 87' lang='lat' dir='ltr'>per</span> <span class='ocrx_word' id='word_1_363' title='bbox 1107 3022 1154 3077; x_wconf 86' lang='lat' dir='ltr'>pa·</span> <span class='ocrx_word' id='word_1_364' title='bbox 1204 3004 1281 3073; x_wconf 82' lang='lat' dir='ltr'>quies</span> <span class='ocrx_word' id='word_1_365' title='bbox 1293 3004 1345 3061; x_wconf 88' lang='lat' dir='ltr'>rite</span> <span class='ocrx_word' id='word_1_366' title='bbox 1362 3004 1525 3061; x_wconf 77' lang='lat' dir='ltr'>celebratur.</span> <span class='ocrx_word' id='word_1_367' title='bbox 1541 3006 1587 3062; x_wconf 89' lang='lat' dir='ltr'>llle</span> <span class='ocrx_word' id='word_1_368' title='bbox 1610 3006 1677 3077; x_wconf 86' lang='lat' dir='ltr'>legis</span> <span class='ocrx_word' id='word_1_369' title='bbox 1698 3008 1798 3064; x_wconf 88' lang='lat' dir='ltr'>veteris</span> <span class='ocrx_word' id='word_1_370' title='bbox 1809 3006 1918 3063; x_wconf 85' lang='lat' dir='ltr'>datione</span> <span class='ocrx_word' id='word_1_371' title='bbox 1931 3007 2001 3062; x_wconf 90' lang='lat' dir='ltr'>iosi-</span> 
     </span>
     <span class='ocr_line' id='line_1_27' title="bbox 363 3096 1999 3170; baseline -0.003 -11"><span class='ocrx_word' id='word_1_372' title='bbox 363 3103 487 3159; x_wconf 89' lang='lat' dir='ltr'>ticntiam</span> <span class='ocrx_word' id='word_1_373' title='bbox 498 3111 526 3157; x_wconf 85' lang='lat' dir='ltr'>et</span> <span class='ocrx_word' id='word_1_374' title='bbox 547 3101 727 3157; x_wconf 86' lang='lat' dir='ltr'>humilitatem</span> <span class='ocrx_word' id='word_1_375' title='bbox 749 3100 889 3166; x_wconf 75' lang='lat' dir='ltr'>uinceret,</span> <span class='ocrx_word' id='word_1_376' title='bbox 905 3113 938 3154; x_wconf 91' lang='lat' dir='ltr'>ac</span> <span class='ocrx_word' id='word_1_377' title='bbox 957 3098 1054 3156; x_wconf 90' lang='lat' dir='ltr'>deinde</span> <span class='ocrx_word' id='word_1_378' title='bbox 1066 3099 1093 3154; x_wconf 90' lang='lat' dir='ltr'>in</span> <span class='ocrx_word' id='word_1_379' title='bbox 1108 3114 1154 3155; x_wconf 88' lang='lat' dir='ltr'>ue·</span> <span class='ocrx_word' id='word_1_380' title='bbox 1203 3096 1263 3168; x_wconf 88' lang='lat' dir='ltr'>gnis</span> <span class='ocrx_word' id='word_1_381' title='bbox 1276 3104 1328 3163; x_wconf 91' lang='lat' dir='ltr'>est,</span> <span class='ocrx_word' id='word_1_382' title='bbox 1343 3105 1371 3153; x_wconf 91' lang='grc' dir='ltr'>ει</span> <span class='ocrx_word' id='word_1_383' title='bbox 1380 3097 1407 3151; x_wconf 92' lang='lat' dir='ltr'>io</span> <span class='ocrx_word' id='word_1_384' title='bbox 1423 3096 1539 3153; x_wconf 85' lang='lat' dir='ltr'>adventu</span> <span class='ocrx_word' id='word_1_385' title='bbox 1555 3097 1671 3169; x_wconf 77' lang='lat' dir='ltr'>Spiritus</span> <span class='ocrx_word' id='word_1_386' title='bbox 1685 3099 1813 3169; x_wconf 88' lang='lat' dir='ltr'>paracleti</span> <span class='ocrx_word' id='word_1_387' title='bbox 1831 3114 1912 3170; x_wconf 91' lang='lat' dir='ltr'>super</span> <span class='ocrx_word' id='word_1_388' title='bbox 1926 3116 1999 3170; x_wconf 88' lang='lat' dir='ltr'>apo·</span> 
     </span>
     <span class='ocr_line' id='line_1_28' title="bbox 362 3188 1999 3266; baseline -0.002 -17"><span class='ocrx_word' id='word_1_389' title='bbox 362 3194 447 3266; x_wconf 84' lang='lat' dir='ltr'>quitio</span> <span class='ocrx_word' id='word_1_390' title='bbox 460 3209 508 3249; x_wconf 86' lang='lat' dir='ltr'>sua</span> <span class='ocrx_word' id='word_1_391' title='bbox 522 3192 712 3264; x_wconf 78' lang='lat' dir='ltr'>persistentem</span> <span class='ocrx_word' id='word_1_392' title='bbox 736 3206 769 3247; x_wconf 92' lang='lat' dir='ltr'>ae</span> <span class='ocrx_word' id='word_1_393' title='bbox 783 3192 974 3263; x_wconf 77' lang='lat' dir='ltr'>perdurantem</span> <span class='ocrx_word' id='word_1_394' title='bbox 989 3230 997 3256; x_wconf 94' lang='lat'>,</span> <span class='ocrx_word' id='word_1_395' title='bbox 1026 3191 1084 3259; x_wconf 90' lang='lat' dir='ltr'>ipse</span> <span class='ocrx_word' id='word_1_396' title='bbox 1096 3205 1154 3245; x_wconf 91' lang='lat' dir='ltr'>mo-</span> <span class='ocrx_word' id='word_1_397' title='bbox 1204 3188 1288 3244; x_wconf 87' lang='lat' dir='ltr'>stolus</span> <span class='ocrx_word' id='word_1_398' title='bbox 1301 3188 1446 3259; x_wconf 89' lang='lat' dir='ltr'>insignior;</span> <span class='ocrx_word' id='word_1_399' title='bbox 1467 3188 1511 3243; x_wconf 89' lang='lat' dir='ltr'>illc</span> <span class='ocrx_word' id='word_1_400' title='bbox 1532 3190 1607 3259; x_wconf 86' lang='lat' dir='ltr'>pacis</span> <span class='ocrx_word' id='word_1_401' title='bbox 1620 3198 1758 3258; x_wconf 87' lang='lat' dir='ltr'>auctorem</span> <span class='ocrx_word' id='word_1_402' title='bbox 1771 3189 1877 3245; x_wconf 83' lang='lat' dir='ltr'>venisse</span> <span class='ocrx_word' id='word_1_403' title='bbox 1894 3190 1999 3260; x_wconf 77' lang='lat' dir='ltr'>prodit,</span> 
     </span>
     <span class='ocr_line' id='line_1_29' title="bbox 363 3277 2000 3354; baseline -0.003 -13"><span class='ocrx_word' id='word_1_404' title='bbox 363 3288 547 3343; x_wconf 82' lang='lat' dir='ltr'>riensacterna</span> <span class='ocrx_word' id='word_1_405' title='bbox 563 3291 651 3339; x_wconf 87' lang='lat' dir='ltr'>morte</span> <span class='ocrx_word' id='word_1_406' title='bbox 668 3284 742 3354; x_wconf 86' lang='lat' dir='ltr'>juste</span> <span class='ocrx_word' id='word_1_407' title='bbox 755 3283 907 3337; x_wconf 89' lang='lat' dir='ltr'>damnaret.</span> <span class='ocrx_word' id='word_1_408' title='bbox 923 3277 1082 3335; x_wconf 78' lang='lat' dir='ltr'>sicutenim</span> <span class='ocrx_word' id='word_1_409' title='bbox 1097 3294 1155 3336; x_wconf 89' lang='lat' dir='ltr'>ser·</span> <span class='ocrx_word' id='word_1_410' title='bbox 1203 3290 1231 3335; x_wconf 89' lang='lat' dir='ltr'>et</span> <span class='ocrx_word' id='word_1_411' title='bbox 1252 3282 1326 3351; x_wconf 86' lang='lat' dir='ltr'>pacis</span> <span class='ocrx_word' id='word_1_412' title='bbox 1353 3282 1520 3353; x_wconf 79' lang='lat' dir='ltr'>signaculum</span> <span class='ocrx_word' id='word_1_413' title='bbox 1544 3280 1663 3352; x_wconf 86' lang='lat' dir='ltr'>perlecta</span> <span class='ocrx_word' id='word_1_414' title='bbox 1682 3281 1898 3338; x_wconf 83' lang='lat' dir='ltr'>reconciliatione</span> <span class='ocrx_word' id='word_1_415' title='bbox 1922 3282 2000 3338; x_wconf 89' lang='lat' dir='ltr'>iuter</span> 
     </span>
     <span class='ocr_line' id='line_1_30' title="bbox 309 3367 2001 3449; baseline 0.001 -19"><span class='ocrx_word' id='word_1_416' title='bbox 309 3415 313 3430; x_wconf 90' lang='lat'><strong><em>.</em></strong></span> <span class='ocrx_word' id='word_1_417' title='bbox 362 3391 430 3449; x_wconf 89' lang='lat' dir='ltr'>pens</span> <span class='ocrx_word' id='word_1_418' title='bbox 444 3374 658 3432; x_wconf 87' lang='lat' dir='ltr'>illcluhricu&#39;sel</span> <span class='ocrx_word' id='word_1_419' title='bbox 678 3367 790 3430; x_wconf 86' lang='lat' dir='ltr'>callidos</span> <span class='ocrx_word' id='word_1_420' title='bbox 813 3374 950 3430; x_wconf 89' lang='lat' dir='ltr'>hominem</span> <span class='ocrx_word' id='word_1_421' title='bbox 974 3375 1091 3445; x_wconf 88' lang='lat' dir='ltr'>primurn</span> <span class='ocrx_word' id='word_1_422' title='bbox 1104 3389 1154 3444; x_wconf 87' lang='lat' dir='ltr'>per</span> <span class='ocrx_word' id='word_1_423' title='bbox 1204 3374 1329 3429; x_wconf 84' lang='lat' dir='ltr'>Derrrnet</span> <span class='ocrx_word' id='word_1_424' title='bbox 1345 3374 1527 3445; x_wconf 88' lang='lat' dir='ltr'>hominesper</span> <span class='ocrx_word' id='word_1_425' title='bbox 1541 3373 1658 3445; x_wconf 85' lang='lat' dir='ltr'>Spiritus</span> <span class='ocrx_word' id='word_1_426' title='bbox 1675 3374 1763 3431; x_wconf 91' lang='lat' dir='ltr'>sancti</span> <span class='ocrx_word' id='word_1_427' title='bbox 1778 3374 1890 3445; x_wconf 85' lang='lat' dir='ltr'>gratiam</span> <span class='ocrx_word' id='word_1_428' title='bbox 1903 3384 2001 3431; x_wconf 87' lang='lat' dir='ltr'>osteo-</span> 
     </span>
     <span class='ocr_line' id='line_1_31' title="bbox 362 3462 2002 3566; baseline -0.001 -45"><span class='ocrx_word' id='word_1_429' title='bbox 362 3468 463 3538; x_wconf 88' lang='lat' dir='ltr'>gulam,</span> <span class='ocrx_word' id='word_1_430' title='bbox 477 3462 618 3522; x_wconf 83' lang='lat' dir='ltr'>auaritiam</span> <span class='ocrx_word' id='word_1_431' title='bbox 637 3474 664 3520; x_wconf 89' lang='lat' dir='ltr'>ct</span> <span class='ocrx_word' id='word_1_432' title='bbox 676 3480 772 3519; x_wconf 85' lang='lat' dir='ltr'>ranam</span> <span class='ocrx_word' id='word_1_433' title='bbox 789 3463 902 3534; x_wconf 89' lang='lat' dir='ltr'>gloriam</span> <span class='ocrx_word' id='word_1_434' title='bbox 915 3465 949 3520; x_wconf 93' lang='lat' dir='ltr'>ad</span> <span class='ocrx_word' id='word_1_435' title='bbox 967 3463 1071 3521; x_wconf 88' lang='lat' dir='ltr'>laeluus</span> <span class='ocrx_word' id='word_1_436' title='bbox 1094 3465 1188 3566; x_wconf 83' lang='lat' dir='ltr'>llle-C</span> <span class='ocrx_word' id='word_1_437' title='bbox 1204 3466 1252 3521; x_wconf 91' lang='lat' dir='ltr'>dit.</span> <span class='ocrx_word' id='word_1_438' title='bbox 1267 3464 1325 3534; x_wconf 87' lang='lat' dir='ltr'>lpse</span> <span class='ocrx_word' id='word_1_439' title='bbox 1339 3466 1501 3521; x_wconf 85' lang='lat' dir='ltr'>venerahilis</span> <span class='ocrx_word' id='word_1_440' title='bbox 1514 3466 1541 3522; x_wconf 91' lang='lat' dir='ltr'>in</span> <span class='ocrx_word' id='word_1_441' title='bbox 1554 3466 1655 3537; x_wconf 88' lang='lat' dir='ltr'>speeie,</span> <span class='ocrx_word' id='word_1_442' title='bbox 1678 3465 1796 3522; x_wconf 81' lang='lat' dir='ltr'>salubris</span> <span class='ocrx_word' id='word_1_443' title='bbox 1807 3465 1836 3521; x_wconf 90' lang='lat' dir='ltr'>in</span> <span class='ocrx_word' id='word_1_444' title='bbox 1857 3465 1952 3537; x_wconf 80' lang='lat' dir='ltr'>dgnra,</span> <span class='ocrx_word' id='word_1_445' title='bbox 1969 3475 2002 3521; x_wconf 89' lang='lat' dir='ltr'>et</span> 
     </span>
     <span class='ocr_line' id='line_1_32' title="bbox 361 3554 1999 3626; baseline -0.001 -12"><span class='ocrx_word' id='word_1_446' title='bbox 361 3559 412 3623; x_wconf 83' lang='lat' dir='ltr'>xit,</span> <span class='ocrx_word' id='word_1_447' title='bbox 436 3566 463 3614; x_wconf 87' lang='lat' dir='ltr'>et</span> <span class='ocrx_word' id='word_1_448' title='bbox 480 3559 516 3612; x_wconf 85' lang='lat' dir='ltr'>ita</span> <span class='ocrx_word' id='word_1_449' title='bbox 531 3574 592 3613; x_wconf 88' lang='lat' dir='ltr'>eum</span> <span class='ocrx_word' id='word_1_450' title='bbox 615 3558 696 3613; x_wconf 88' lang='lat' dir='ltr'>morti</span> <span class='ocrx_word' id='word_1_451' title='bbox 711 3557 857 3614; x_wconf 80' lang='lat' dir='ltr'>obnoxium</span> <span class='ocrx_word' id='word_1_452' title='bbox 884 3557 1016 3625; x_wconf 80' lang='lat' dir='ltr'>reddidit,</span> <span class='ocrx_word' id='word_1_453' title='bbox 1040 3559 1081 3615; x_wconf 90' lang='lat' dir='ltr'>sic</span> <span class='ocrx_word' id='word_1_454' title='bbox 1094 3566 1152 3614; x_wconf 87' lang='lat' dir='ltr'>ete</span> <span class='ocrx_word' id='word_1_455' title='bbox 1202 3554 1390 3626; x_wconf 86' lang='lat' dir='ltr'>perlectusest</span> <span class='ocrx_word' id='word_1_456' title='bbox 1402 3556 1428 3611; x_wconf 91' lang='lat' dir='ltr'>io</span> <span class='ocrx_word' id='word_1_457' title='bbox 1442 3567 1672 3613; x_wconf 88' lang='lat' dir='ltr'>sacramentorum</span> <span class='ocrx_word' id='word_1_458' title='bbox 1694 3556 1801 3614; x_wconf 85' lang='lat' dir='ltr'>decore.</span> <span class='ocrx_word' id='word_1_459' title='bbox 1826 3555 1929 3613; x_wconf 68' lang='lat' dir='ltr'>Natrix</span> <span class='ocrx_word' id='word_1_460' title='bbox 1946 3557 1999 3614; x_wconf 92' lang='lat' dir='ltr'>lit-</span> 
     </span>
     <span class='ocr_line' id='line_1_33' title="bbox 362 3647 2007 3723; baseline 0.002 -18"><span class='ocrx_word' id='word_1_461' title='bbox 362 3649 499 3705; x_wconf 88' lang='lat' dir='ltr'>contrario</span> <span class='ocrx_word' id='word_1_462' title='bbox 513 3649 955 3718; x_wconf 82' lang='lat' dir='ltr'>competentibusmedicamentis,</span> <span class='ocrx_word' id='word_1_463' title='bbox 969 3647 1094 3707; x_wconf 84' lang='lat' dir='ltr'>Salvator</span> <span class='ocrx_word' id='word_1_464' title='bbox 1107 3667 1153 3707; x_wconf 83' lang='lat' dir='ltr'>no</span> <span class='ocrx_word' id='word_1_465' title='bbox 1204 3655 1260 3706; x_wconf 88' lang='lat' dir='ltr'>tera</span> <span class='ocrx_word' id='word_1_466' title='bbox 1279 3649 1371 3721; x_wconf 75' lang='lat' dir='ltr'>ligure</span> <span class='ocrx_word' id='word_1_467' title='bbox 1393 3659 1495 3706; x_wconf 81' lang='lat' dir='ltr'>sancta·</span> <span class='ocrx_word' id='word_1_468' title='bbox 1514 3652 1603 3707; x_wconf 90' lang='lat' dir='ltr'>erucis</span> <span class='ocrx_word' id='word_1_469' title='bbox 1621 3652 1782 3723; x_wconf 85' lang='lat' dir='ltr'>aptissime,</span> <span class='ocrx_word' id='word_1_470' title='bbox 1801 3660 1830 3708; x_wconf 86' lang='lat' dir='ltr'>et</span> <span class='ocrx_word' id='word_1_471' title='bbox 1852 3653 2007 3709; x_wconf 69' lang='grc' dir='ltr'>ἀειιαήιιηι</span> 
     </span>
     <span class='ocr_line' id='line_1_34' title="bbox 362 3738 2000 3816; baseline 0.003 -20"><span class='ocrx_word' id='word_1_472' title='bbox 362 3749 419 3796; x_wconf 87' lang='lat' dir='ltr'>ster</span> <span class='ocrx_word' id='word_1_473' title='bbox 437 3756 486 3810; x_wconf 83' lang='lat' dir='ltr'>per</span> <span class='ocrx_word' id='word_1_474' title='bbox 500 3738 906 3810; x_wconf 85' lang='lat' dir='ltr'>abstinentiam,benignitatem</span> <span class='ocrx_word' id='word_1_475' title='bbox 923 3749 1004 3809; x_wconf 84' lang='lat' dir='ltr'>atque</span> <span class='ocrx_word' id='word_1_476' title='bbox 1015 3741 1153 3796; x_wconf 87' lang='lat' dir='ltr'>humilita·</span> <span class='ocrx_word' id='word_1_477' title='bbox 1202 3757 1344 3797; x_wconf 90' lang='lat' dir='ltr'>numerum</span> <span class='ocrx_word' id='word_1_478' title='bbox 1366 3742 1520 3813; x_wconf 84' lang='lat' dir='ltr'>designans,</span> <span class='ocrx_word' id='word_1_479' title='bbox 1534 3756 1583 3811; x_wconf 89' lang='lat' dir='ltr'>per</span> <span class='ocrx_word' id='word_1_480' title='bbox 1600 3742 1653 3799; x_wconf 91' lang='lat' dir='ltr'>duo</span> <span class='ocrx_word' id='word_1_481' title='bbox 1669 3743 1728 3799; x_wconf 87' lang='lat' dir='ltr'>loca</span> <span class='ocrx_word' id='word_1_482' title='bbox 1746 3744 1833 3816; x_wconf 74' lang='lat' dir='ltr'>posito</span> <span class='ocrx_word' id='word_1_483' title='bbox 1846 3744 1881 3800; x_wconf 78' lang='lat' dir='ltr'>ad</span> <span class='ocrx_word' id='word_1_484' title='bbox 1898 3760 2000 3801; x_wconf 84' lang='lat' dir='ltr'>exem·</span> 
     </span>
     <span class='ocr_line' id='line_1_35' title="bbox 362 3831 1998 3907; baseline 0.005 -23"><span class='ocrx_word' id='word_1_485' title='bbox 362 3838 416 3885; x_wconf 90' lang='lat' dir='ltr'>tcrn</span> <span class='ocrx_word' id='word_1_486' title='bbox 443 3831 590 3885; x_wconf 88' lang='lat' dir='ltr'>humanum</span> <span class='ocrx_word' id='word_1_487' title='bbox 610 3845 695 3901; x_wconf 87' lang='lat' dir='ltr'>genus</span> <span class='ocrx_word' id='word_1_488' title='bbox 720 3831 753 3885; x_wconf 90' lang='lat' dir='ltr'>ad</span> <span class='ocrx_word' id='word_1_489' title='bbox 768 3831 849 3885; x_wconf 86' lang='lat' dir='ltr'>ritarn</span> <span class='ocrx_word' id='word_1_490' title='bbox 862 3831 968 3886; x_wconf 78' lang='lat' dir='ltr'>erexit:</span> <span class='ocrx_word' id='word_1_491' title='bbox 985 3832 1072 3903; x_wconf 90' lang='lat' dir='ltr'>ipsum</span> <span class='ocrx_word' id='word_1_492' title='bbox 1085 3848 1153 3903; x_wconf 85' lang='lat' dir='ltr'>quo·</span> <span class='ocrx_word' id='word_1_493' title='bbox 1202 3832 1261 3902; x_wconf 84' lang='lat' dir='ltr'>plor</span> <span class='ocrx_word' id='word_1_494' title='bbox 1271 3841 1372 3889; x_wconf 78' lang='lat' dir='ltr'>sanctu</span> <span class='ocrx_word' id='word_1_495' title='bbox 1385 3834 1485 3899; x_wconf 89' lang='lat' dir='ltr'>erucis,</span> <span class='ocrx_word' id='word_1_496' title='bbox 1500 3835 1619 3905; x_wconf 83' lang='lat' dir='ltr'>quinque</span> <span class='ocrx_word' id='word_1_497' title='bbox 1633 3835 1716 3891; x_wconf 85' lang='lat' dir='ltr'>libros</span> <span class='ocrx_word' id='word_1_498' title='bbox 1733 3835 1801 3907; x_wconf 86' lang='lat' dir='ltr'>legis</span> <span class='ocrx_word' id='word_1_499' title='bbox 1822 3851 1884 3892; x_wconf 86' lang='lat' dir='ltr'>eunt</span> <span class='ocrx_word' id='word_1_500' title='bbox 1895 3836 1998 3892; x_wconf 83' lang='lat' dir='ltr'>decent</span> 
     </span>
     <span class='ocr_line' id='line_1_36' title="bbox 363 3921 1998 3996; baseline 0.003 -21"><span class='ocrx_word' id='word_1_501' title='bbox 363 3937 416 3992; x_wconf 86' lang='lat' dir='ltr'>que</span> <span class='ocrx_word' id='word_1_502' title='bbox 428 3929 565 3977; x_wconf 75' lang='lat' dir='ltr'>auctorem</span> <span class='ocrx_word' id='word_1_503' title='bbox 578 3922 684 3986; x_wconf 87' lang='lat' dir='ltr'>mortis,</span> <span class='ocrx_word' id='word_1_504' title='bbox 698 3923 808 3977; x_wconf 74' lang='lat' dir='ltr'>aeternis</span> <span class='ocrx_word' id='word_1_505' title='bbox 821 3922 987 3978; x_wconf 78' lang='lat' dir='ltr'>cruciatibus</span> <span class='ocrx_word' id='word_1_506' title='bbox 998 3938 1092 3990; x_wconf 90' lang='lat' dir='ltr'>reum,</span> <span class='ocrx_word' id='word_1_507' title='bbox 1113 3921 1152 3979; x_wconf 87' lang='lat' dir='ltr'>vi·</span> <span class='ocrx_word' id='word_1_508' title='bbox 1201 3925 1344 3994; x_wconf 88' lang='lat' dir='ltr'>praeceptis</span> <span class='ocrx_word' id='word_1_509' title='bbox 1355 3924 1499 3995; x_wconf 83' lang='lat' dir='ltr'>significat,</span> <span class='ocrx_word' id='word_1_510' title='bbox 1514 3925 1576 3996; x_wconf 83' lang='lat' dir='ltr'>quia</span> <span class='ocrx_word' id='word_1_511' title='bbox 1586 3926 1658 3994; x_wconf 86' lang='lat' dir='ltr'>quod</span> <span class='ocrx_word' id='word_1_512' title='bbox 1670 3925 1711 3981; x_wconf 85' lang='lat' dir='ltr'>lox</span> <span class='ocrx_word' id='word_1_513' title='bbox 1727 3933 1804 3982; x_wconf 85' lang='lat' dir='ltr'>retus</span> <span class='ocrx_word' id='word_1_514' title='bbox 1819 3940 1868 3996; x_wconf 89' lang='lat' dir='ltr'>per</span> <span class='ocrx_word' id='word_1_515' title='bbox 1878 3924 1998 3996; x_wconf 80' lang='lat' dir='ltr'>liguram</span> 
     </span>
     <span class='ocr_line' id='line_1_37' title="bbox 362 4008 1999 4087; baseline 0.005 -22"><span class='ocrx_word' id='word_1_516' title='bbox 362 4021 424 4065; x_wconf 86' lang='lat' dir='ltr'>cror</span> <span class='ocrx_word' id='word_1_517' title='bbox 439 4017 543 4069; x_wconf 86' lang='lat' dir='ltr'>tartaro</span> <span class='ocrx_word' id='word_1_518' title='bbox 556 4008 678 4078; x_wconf 78' lang='lat' dir='ltr'>subiecit.</span> <span class='ocrx_word' id='word_1_519' title='bbox 695 4011 796 4067; x_wconf 83' lang='lat' dir='ltr'>Christi</span> <span class='ocrx_word' id='word_1_520' title='bbox 820 4026 927 4081; x_wconf 85' lang='lat' dir='ltr'>quoque</span> <span class='ocrx_word' id='word_1_521' title='bbox 948 4026 1036 4083; x_wconf 89' lang='lat' dir='ltr'>pugna</span> <span class='ocrx_word' id='word_1_522' title='bbox 1059 4024 1152 4071; x_wconf 88' lang='lat' dir='ltr'>nostra</span> <span class='ocrx_word' id='word_1_523' title='bbox 1202 4025 1230 4071; x_wconf 90' lang='lat' dir='ltr'>et</span> <span class='ocrx_word' id='word_1_524' title='bbox 1244 4016 1368 4072; x_wconf 87' lang='lat' dir='ltr'>umbram</span> <span class='ocrx_word' id='word_1_525' title='bbox 1381 4016 1578 4087; x_wconf 85' lang='lat' dir='ltr'>quodammodo</span> <span class='ocrx_word' id='word_1_526' title='bbox 1591 4016 1729 4087; x_wconf 76' lang='lat' dir='ltr'>depinxit,</span> <span class='ocrx_word' id='word_1_527' title='bbox 1749 4017 1801 4074; x_wconf 92' lang='lat' dir='ltr'>hoe</span> <span class='ocrx_word' id='word_1_528' title='bbox 1815 4023 1901 4073; x_wconf 91' lang='lat' dir='ltr'>totum</span> <span class='ocrx_word' id='word_1_529' title='bbox 1913 4015 1999 4073; x_wconf 86' lang='lat' dir='ltr'>Chri·</span> 
     </span>
     <span class='ocr_line' id='line_1_38' title="bbox 362 4102 1997 4181; baseline 0.006 -25"><span class='ocrx_word' id='word_1_530' title='bbox 362 4103 476 4159; x_wconf 89' lang='lat' dir='ltr'>victoria</span> <span class='ocrx_word' id='word_1_531' title='bbox 488 4113 541 4170; x_wconf 89' lang='lat' dir='ltr'>est,</span> <span class='ocrx_word' id='word_1_532' title='bbox 550 4102 662 4173; x_wconf 81' lang='lat' dir='ltr'>ejusque</span> <span class='ocrx_word' id='word_1_533' title='bbox 676 4104 828 4174; x_wconf 83' lang='lat' dir='ltr'>triumphus</span> <span class='ocrx_word' id='word_1_534' title='bbox 846 4113 939 4160; x_wconf 88' lang='lat' dir='ltr'>nostra</span> <span class='ocrx_word' id='word_1_535' title='bbox 957 4105 1031 4161; x_wconf 89' lang='lat' dir='ltr'>salus</span> <span class='ocrx_word' id='word_1_536' title='bbox 1040 4116 1092 4173; x_wconf 88' lang='grc' dir='ltr'>εει,</span> <span class='ocrx_word' id='word_1_537' title='bbox 1106 4109 1152 4181; x_wconf 86' lang='lat' dir='ltr'>qui</span> <span class='ocrx_word' id='word_1_538' title='bbox 1202 4117 1261 4163; x_wconf 92' lang='lat' dir='ltr'>stus</span> <span class='ocrx_word' id='word_1_539' title='bbox 1273 4123 1322 4178; x_wconf 92' lang='lat' dir='ltr'>per</span> <span class='ocrx_word' id='word_1_540' title='bbox 1334 4123 1442 4164; x_wconf 86' lang='lat' dir='ltr'>crucem</span> <span class='ocrx_word' id='word_1_541' title='bbox 1456 4109 1485 4164; x_wconf 91' lang='lat' dir='ltr'>iu</span> <span class='ocrx_word' id='word_1_542' title='bbox 1498 4108 1573 4164; x_wconf 84' lang='lat' dir='ltr'>Novo</span> <span class='ocrx_word' id='word_1_543' title='bbox 1588 4109 1761 4166; x_wconf 84' lang='lat' dir='ltr'>Testamento</span> <span class='ocrx_word' id='word_1_544' title='bbox 1782 4109 1929 4166; x_wconf 62' lang='lat' dir='ltr'>mnndum</span> <span class='ocrx_word' id='word_1_545' title='bbox 1944 4125 1997 4166; x_wconf 86' lang='lat' dir='ltr'>ve·</span> 
     </span>
     <span class='ocr_line' id='line_1_39' title="bbox 362 4195 1998 4272; baseline 0.003 -21"><span class='ocrx_word' id='word_1_546' title='bbox 362 4195 438 4251; x_wconf 87' lang='lat' dir='ltr'>sedet</span> <span class='ocrx_word' id='word_1_547' title='bbox 461 4196 488 4251; x_wconf 91' lang='lat' dir='ltr'>in</span> <span class='ocrx_word' id='word_1_548' title='bbox 516 4195 646 4250; x_wconf 85' lang='lat' dir='ltr'>coelorurn</span> <span class='ocrx_word' id='word_1_549' title='bbox 680 4207 745 4249; x_wconf 85' lang='lat' dir='ltr'>arce</span> <span class='ocrx_word' id='word_1_550' title='bbox 767 4204 794 4250; x_wconf 91' lang='lat' dir='ltr'>et</span> <span class='ocrx_word' id='word_1_551' title='bbox 819 4196 949 4267; x_wconf 89' lang='lat' dir='ltr'>prospicit</span> <span class='ocrx_word' id='word_1_552' title='bbox 968 4196 1002 4267; x_wconf 73' lang='lat' dir='ltr'>¹in</span> <span class='ocrx_word' id='word_1_553' title='bbox 1025 4196 1153 4254; x_wconf 82' lang='lat' dir='ltr'>interiora</span> <span class='ocrx_word' id='word_1_554' title='bbox 1203 4200 1310 4255; x_wconf 86' lang='lat' dir='ltr'>ritatem</span> <span class='ocrx_word' id='word_1_555' title='bbox 1325 4200 1456 4270; x_wconf 87' lang='lat' dir='ltr'>implevit.</span> <span class='ocrx_word' id='word_1_556' title='bbox 1471 4201 1568 4257; x_wconf 84' lang='lat' dir='ltr'>Omnia</span> <span class='ocrx_word' id='word_1_557' title='bbox 1581 4200 1876 4272; x_wconf 80' lang='lat' dir='ltr'>quippesanetaeeruci</span> <span class='ocrx_word' id='word_1_558' title='bbox 1893 4201 1998 4257; x_wconf 88' lang='lat' dir='ltr'>deceo-</span> 
     </span>
     <span class='ocr_line' id='line_1_40' title="bbox 364 4285 1997 4360; baseline 0.004 -21"><span class='ocrx_word' id='word_1_559' title='bbox 364 4292 454 4341; x_wconf 77' lang='lat' dir='ltr'>terro.</span> <span class='ocrx_word' id='word_1_560' title='bbox 465 4285 591 4354; x_wconf 82' lang='lat' dir='ltr'>Crurque</span> <span class='ocrx_word' id='word_1_561' title='bbox 604 4287 662 4356; x_wconf 81' lang='lat' dir='ltr'>ejus</span> <span class='ocrx_word' id='word_1_562' title='bbox 674 4286 731 4356; x_wconf 90' lang='lat' dir='ltr'>ipsa</span> <span class='ocrx_word' id='word_1_563' title='bbox 743 4294 785 4342; x_wconf 88' lang='lat' dir='ltr'>est</span> <span class='ocrx_word' id='word_1_564' title='bbox 798 4288 880 4343; x_wconf 85' lang='lat' dir='ltr'>totius</span> <span class='ocrx_word' id='word_1_565' title='bbox 890 4288 964 4343; x_wconf 83' lang='lat' dir='ltr'>orhis</span> <span class='ocrx_word' id='word_1_566' title='bbox 975 4289 1077 4355; x_wconf 91' lang='lat' dir='ltr'>honor;</span> <span class='ocrx_word' id='word_1_567' title='bbox 1094 4290 1152 4360; x_wconf 89' lang='lat' dir='ltr'>ipsa</span> <span class='ocrx_word' id='word_1_568' title='bbox 1203 4291 1308 4346; x_wconf 86' lang='lat' dir='ltr'>tissime</span> <span class='ocrx_word' id='word_1_569' title='bbox 1321 4292 1494 4358; x_wconf 83' lang='lat' dir='ltr'>conueniunt,</span> <span class='ocrx_word' id='word_1_570' title='bbox 1518 4301 1546 4347; x_wconf 92' lang='lat' dir='ltr'>et</span> <span class='ocrx_word' id='word_1_571' title='bbox 1559 4292 1701 4348; x_wconf 80' lang='lat' dir='ltr'>character</span> <span class='ocrx_word' id='word_1_572' title='bbox 1713 4291 1810 4347; x_wconf 81' lang='lat' dir='ltr'>litterae</span> <span class='ocrx_word' id='word_1_573' title='bbox 1821 4298 1850 4347; x_wconf 88' lang='lat' dir='ltr'>et</span> <span class='ocrx_word' id='word_1_574' title='bbox 1863 4305 1997 4347; x_wconf 88' lang='lat' dir='ltr'>numerus</span> 
     </span>
     <span class='ocr_line' id='line_1_41' title="bbox 362 4377 1997 4454; baseline 0.003 -22"><span class='ocrx_word' id='word_1_575' title='bbox 362 4385 447 4432; x_wconf 88' lang='lat' dir='ltr'>totum</span> <span class='ocrx_word' id='word_1_576' title='bbox 474 4385 608 4430; x_wconf 89' lang='lat' dir='ltr'>sustentat</span> <span class='ocrx_word' id='word_1_577' title='bbox 629 4377 777 4444; x_wconf 88' lang='lat' dir='ltr'>mundum,</span> <span class='ocrx_word' id='word_1_578' title='bbox 804 4379 917 4449; x_wconf 88' lang='lat' dir='ltr'>ipsaque</span> <span class='ocrx_word' id='word_1_579' title='bbox 937 4379 1004 4435; x_wconf 90' lang='lat' dir='ltr'>mihi</span> <span class='ocrx_word' id='word_1_580' title='bbox 1030 4381 1153 4436; x_wconf 82' lang='lat' dir='ltr'>carmine</span> <span class='ocrx_word' id='word_1_581' title='bbox 1203 4382 1231 4435; x_wconf 92' lang='lat' dir='ltr'>iu</span> <span class='ocrx_word' id='word_1_582' title='bbox 1250 4396 1282 4436; x_wconf 90' lang='lat' dir='ltr'>ea</span> <span class='ocrx_word' id='word_1_583' title='bbox 1294 4382 1447 4449; x_wconf 88' lang='lat' dir='ltr'>denotatus,</span> <span class='ocrx_word' id='word_1_584' title='bbox 1466 4381 1532 4454; x_wconf 86' lang='lat' dir='ltr'>legis</span> <span class='ocrx_word' id='word_1_585' title='bbox 1546 4383 1705 4454; x_wconf 83' lang='lat' dir='ltr'>mysterium</span> <span class='ocrx_word' id='word_1_586' title='bbox 1717 4383 1885 4452; x_wconf 88' lang='lat' dir='ltr'>ettemporis</span> <span class='ocrx_word' id='word_1_587' title='bbox 1899 4396 1997 4438; x_wconf 84' lang='lat' dir='ltr'>saera·</span> 
     </span>
     <span class='ocr_line' id='line_1_42' title="bbox 361 4469 1997 4544; baseline 0.001 -18"><span class='ocrx_word' id='word_1_588' title='bbox 361 4484 469 4540; x_wconf 80' lang='lat' dir='ltr'>serrrpcr</span> <span class='ocrx_word' id='word_1_589' title='bbox 481 4478 508 4523; x_wconf 88' lang='lat' dir='ltr'>et</span> <span class='ocrx_word' id='word_1_590' title='bbox 520 4483 612 4525; x_wconf 89' lang='lat' dir='ltr'>amore</span> <span class='ocrx_word' id='word_1_591' title='bbox 630 4469 791 4526; x_wconf 84' lang='lat' dir='ltr'>venerahilis</span> <span class='ocrx_word' id='word_1_592' title='bbox 813 4481 989 4541; x_wconf 88' lang='lat' dir='ltr'>permaneat:</span> <span class='ocrx_word' id='word_1_593' title='bbox 1005 4486 1112 4542; x_wconf 87' lang='lat' dir='ltr'>semper</span> <span class='ocrx_word' id='word_1_594' title='bbox 1124 4473 1151 4526; x_wconf 92' lang='lat' dir='ltr'>in</span> <span class='ocrx_word' id='word_1_595' title='bbox 1203 4482 1340 4539; x_wconf 88' lang='lat' dir='ltr'>mentum,</span> <span class='ocrx_word' id='word_1_596' title='bbox 1370 4472 1523 4544; x_wconf 85' lang='lat' dir='ltr'>laetumque</span> <span class='ocrx_word' id='word_1_597' title='bbox 1546 4475 1573 4530; x_wconf 91' lang='lat' dir='ltr'>in</span> <span class='ocrx_word' id='word_1_598' title='bbox 1588 4475 1640 4531; x_wconf 92' lang='lat' dir='ltr'>hoe</span> <span class='ocrx_word' id='word_1_599' title='bbox 1663 4473 1833 4530; x_wconf 85' lang='lat' dir='ltr'>laudabiliter</span> <span class='ocrx_word' id='word_1_600' title='bbox 1852 4483 1997 4544; x_wconf 86' lang='lat' dir='ltr'>perpetra·</span> 
     </span>
    </p>
   </div>
   <div class='ocr_carea' id='block_1_3' title="bbox 360 4560 1044 4635">
    <p class='ocr_par' dir='ltr' id='par_1_3' title="bbox 360 4560 1044 4635">
     <span class='ocr_line' id='line_1_43' title="bbox 360 4560 1044 4635; baseline 0.001 -18"><span class='ocrx_word' id='word_1_601' title='bbox 360 4576 409 4618; x_wconf 88' lang='lat' dir='ltr'>ore</span> <span class='ocrx_word' id='word_1_602' title='bbox 423 4576 484 4616; x_wconf 91' lang='lat' dir='ltr'>meo</span> <span class='ocrx_word' id='word_1_603' title='bbox 498 4560 597 4617; x_wconf 81' lang='lat' dir='ltr'>lausei</span> <span class='ocrx_word' id='word_1_604' title='bbox 610 4562 753 4618; x_wconf 84' lang='lat' dir='ltr'>exsultatio</span> <span class='ocrx_word' id='word_1_605' title='bbox 766 4563 793 4618; x_wconf 91' lang='lat' dir='ltr'>in</span> <span class='ocrx_word' id='word_1_606' title='bbox 808 4564 889 4620; x_wconf 90' lang='lat' dir='ltr'>corde</span> <span class='ocrx_word' id='word_1_607' title='bbox 905 4573 1044 4635; x_wconf 87' lang='lat' dir='ltr'>perpetua.</span> 
     </span>
    </p>
   </div>
   <div class='ocr_carea' id='block_1_4' title="bbox 651 4671 856 4729">
    <p class='ocr_par' dir='ltr' id='par_1_4' title="bbox 651 4671 856 4729">
     <span class='ocr_line' id='line_1_44' title="bbox 651 4671 856 4729; baseline 0.01 -2"><span class='ocrx_word' id='word_1_608' title='bbox 651 4671 766 4728; x_wconf 75' lang='lat' dir='ltr'>CAPUT</span> <span class='ocrx_word' id='word_1_609' title='bbox 784 4671 856 4729; x_wconf 79' lang='lat' dir='ltr'>xlx.</span> 
     </span>
    </p>
   </div>
   <div class='ocr_carea' id='block_1_5' title="bbox 372 4761 1150 4885">
    <p class='ocr_par' dir='ltr' id='par_1_5' title="bbox 372 4761 1150 4885">
     <span class='ocr_line' id='line_1_45' title="bbox 372 4761 1150 4885; baseline 0.009 -68"><span class='ocrx_word' id='word_1_610' title='bbox 372 4761 504 4830; x_wconf 71' lang='lat' dir='ltr'>Detumo</span> <span class='ocrx_word' id='word_1_611' title='bbox 517 4779 587 4818; x_wconf 83' lang='lat' dir='ltr'>nomo</span> <span class='ocrx_word' id='word_1_612' title='bbox 603 4763 705 4817; x_wconf 82' lang='lat' dir='ltr'>decimo</span> <span class='ocrx_word' id='word_1_613' title='bbox 717 4803 729 4885; x_wconf 50' lang='lat' dir='ltr'>,t</span> <span class='ocrx_word' id='word_1_614' title='bbox 735 4833 740 4844; x_wconf 20' lang='grc' dir='ltr'>ἱ</span> <span class='ocrx_word' id='word_1_615' title='bbox 749 4762 1029 4884; x_wconf 51' lang='lat' dir='ltr'>aditquinquopenorii</span> <span class='ocrx_word' id='word_1_616' title='bbox 1048 4770 1150 4823; x_wconf 81' lang='lat' dir='ltr'>numeri</span> 
     </span>
     <span class='ocr_line' id='line_1_46' title="bbox 689 4848 820 4885; baseline 0.008 -2"><span class='ocrx_word' id='word_1_617' title='bbox 689 4848 718 4883; x_wconf 86' lang='lat' dir='ltr'>ru</span> <span class='ocrx_word' id='word_1_618' title='bbox 731 4848 756 4884; x_wconf 79' lang='lat' dir='ltr'>ro</span> <span class='ocrx_word' id='word_1_619' title='bbox 772 4848 798 4885; x_wconf 79' lang='lat' dir='ltr'>cs</span> <span class='ocrx_word' id='word_1_620' title='bbox 812 4869 820 4884; x_wconf 90' lang='lat'><strong>.</strong></span> 
     </span>
    </p>
   </div>
   <div class='ocr_carea' id='block_1_6' title="bbox 295 4920 1150 5180">
    <p class='ocr_par' dir='ltr' id='par_1_6' title="bbox 295 4920 1150 5180">
     <span class='ocr_line' id='line_1_47' title="bbox 295 4920 1150 5007; baseline 0.009 -31"><span class='ocrx_word' id='word_1_621' title='bbox 295 5001 299 5007; x_wconf 26' lang='grc' dir='ltr'>Ι</span> <span class='ocrx_word' id='word_1_622' title='bbox 395 4921 534 4977; x_wconf 77' lang='lat' dir='ltr'>Attendite</span> <span class='ocrx_word' id='word_1_623' title='bbox 545 4920 631 4976; x_wconf 89' lang='lat' dir='ltr'>oeulis</span> <span class='ocrx_word' id='word_1_624' title='bbox 642 4929 670 4975; x_wconf 87' lang='lat' dir='ltr'>et</span> <span class='ocrx_word' id='word_1_625' title='bbox 679 4921 768 4977; x_wconf 86' lang='lat' dir='ltr'>videte</span> <span class='ocrx_word' id='word_1_626' title='bbox 782 4928 882 4988; x_wconf 91' lang='lat' dir='ltr'>rncnte,</span> <span class='ocrx_word' id='word_1_627' title='bbox 897 4924 987 4978; x_wconf 87' lang='lat' dir='ltr'>audite</span> <span class='ocrx_word' id='word_1_628' title='bbox 997 4925 1107 4982; x_wconf 85' lang='lat' dir='ltr'>auribus</span> <span class='ocrx_word' id='word_1_629' title='bbox 1120 4938 1150 4984; x_wconf 89' lang='lat' dir='ltr'>et</span> 
     </span>
     <span class='ocr_line' id='line_1_48' title="bbox 359 5011 1149 5083; baseline 0.009 -17"><span class='ocrx_word' id='word_1_630' title='bbox 359 5012 492 5082; x_wconf 85' lang='lat' dir='ltr'>porcipite</span> <span class='ocrx_word' id='word_1_631' title='bbox 502 5013 600 5077; x_wconf 88' lang='lat' dir='ltr'>corde,</span> <span class='ocrx_word' id='word_1_632' title='bbox 621 5026 638 5066; x_wconf 95' lang='lat' dir='ltr'>o</span> <span class='ocrx_word' id='word_1_633' title='bbox 656 5026 750 5066; x_wconf 85' lang='lat' dir='ltr'>omncs</span> <span class='ocrx_word' id='word_1_634' title='bbox 764 5011 856 5067; x_wconf 82' lang='lat' dir='ltr'>fideles</span> <span class='ocrx_word' id='word_1_635' title='bbox 868 5013 894 5066; x_wconf 91' lang='lat' dir='ltr'>in</span> <span class='ocrx_word' id='word_1_636' title='bbox 919 5014 1017 5083; x_wconf 85' lang='lat' dir='ltr'>quihus</span> <span class='ocrx_word' id='word_1_637' title='bbox 1030 5017 1149 5073; x_wconf 85' lang='lat' dir='ltr'>charitas</span> 
     </span>
     <span class='ocr_line' id='line_1_49' title="bbox 359 5107 1148 5180; baseline 0.01 -17"><span class='ocrx_word' id='word_1_638' title='bbox 359 5107 462 5164; x_wconf 83' lang='lat' dir='ltr'>Christi</span> <span class='ocrx_word' id='word_1_639' title='bbox 476 5119 504 5169; x_wconf 89' lang='lat' dir='ltr'>et</span> <span class='ocrx_word' id='word_1_640' title='bbox 513 5125 590 5165; x_wconf 89' lang='lat' dir='ltr'>amor</span> <span class='ocrx_word' id='word_1_641' title='bbox 602 5109 741 5180; x_wconf 74' lang='lat' dir='ltr'>sapientiae</span> <span class='ocrx_word' id='word_1_642' title='bbox 755 5109 850 5175; x_wconf 83' lang='lat' dir='ltr'>lomet,</span> <span class='ocrx_word' id='word_1_643' title='bbox 864 5111 960 5180; x_wconf 87' lang='lat' dir='ltr'>quihus</span> <span class='ocrx_word' id='word_1_644' title='bbox 973 5128 1046 5168; x_wconf 79' lang='lat' dir='ltr'>curm</span> <span class='ocrx_word' id='word_1_645' title='bbox 1058 5124 1101 5170; x_wconf 84' lang='lat' dir='ltr'>est</span> <span class='ocrx_word' id='word_1_646' title='bbox 1114 5116 1148 5171; x_wconf 94' lang='lat' dir='ltr'>ad</span> 
     </span>
    </p>
   </div>
   <div class='ocr_carea' id='block_1_7' title="bbox 287 5207 1150 6106">
    <p class='ocr_par' dir='ltr' id='par_1_7' title="bbox 287 5207 1150 6106">
     <span class='ocr_line' id='line_1_50' title="bbox 361 5207 1149 5284; baseline 0.01 -22"><span class='ocrx_word' id='word_1_647' title='bbox 361 5207 448 5263; x_wconf 79' lang='lat' dir='ltr'>lucent</span> <span class='ocrx_word' id='word_1_648' title='bbox 466 5218 594 5263; x_wconf 87' lang='lat' dir='ltr'>aeternam</span> <span class='ocrx_word' id='word_1_649' title='bbox 612 5209 754 5279; x_wconf 77' lang='lat' dir='ltr'>pervenire</span> <span class='ocrx_word' id='word_1_650' title='bbox 777 5219 805 5263; x_wconf 93' lang='lat' dir='ltr'>ct</span> <span class='ocrx_word' id='word_1_651' title='bbox 826 5210 1052 5280; x_wconf 85' lang='lat' dir='ltr'>incorruptionem</span> <span class='ocrx_word' id='word_1_652' title='bbox 1067 5222 1149 5284; x_wconf 86' lang='lat' dir='ltr'>atque</span> 
     </span>
     <span class='ocr_line' id='line_1_51' title="bbox 287 5300 1150 5374; baseline 0.006 -17"><span class='ocrx_word' id='word_1_653' title='bbox 287 5338 290 5344; x_wconf 92' lang='lat'>-</span> <span class='ocrx_word' id='word_1_654' title='bbox 359 5300 590 5358; x_wconf 88' lang='lat' dir='ltr'>innnortalitatem</span> <span class='ocrx_word' id='word_1_655' title='bbox 605 5303 663 5358; x_wconf 90' lang='lat' dir='ltr'>sine</span> <span class='ocrx_word' id='word_1_656' title='bbox 676 5302 729 5358; x_wconf 90' lang='lat' dir='ltr'>tine</span> <span class='ocrx_word' id='word_1_657' title='bbox 753 5304 900 5374; x_wconf 86' lang='lat' dir='ltr'>percipere.</span> <span class='ocrx_word' id='word_1_658' title='bbox 928 5303 1045 5362; x_wconf 55' lang='lat' dir='ltr'>lraudcm</span> <span class='ocrx_word' id='word_1_659' title='bbox 1061 5308 1150 5362; x_wconf 88' lang='lat' dir='ltr'>crocis</span> 
     </span>
     <span class='ocr_line' id='line_1_52' title="bbox 360 5396 1149 5470; baseline 0.006 -19"><span class='ocrx_word' id='word_1_660' title='bbox 360 5396 462 5452; x_wconf 86' lang='lat' dir='ltr'>Christi</span> <span class='ocrx_word' id='word_1_661' title='bbox 478 5397 596 5452; x_wconf 88' lang='lat' dir='ltr'>carmine</span> <span class='ocrx_word' id='word_1_662' title='bbox 612 5398 751 5467; x_wconf 86' lang='lat' dir='ltr'>depromo.</span> <span class='ocrx_word' id='word_1_663' title='bbox 767 5398 816 5453; x_wconf 87' lang='lat' dir='ltr'>llic</span> <span class='ocrx_word' id='word_1_664' title='bbox 828 5399 925 5454; x_wconf 87' lang='lat' dir='ltr'>summi</span> <span class='ocrx_word' id='word_1_665' title='bbox 937 5401 1041 5470; x_wconf 87' lang='lat' dir='ltr'>opitieis</span> <span class='ocrx_word' id='word_1_666' title='bbox 1062 5402 1149 5456; x_wconf 86' lang='lat' dir='ltr'>virtus</span> 
     </span>
     <span class='ocr_line' id='line_1_53' title="bbox 358 5485 1149 5563; baseline 0.005 -20"><span class='ocrx_word' id='word_1_667' title='bbox 358 5488 521 5550; x_wconf 76' lang='lat' dir='ltr'>ostenditur,</span> <span class='ocrx_word' id='word_1_668' title='bbox 537 5497 565 5543; x_wconf 87' lang='lat' dir='ltr'>ot</span> <span class='ocrx_word' id='word_1_669' title='bbox 581 5485 651 5543; x_wconf 86' lang='lat' dir='ltr'>heati</span> <span class='ocrx_word' id='word_1_670' title='bbox 662 5490 752 5559; x_wconf 86' lang='lat' dir='ltr'>operis</span> <span class='ocrx_word' id='word_1_671' title='bbox 764 5491 845 5546; x_wconf 87' lang='lat' dir='ltr'>decor</span> <span class='ocrx_word' id='word_1_672' title='bbox 855 5492 1016 5560; x_wconf 79' lang='lat' dir='ltr'>exprimitur</span> <span class='ocrx_word' id='word_1_673' title='bbox 1029 5494 1149 5563; x_wconf 86' lang='lat' dir='ltr'>artisque</span> 
     </span>
     <span class='ocr_line' id='line_1_54' title="bbox 359 5578 1149 5648; baseline 0.009 -16"><span class='ocrx_word' id='word_1_674' title='bbox 359 5579 444 5648; x_wconf 84' lang='lat' dir='ltr'>ipsius</span> <span class='ocrx_word' id='word_1_675' title='bbox 456 5578 582 5635; x_wconf 82' lang='lat' dir='ltr'>nobilitas</span> <span class='ocrx_word' id='word_1_676' title='bbox 591 5580 751 5635; x_wconf 88' lang='lat' dir='ltr'>declaratur.</span> <span class='ocrx_word' id='word_1_677' title='bbox 760 5582 855 5637; x_wconf 75' lang='lat' dir='ltr'>Vester</span> <span class='ocrx_word' id='word_1_678' title='bbox 862 5582 947 5637; x_wconf 93' lang='lat' dir='ltr'>honor</span> <span class='ocrx_word' id='word_1_679' title='bbox 954 5583 1149 5639; x_wconf 87' lang='lat' dir='ltr'>honorestnoo</span> 
     </span>
     <span class='ocr_line' id='line_1_55' title="bbox 357 5672 1150 5743; baseline 0.006 -17"><span class='ocrx_word' id='word_1_680' title='bbox 357 5672 487 5737; x_wconf 84' lang='lat' dir='ltr'>caducus,</span> <span class='ocrx_word' id='word_1_681' title='bbox 495 5672 543 5727; x_wconf 89' lang='lat' dir='ltr'>sed</span> <span class='ocrx_word' id='word_1_682' title='bbox 552 5674 698 5728; x_wconf 86' lang='lat' dir='ltr'>seeundum</span> <span class='ocrx_word' id='word_1_683' title='bbox 715 5673 906 5743; x_wconf 82' lang='lat' dir='ltr'>redemptionis</span> <span class='ocrx_word' id='word_1_684' title='bbox 919 5675 1042 5730; x_wconf 90' lang='lat' dir='ltr'>ordinem</span> <span class='ocrx_word' id='word_1_685' title='bbox 1058 5684 1150 5731; x_wconf 88' lang='lat' dir='ltr'>manet</span> 
     </span>
     <span class='ocr_line' id='line_1_56' title="bbox 357 5762 1146 5835; baseline 0 -15"><span class='ocrx_word' id='word_1_686' title='bbox 357 5772 521 5834; x_wconf 75' lang='lat' dir='ltr'>perpetuus,</span> <span class='ocrx_word' id='word_1_687' title='bbox 534 5763 746 5819; x_wconf 88' lang='lat' dir='ltr'>immortalisest</span> <span class='ocrx_word' id='word_1_688' title='bbox 756 5774 844 5818; x_wconf 85' lang='lat' dir='ltr'>restra</span> <span class='ocrx_word' id='word_1_689' title='bbox 854 5762 881 5818; x_wconf 91' lang='lat' dir='ltr'>in</span> <span class='ocrx_word' id='word_1_690' title='bbox 892 5763 969 5819; x_wconf 83' lang='lat' dir='ltr'>eoelis</span> <span class='ocrx_word' id='word_1_691' title='bbox 979 5765 1146 5835; x_wconf 80' lang='lat' dir='ltr'>palma,quia</span> 
     </span>
     <span class='ocr_line' id='line_1_57' title="bbox 359 5855 1145 5924; baseline 0.003 -14"><span class='ocrx_word' id='word_1_692' title='bbox 359 5855 486 5910; x_wconf 89' lang='lat' dir='ltr'>Christus</span> <span class='ocrx_word' id='word_1_693' title='bbox 501 5855 558 5924; x_wconf 91' lang='lat' dir='ltr'>ipse</span> <span class='ocrx_word' id='word_1_694' title='bbox 572 5856 648 5910; x_wconf 86' lang='lat' dir='ltr'>vohis</span> <span class='ocrx_word' id='word_1_695' title='bbox 669 5863 711 5910; x_wconf 89' lang='lat' dir='ltr'>est</span> <span class='ocrx_word' id='word_1_696' title='bbox 734 5855 870 5918; x_wconf 83' lang='lat' dir='ltr'>victoria,</span> <span class='ocrx_word' id='word_1_697' title='bbox 891 5855 937 5924; x_wconf 79' lang='lat' dir='ltr'>prii</span> <span class='ocrx_word' id='word_1_698' title='bbox 958 5856 1031 5911; x_wconf 90' lang='lat' dir='ltr'>salus</span> <span class='ocrx_word' id='word_1_699' title='bbox 1053 5866 1145 5912; x_wconf 86' lang='lat' dir='ltr'>nostra</span> 
     </span>
     <span class='ocr_line' id='line_1_58' title="bbox 359 5944 1145 6008; baseline 0.008 -12"><span class='ocrx_word' id='word_1_700' title='bbox 359 5945 492 6000; x_wconf 66' lang='lat' dir='ltr'>veraciter</span> <span class='ocrx_word' id='word_1_701' title='bbox 503 5945 632 6008; x_wconf 85' lang='lat' dir='ltr'>existens,</span> <span class='ocrx_word' id='word_1_702' title='bbox 646 5945 791 6000; x_wconf 82' lang='lat' dir='ltr'>uindictam</span> <span class='ocrx_word' id='word_1_703' title='bbox 811 5945 837 5998; x_wconf 92' lang='lat' dir='ltr'>in</span> <span class='ocrx_word' id='word_1_704' title='bbox 855 5944 960 6000; x_wconf 89' lang='lat' dir='ltr'>hostem</span> <span class='ocrx_word' id='word_1_705' title='bbox 971 5947 1084 6002; x_wconf 85' lang='lat' dir='ltr'>detorsit</span> <span class='ocrx_word' id='word_1_706' title='bbox 1096 5964 1145 6002; x_wconf 91' lang='lat' dir='ltr'>an-</span> 
     </span>
     <span class='ocr_line' id='line_1_59' title="bbox 358 6033 1146 6106; baseline 0.01 -19"><span class='ocrx_word' id='word_1_707' title='bbox 358 6033 472 6102; x_wconf 80' lang='lat' dir='ltr'>tirprurn,</span> <span class='ocrx_word' id='word_1_708' title='bbox 484 6046 513 6089; x_wconf 87' lang='lat' dir='ltr'>et</span> <span class='ocrx_word' id='word_1_709' title='bbox 529 6036 557 6090; x_wconf 91' lang='lat' dir='ltr'>in</span> <span class='ocrx_word' id='word_1_710' title='bbox 567 6050 647 6090; x_wconf 86' lang='lat' dir='ltr'>eruce</span> <span class='ocrx_word' id='word_1_711' title='bbox 657 6034 801 6105; x_wconf 86' lang='lat' dir='ltr'>degustans</span> <span class='ocrx_word' id='word_1_712' title='bbox 815 6043 941 6100; x_wconf 88' lang='lat' dir='ltr'>mortem,</span> <span class='ocrx_word' id='word_1_713' title='bbox 951 6036 1038 6106; x_wconf 82' lang='lat' dir='ltr'>ipsunt</span> <span class='ocrx_word' id='word_1_714' title='bbox 1051 6039 1146 6096; x_wconf 89' lang='lat' dir='ltr'>mortis</span> 
     </span>
    </p>
   </div>
   <div class='ocr_carea' id='block_1_8' title="bbox 356 6106 1184 6206">
    <p class='ocr_par' dir='ltr' id='par_1_8' title="bbox 356 6106 1184 6206">
     <span class='ocr_line' id='line_1_60' title="bbox 356 6106 1184 6206; baseline 0.008 -30"><span class='ocrx_word' id='word_1_715' title='bbox 356 6106 613 6181; x_wconf 75' lang='lat' dir='ltr'>clericitaoc&#39;torem.</span> <span class='ocrx_word' id='word_1_716' title='bbox 626 6122 684 6180; x_wconf 88' lang='lat' dir='ltr'>llue</span> <span class='ocrx_word' id='word_1_717' title='bbox 703 6138 798 6180; x_wconf 80' lang='lat' dir='ltr'>omncs</span> <span class='ocrx_word' id='word_1_718' title='bbox 819 6124 959 6181; x_wconf 76' lang='lat' dir='ltr'>convenite</span> <span class='ocrx_word' id='word_1_719' title='bbox 980 6125 1090 6193; x_wconf 77' lang='lat' dir='ltr'>egroti,</span> <span class='ocrx_word' id='word_1_720' title='bbox 1117 6137 1146 6183; x_wconf 86' lang='lat' dir='ltr'>et</span> <span class='ocrx_word' id='word_1_721' title='bbox 1182 6199 1184 6206; x_wconf 12' lang='grc' dir='ltr'>ἲ</span> 
     </span>
    </p>
   </div>
   <div class='ocr_carea' id='block_1_9' title="bbox 1182 4563 1997 4900">
    <p class='ocr_par' dir='ltr' id='par_1_9' title="bbox 1203 4563 1996 4635">
     <span class='ocr_line' id='line_1_61' title="bbox 1203 4563 1996 4635; baseline -0.001 -17"><span class='ocrx_word' id='word_1_722' title='bbox 1203 4572 1275 4631; x_wconf 91' lang='lat' dir='ltr'>tom;</span> <span class='ocrx_word' id='word_1_723' title='bbox 1294 4564 1408 4635; x_wconf 84' lang='lat' dir='ltr'>ideoque</span> <span class='ocrx_word' id='word_1_724' title='bbox 1420 4574 1526 4635; x_wconf 89' lang='lat' dir='ltr'>oportet</span> <span class='ocrx_word' id='word_1_725' title='bbox 1536 4573 1566 4620; x_wconf 92' lang='lat' dir='ltr'>ut</span> <span class='ocrx_word' id='word_1_726' title='bbox 1578 4579 1672 4621; x_wconf 87' lang='lat' dir='ltr'>omues</span> <span class='ocrx_word' id='word_1_727' title='bbox 1686 4572 1808 4620; x_wconf 87' lang='lat' dir='ltr'>sanctam</span> <span class='ocrx_word' id='word_1_728' title='bbox 1816 4577 1924 4619; x_wconf 85' lang='lat' dir='ltr'>crucem</span> <span class='ocrx_word' id='word_1_729' title='bbox 1935 4563 1996 4618; x_wconf 83' lang='lat' dir='ltr'>tau-</span> 
     </span>
    </p>

    <p class='ocr_par' dir='ltr' id='par_1_10' title="bbox 1203 4656 1997 4729">
     <span class='ocr_line' id='line_1_62' title="bbox 1203 4656 1997 4729; baseline -0.001 -17"><span class='ocrx_word' id='word_1_730' title='bbox 1203 4657 1297 4714; x_wconf 88' lang='lat' dir='ltr'>demus</span> <span class='ocrx_word' id='word_1_731' title='bbox 1311 4660 1411 4729; x_wconf 88' lang='lat' dir='ltr'>pariter</span> <span class='ocrx_word' id='word_1_732' title='bbox 1424 4670 1547 4725; x_wconf 84' lang='lat' dir='ltr'>ovantes,</span> <span class='ocrx_word' id='word_1_733' title='bbox 1561 4658 1745 4728; x_wconf 83' lang='lat' dir='ltr'>crucifixoque</span> <span class='ocrx_word' id='word_1_734' title='bbox 1768 4658 1825 4728; x_wconf 87' lang='lat' dir='ltr'>regi</span> <span class='ocrx_word' id='word_1_735' title='bbox 1844 4656 1997 4712; x_wconf 83' lang='lat' dir='ltr'>incessabi-</span> 
     </span>
    </p>

    <p class='ocr_par' dir='ltr' id='par_1_11' title="bbox 1182 4746 1995 4900">
     <span class='ocr_line' id='line_1_63' title="bbox 1202 4746 1995 4821; baseline 0 -18"><span class='ocrx_word' id='word_1_736' title='bbox 1202 4749 1265 4804; x_wconf 82' lang='lat' dir='ltr'>liter</span> <span class='ocrx_word' id='word_1_737' title='bbox 1277 4751 1378 4819; x_wconf 83' lang='lat' dir='ltr'>gratias</span> <span class='ocrx_word' id='word_1_738' title='bbox 1391 4765 1512 4820; x_wconf 84' lang='lat' dir='ltr'>agamus,</span> <span class='ocrx_word' id='word_1_739' title='bbox 1526 4750 1573 4821; x_wconf 84' lang='lat' dir='ltr'>qui</span> <span class='ocrx_word' id='word_1_740' title='bbox 1593 4750 1724 4820; x_wconf 87' lang='lat' dir='ltr'>sanguine</span> <span class='ocrx_word' id='word_1_741' title='bbox 1745 4746 1856 4818; x_wconf 90' lang='lat' dir='ltr'>proprio</span> <span class='ocrx_word' id='word_1_742' title='bbox 1867 4746 1995 4803; x_wconf 84' lang='lat' dir='ltr'>uniuersa</span> 
     </span>
     <span class='ocr_line' id='line_1_64' title="bbox 1182 4842 1533 4900; baseline 0 -4"><span class='ocrx_word' id='word_1_743' title='bbox 1182 4849 1184 4854; x_wconf 83' lang='lat'>&#39;</span> <span class='ocrx_word' id='word_1_744' title='bbox 1204 4842 1304 4899; x_wconf 76' lang='lat' dir='ltr'>laxauit</span> <span class='ocrx_word' id='word_1_745' title='bbox 1321 4843 1411 4900; x_wconf 88' lang='lat' dir='ltr'>dehita</span> <span class='ocrx_word' id='word_1_746' title='bbox 1424 4843 1533 4897; x_wconf 82' lang='lat' dir='ltr'>mundo.</span> 
     </span>
    </p>
   </div>
   <div class='ocr_carea' id='block_1_10' title="bbox 1500 4928 1692 4989">
    <p class='ocr_par' dir='ltr' id='par_1_12' title="bbox 1500 4928 1692 4989">
     <span class='ocr_line' id='line_1_65' title="bbox 1500 4928 1692 4989; baseline -0.01 0"><span class='ocrx_word' id='word_1_747' title='bbox 1500 4933 1614 4989; x_wconf 69' lang='lat' dir='ltr'>CAPUT</span> <span class='ocrx_word' id='word_1_748' title='bbox 1634 4928 1692 4987; x_wconf 79' lang='lat' dir='ltr'>xx.</span> 
     </span>
    </p>
   </div>
   <div class='ocr_carea' id='block_1_11' title="bbox 1201 5017 1994 5148">
    <p class='ocr_par' dir='ltr' id='par_1_13' title="bbox 1201 5017 1994 5148">
     <span class='ocr_line' id='line_1_66' title="bbox 1201 5017 1994 5090; baseline -0.004 -12"><span class='ocrx_word' id='word_1_749' title='bbox 1201 5023 1240 5078; x_wconf 72' lang='lat' dir='ltr'>lic</span> <span class='ocrx_word' id='word_1_750' title='bbox 1252 5024 1372 5080; x_wconf 81' lang='lat' dir='ltr'>uicesima</span> <span class='ocrx_word' id='word_1_751' title='bbox 1387 5017 1481 5090; x_wconf 70' lang='lat' dir='ltr'>loturo,</span> <span class='ocrx_word' id='word_1_752' title='bbox 1499 5024 1543 5078; x_wconf 85' lang='lat' dir='ltr'>ubi</span> <span class='ocrx_word' id='word_1_753' title='bbox 1559 5023 1723 5078; x_wconf 78' lang='lat' dir='ltr'>centenarios</span> <span class='ocrx_word' id='word_1_754' title='bbox 1740 5031 1765 5077; x_wconf 81' lang='lat' dir='ltr'>et</span> <span class='ocrx_word' id='word_1_755' title='bbox 1778 5022 1927 5076; x_wconf 74' lang='lat' dir='ltr'>vicenarius</span> <span class='ocrx_word' id='word_1_756' title='bbox 1942 5037 1994 5076; x_wconf 84' lang='lat' dir='ltr'>uu-</span> 
     </span>
     <span class='ocr_line' id='line_1_67' title="bbox 1460 5093 1726 5148; baseline 0 -1"><span class='ocrx_word' id='word_1_757' title='bbox 1460 5110 1546 5147; x_wconf 82' lang='lat' dir='ltr'>merus</span> <span class='ocrx_word' id='word_1_758' title='bbox 1563 5093 1661 5148; x_wconf 83' lang='lat' dir='ltr'>iuditus</span> <span class='ocrx_word' id='word_1_759' title='bbox 1678 5103 1726 5147; x_wconf 80' lang='lat' dir='ltr'>ert.</span> 
     </span>
    </p>
   </div>
   <div class='ocr_carea' id='block_1_12' title="bbox 1237 5202 1993 5276">
    <p class='ocr_par' dir='ltr' id='par_1_14' title="bbox 1237 5202 1993 5276">
     <span class='ocr_line' id='line_1_68' title="bbox 1237 5202 1993 5276; baseline -0.003 -17"><span class='ocrx_word' id='word_1_760' title='bbox 1237 5205 1306 5260; x_wconf 81' lang='lat' dir='ltr'>Ecce</span> <span class='ocrx_word' id='word_1_761' title='bbox 1322 5204 1460 5275; x_wconf 80' lang='lat' dir='ltr'>sanguinis</span> <span class='ocrx_word' id='word_1_762' title='bbox 1472 5204 1571 5260; x_wconf 84' lang='lat' dir='ltr'>Christi</span> <span class='ocrx_word' id='word_1_763' title='bbox 1595 5206 1640 5276; x_wconf 84' lang='lat' dir='ltr'>pia</span> <span class='ocrx_word' id='word_1_764' title='bbox 1659 5202 1769 5268; x_wconf 82' lang='lat' dir='ltr'>effusio,</span> <span class='ocrx_word' id='word_1_765' title='bbox 1797 5204 1909 5259; x_wconf 83' lang='lat' dir='ltr'>ctunda</span> <span class='ocrx_word' id='word_1_766' title='bbox 1930 5204 1993 5269; x_wconf 85' lang='lat' dir='ltr'>illa,</span> 
     </span>
    </p>
   </div>
   <div class='ocr_carea' id='block_1_13' title="bbox 1172 5298 1995 5369">
    <p class='ocr_par' dir='ltr' id='par_1_15' title="bbox 1172 5298 1995 5369">
     <span class='ocr_line' id='line_1_69' title="bbox 1172 5298 1995 5369; baseline 0.001 -17"><span class='ocrx_word' id='word_1_767' title='bbox 1172 5301 1175 5307; x_wconf 86' lang='lat'>&#39;</span> <span class='ocrx_word' id='word_1_768' title='bbox 1201 5312 1261 5369; x_wconf 79' lang='lat' dir='ltr'>qum</span> <span class='ocrx_word' id='word_1_769' title='bbox 1276 5299 1334 5368; x_wconf 91' lang='lat' dir='ltr'>ipso</span> <span class='ocrx_word' id='word_1_770' title='bbox 1350 5298 1502 5353; x_wconf 87' lang='lat' dir='ltr'>dormiente</span> <span class='ocrx_word' id='word_1_771' title='bbox 1515 5299 1542 5354; x_wconf 93' lang='lat' dir='ltr'>in</span> <span class='ocrx_word' id='word_1_772' title='bbox 1558 5314 1639 5354; x_wconf 87' lang='lat' dir='ltr'>cruce</span> <span class='ocrx_word' id='word_1_773' title='bbox 1653 5301 1686 5354; x_wconf 87' lang='lat' dir='ltr'>de</span> <span class='ocrx_word' id='word_1_774' title='bbox 1701 5298 1785 5353; x_wconf 86' lang='lat' dir='ltr'>latere</span> <span class='ocrx_word' id='word_1_775' title='bbox 1804 5298 1866 5367; x_wconf 76' lang='lat' dir='ltr'>eius</span> <span class='ocrx_word' id='word_1_776' title='bbox 1878 5313 1995 5353; x_wconf 80' lang='lat' dir='ltr'>emana-</span> 
     </span>
    </p>
   </div>
   <div class='ocr_carea' id='block_1_14' title="bbox 1193 5389 1995 6182">
    <p class='ocr_par' dir='ltr' id='par_1_16' title="bbox 1193 5389 1995 6182">
     <span class='ocr_line' id='line_1_70' title="bbox 1202 5389 1994 5459; baseline 0.003 -17"><span class='ocrx_word' id='word_1_777' title='bbox 1202 5394 1252 5455; x_wconf 84' lang='lat' dir='ltr'>vit,</span> <span class='ocrx_word' id='word_1_778' title='bbox 1265 5391 1376 5445; x_wconf 87' lang='lat' dir='ltr'>mundat</span> <span class='ocrx_word' id='word_1_779' title='bbox 1389 5405 1438 5445; x_wconf 91' lang='lat' dir='ltr'>nos</span> <span class='ocrx_word' id='word_1_780' title='bbox 1461 5405 1476 5444; x_wconf 88' lang='lat' dir='ltr'>a</span> <span class='ocrx_word' id='word_1_781' title='bbox 1501 5390 1626 5445; x_wconf 89' lang='lat' dir='ltr'>sordibus</span> <span class='ocrx_word' id='word_1_782' title='bbox 1639 5390 1754 5455; x_wconf 90' lang='lat' dir='ltr'>cunetis,</span> <span class='ocrx_word' id='word_1_783' title='bbox 1768 5389 1833 5459; x_wconf 77' lang='lat' dir='ltr'>quia</span> <span class='ocrx_word' id='word_1_784' title='bbox 1857 5389 1915 5459; x_wconf 87' lang='lat' dir='ltr'>ipse</span> <span class='ocrx_word' id='word_1_785' title='bbox 1938 5389 1994 5444; x_wconf 82' lang='lat' dir='ltr'>lte-</span> 
     </span>
     <span class='ocr_line' id='line_1_71' title="bbox 1202 5477 1995 5551; baseline -0.008 -14"><span class='ocrx_word' id='word_1_786' title='bbox 1202 5484 1326 5551; x_wconf 90' lang='lat' dir='ltr'>demptor</span> <span class='ocrx_word' id='word_1_787' title='bbox 1342 5487 1428 5534; x_wconf 86' lang='lat' dir='ltr'>morte</span> <span class='ocrx_word' id='word_1_788' title='bbox 1440 5495 1489 5534; x_wconf 85' lang='lat' dir='ltr'>sua</span> <span class='ocrx_word' id='word_1_789' title='bbox 1502 5480 1581 5534; x_wconf 81' lang='lat' dir='ltr'>noxia</span> <span class='ocrx_word' id='word_1_790' title='bbox 1595 5489 1692 5536; x_wconf 85' lang='lat' dir='ltr'>cuncta</span> <span class='ocrx_word' id='word_1_791' title='bbox 1708 5495 1723 5533; x_wconf 84' lang='lat' dir='ltr'>a</span> <span class='ocrx_word' id='word_1_792' title='bbox 1740 5479 1819 5534; x_wconf 86' lang='lat' dir='ltr'>nohis</span> <span class='ocrx_word' id='word_1_793' title='bbox 1830 5477 1908 5542; x_wconf 88' lang='lat' dir='ltr'>tulit,</span> <span class='ocrx_word' id='word_1_794' title='bbox 1929 5493 1995 5532; x_wconf 90' lang='lat' dir='ltr'>curu</span> 
     </span>
     <span class='ocr_line' id='line_1_72' title="bbox 1201 5566 1995 5641; baseline -0.005 -17"><span class='ocrx_word' id='word_1_795' title='bbox 1201 5571 1277 5625; x_wconf 87' lang='lat' dir='ltr'>lohes</span> <span class='ocrx_word' id='word_1_796' title='bbox 1297 5580 1467 5641; x_wconf 88' lang='lat' dir='ltr'>pcccatorum</span> <span class='ocrx_word' id='word_1_797' title='bbox 1486 5578 1639 5625; x_wconf 88' lang='lat' dir='ltr'>nostrorum</span> <span class='ocrx_word' id='word_1_798' title='bbox 1652 5568 1785 5639; x_wconf 89' lang='lat' dir='ltr'>dempsit,</span> <span class='ocrx_word' id='word_1_799' title='bbox 1810 5576 1839 5623; x_wconf 90' lang='lat' dir='ltr'>et</span> <span class='ocrx_word' id='word_1_800' title='bbox 1855 5566 1995 5636; x_wconf 86' lang='lat' dir='ltr'>chirogra·</span> 
     </span>
     <span class='ocr_line' id='line_1_73' title="bbox 1202 5660 1992 5733; baseline -0.006 -17"><span class='ocrx_word' id='word_1_801' title='bbox 1202 5663 1282 5733; x_wconf 90' lang='lat' dir='ltr'>phom</span> <span class='ocrx_word' id='word_1_802' title='bbox 1290 5663 1361 5732; x_wconf 86' lang='lat' dir='ltr'>quod</span> <span class='ocrx_word' id='word_1_803' title='bbox 1369 5669 1427 5716; x_wconf 85' lang='lat' dir='ltr'>erat</span> <span class='ocrx_word' id='word_1_804' title='bbox 1435 5661 1512 5716; x_wconf 88' lang='lat' dir='ltr'>nohis</span> <span class='ocrx_word' id='word_1_805' title='bbox 1520 5660 1901 5731; x_wconf 85' lang='lat' dir='ltr'>contrariumperpassioncm</span> <span class='ocrx_word' id='word_1_806' title='bbox 1914 5673 1992 5712; x_wconf 81' lang='lat' dir='ltr'>suam</span> 
     </span>
     <span class='ocr_line' id='line_1_74' title="bbox 1193 5746 1992 5822; baseline -0.013 -12"><span class='ocrx_word' id='word_1_807' title='bbox 1193 5754 1308 5810; x_wconf 87' lang='lat' dir='ltr'>delevit.</span> <span class='ocrx_word' id='word_1_808' title='bbox 1328 5751 1474 5808; x_wconf 77' lang='lat' dir='ltr'>Laudabile</span> <span class='ocrx_word' id='word_1_809' title='bbox 1488 5752 1586 5821; x_wconf 86' lang='lat' dir='ltr'>quippe</span> <span class='ocrx_word' id='word_1_810' title='bbox 1596 5752 1694 5822; x_wconf 89' lang='lat' dir='ltr'>dogma</span> <span class='ocrx_word' id='word_1_811' title='bbox 1706 5746 1843 5819; x_wconf 75' lang='lat' dir='ltr'>Evangelii</span> <span class='ocrx_word' id='word_1_812' title='bbox 1857 5747 1992 5812; x_wconf 83' lang='lat' dir='ltr'>condidit,</span> 
     </span>
     <span class='ocr_line' id='line_1_75' title="bbox 1200 5842 1991 5917; baseline -0.011 -15"><span class='ocrx_word' id='word_1_813' title='bbox 1200 5848 1270 5917; x_wconf 88' lang='lat' dir='ltr'>quod</span> <span class='ocrx_word' id='word_1_814' title='bbox 1279 5853 1451 5916; x_wconf 86' lang='lat' dir='ltr'>peccatorum</span> <span class='ocrx_word' id='word_1_815' title='bbox 1458 5845 1583 5900; x_wconf 90' lang='lat' dir='ltr'>tenebras</span> <span class='ocrx_word' id='word_1_816' title='bbox 1596 5843 1691 5915; x_wconf 83' lang='lat' dir='ltr'>lugens</span> <span class='ocrx_word' id='word_1_817' title='bbox 1701 5858 1781 5899; x_wconf 88' lang='lat' dir='ltr'>omno</span> <span class='ocrx_word' id='word_1_818' title='bbox 1793 5842 1991 5906; x_wconf 79' lang='lat' dir='ltr'>lacinusremt,</span> 
     </span>
     <span class='ocr_line' id='line_1_76' title="bbox 1200 5932 1992 6008; baseline -0.013 -13"><span class='ocrx_word' id='word_1_819' title='bbox 1200 5940 1386 6008; x_wconf 85' lang='lat' dir='ltr'>idolorumque</span> <span class='ocrx_word' id='word_1_820' title='bbox 1404 5938 1526 5994; x_wconf 85' lang='lat' dir='ltr'>culturas</span> <span class='ocrx_word' id='word_1_821' title='bbox 1541 5937 1648 6008; x_wconf 85' lang='lat' dir='ltr'>perdtus</span> <span class='ocrx_word' id='word_1_822' title='bbox 1664 5937 1789 6004; x_wconf 79' lang='lat' dir='ltr'>abnegat.</span> <span class='ocrx_word' id='word_1_823' title='bbox 1810 5933 1888 6001; x_wconf 83' lang='lat' dir='ltr'>Quod</span> <span class='ocrx_word' id='word_1_824' title='bbox 1901 5932 1992 5987; x_wconf 79' lang='lat' dir='ltr'>vitam</span> 
     </span>
     <span class='ocr_line' id='line_1_77' title="bbox 1198 6022 1993 6099; baseline -0.016 -10"><span class='ocrx_word' id='word_1_825' title='bbox 1198 6035 1298 6090; x_wconf 80' lang='lat' dir='ltr'>(locens</span> <span class='ocrx_word' id='word_1_826' title='bbox 1312 6033 1464 6095; x_wconf 84' lang='lat' dir='ltr'>honestum,</span> <span class='ocrx_word' id='word_1_827' title='bbox 1477 6045 1525 6099; x_wconf 91' lang='lat' dir='ltr'>per</span> <span class='ocrx_word' id='word_1_828' title='bbox 1536 6030 1665 6084; x_wconf 86' lang='lat' dir='ltr'>virtutum</span> <span class='ocrx_word' id='word_1_829' title='bbox 1686 6025 1835 6096; x_wconf 78' lang='lat' dir='ltr'>potentiam</span> <span class='ocrx_word' id='word_1_830' title='bbox 1854 6025 1882 6080; x_wconf 90' lang='lat' dir='ltr'>in</span> <span class='ocrx_word' id='word_1_831' title='bbox 1894 6022 1993 6093; x_wconf 81' lang='lat' dir='ltr'>praedi·</span> 
     </span>
     <span class='ocr_line' id='line_1_78' title="bbox 1199 6112 1992 6182; baseline -0.015 -1"><span class='ocrx_word' id='word_1_832' title='bbox 1199 6125 1337 6182; x_wconf 72' lang='lat' dir='ltr'>eutrrrihns</span> <span class='ocrx_word' id='word_1_833' title='bbox 1354 6122 1411 6179; x_wconf 90' lang='lat' dir='ltr'>sois</span> <span class='ocrx_word' id='word_1_834' title='bbox 1424 6121 1596 6179; x_wconf 85' lang='lat' dir='ltr'>eorumendat</span> <span class='ocrx_word' id='word_1_835' title='bbox 1606 6119 1742 6176; x_wconf 73' lang='lat' dir='ltr'>universis</span> <span class='ocrx_word' id='word_1_836' title='bbox 1755 6116 1807 6173; x_wconf 88' lang='lat' dir='ltr'>suh</span> <span class='ocrx_word' id='word_1_837' title='bbox 1816 6115 1889 6173; x_wconf 71' lang='lat' dir='ltr'>curlo</span> <span class='ocrx_word' id='word_1_838' title='bbox 1899 6112 1992 6170; x_wconf 65' lang='lat' dir='ltr'>natio</span> 
     </span>
    </p>
   </div>
   <div class='ocr_carea' id='block_1_15' title="bbox 0 0 2260 6850">
    <p class='ocr_par' dir='ltr' id='par_1_17' title="bbox 0 0 2260 6850">
     <span class='ocr_line' id='line_1_79' title="bbox 0 0 2260 6850; baseline 0 2"><span class='ocrx_word' id='word_1_839' title='bbox 0 0 2260 6850; x_wconf 95' lang='lat' dir='ltr'> </span> 
     </span>
    </p>
   </div>
  </div>
 </body>
</html>
