4509 6850
328 630 382 689 tet

654 631 685 687 B.
706 632 836 690 RABANI
855 635 966 721 hlauttl
985 633 1146 692 atteritur.
1168 632 1324 692 elocent.
1345 633 1489 692 0111111111
1508 633 1598 689 PARS
1617 633 1638 688 1.

1912 634 1966 689 513

327 744 419 800 dicun
436 743 568 814 edificare
583 745 706 816 ternplum
720 748 819 802 nomini
835 759 924 803 sancto
945 758 1000 815 tuo,
1016 749 1042 802 in
1056 747 1119 802 ciri·
1133 758 1157 813 Λ
1172 746 1279 800 urinas:
1297 745 1343 801 Sic
1356 746 1499 802 benedices
1510 745 1637 817 populum
1657 759 1757 809 trienni,
1772 755 1798 799 ct
1812 758 1863 813 ego
1880 745 1968 822 bene·

326 843 380 891 rute
394 842 492 889 iuncte
504 835 674 891 habitationis
688 846 741 891 tuce
754 837 831 910 (Sap.
850 840 898 911 ιι).
913 840 969 895 liuc
983 856 1051 910 opus
1065 839 1118 893 lle·

326 926 391 983 brui
407 925 448 999 (ut
469 926 578 997 quddam
596 929 749 999 sapientum
776 931 924 1003 meminit),
948 933 1020 987 inter
1037 948 1119 988 cano·

326 1018 401 1074 ulcus
415 1017 571 1089 Scripturas
583 1022 758 1090 recipiebant.
773 1022 1118 1095 Sedpostquamcompre-

325 1108 475 1165 heudentes
481 1109 617 1166 Christum
633 1112 835 1180 interfecerunt,
846 1124 1029 1170 memorantes
1040 1116 1118 1171 ineo-

325 1202 385 1257 deut
410 1202 479 1258 libro
499 1211 552 1257 tam
567 1204 767 1261 evidentissima
785 1206 818 1262 de
837 1207 947 1264 Christo
961 1209 1116 1264 testimonia

324 1292 547 1361 ‹pribusdicitur:
563 1294 691 1350 Riserunt
704 1298 773 1352 inter
786 1314 815 1353 se
830 1299 920 1368 impii:
937 1298 1118 1370 Corrrprehen-

324 1385 419 1441 alamus
428 1386 531 1456 justum
551 1388 613 1456 quia
625 1389 725 1443 inutilis
737 1399 774 1444 cst
787 1390 870 1457 nobis,
879 1400 902 1444 et
915 1393 1062 1445 contrarius
1078 1399 1117 1445 cst

322 1477 443 1546 operibus
454 1479 561 1544 niustria,
575 1487 599 1532 et
618 1480 746 1548 pronunti
763 1482 935 1534 nescientium
950 1480 998 1533 Dei
1010 1481 1114 1547 ltuhcre,

322 1580 346 1625 et
359 1569 383 1623 F
385 1572 459 1626 ilium
471 1573 519 1627 Dei
533 1590 559 1627 se
574 1576 691 1629 rroortiunt
707 1575 781 1647 (Sap.
797 1576 837 1648 ιι).
853 1577 887 1631 Et
900 1576 987 1631 inira:
1006 1576 1036 1631 Si
1047 1579 1115 1630 enim

322 1673 361 1719 est
381 1682 438 1719 ecre
458 1664 545 1720 Filius
561 1666 619 1733 Dei,
635 1670 756 1739 suscipiet
780 1668 854 1723 illum
870 1680 893 1723 et
908 1668 1026 1723 liberabit
1040 1668 1115 1722 illum

320 1756 353 1810 de
366 1772 446 1810 rtrurru
460 1758 661 1812 curatruriorunt.
673 1757 712 1813 bc
727 1759 823 1815 deinde
838 1779 845 1813 ι
865 1757 899 1814 Ul
922 1761 1036 1813 sciuntur
1048 1776 1117 1812 anee-

321 1845 431 1898 rentiunt
447 1844 529 1910 illius,
544 1855 569 1900 et
594 1846 733 1916 prohemus
760 1849 916 1919 patientium
936 1850 1010 1919 ejus,
1033 1859 1115 1903 morte

1170 836 1259 891 dicam
1281 835 1350 891 illos.
1380 835 1520 911 Benedicat
1542 832 1715 889 tullentinus
1742 843 1766 888 et
1785 834 1917 888 custodiat
1941 843 1967 889 tc

1170 925 1265 998 (Num.
1279 925 1334 996 rr);
1361 926 1494 983 illuminet
1512 926 1642 982 Dominus
1665 925 1761 981 samem
1782 941 1859 981 suam
1882 930 1968 997 snper

1169 1024 1246 1082 te,et
1261 1016 1473 1072 misereaturtui
1493 1014 1579 1088 (l’uul.
1595 1015 1684 1085 uxum
1712 1024 1894 1085 convertatque
1913 1014 1968 1069 llo-

1168 1110 1255 1162 otiuaa
1272 1107 1370 1163 oultrtm
1383 1125 1461 1162 suum
1476 1108 1511 1162 ud
1523 1117 1565 1175 tc,
1593 1118 1617 1163 et
1632 1109 1673 1163 det
1688 1108 1735 1161 tibi
1759 1123 1850 1178 pacem
1865 1107 1965 1179 (Nutu.

1168 1200 1217 1270 ιιι).
1237 1200 1305 1263 llinc
1324 1217 1431 1271 quoque
1454 1216 1517 1256 ustas
1532 1201 1659 1257 Ecclesiae
1680 1200 1843 1270 multiplices
1854 1200 1968 1256 bencdi-

1168 1292 1271 1348 ctiones
1287 1294 1314 1348 iu
1329 1295 1443 1349 dirersis
1465 1295 1545 1350 rebus
1565 1294 1654 1349 hahet.
1680 1292 1854 1348 Benedicitur
1874 1292 1966 1348 oleum

1167 1398 1200 1437 cr
1212 1384 1357 1453 apostolica
1369 1384 1540 1450 auctoritate,
1552 1385 1586 1439 ad
1598 1383 1767 1439 infirmorum
1779 1382 1967 1439 medicamen·

1167 1482 1234 1538 tum,
1246 1472 1347 1528 laeoho
1365 1472 1487 1544 apostolo
1504 1474 1556 1529 hoc
1571 1476 1608 1530 in
1623 1473 1798 1543 precipiente
1812 1490 1818 1526 :
1833 1471 1966 1542 lufirma-

1161 1576 1220 1632 tur,
1231 1566 1394 1637 inquit,quie
1408 1567 1434 1619 in
1446 1566 1527 1632 uubis,
1535 1565 1641 1620 inducat
1651 1564 1813 1636 presbyteros
1825 1564 1964 1632 Ecclecirr,

1166 1667 1195 1710 ut
1210 1664 1282 1710 orent
1293 1672 1450 1726 strpereum,
1465 1665 1589 1725 unqentcc
1603 1671 1663 1710 eum
1679 1654 1736 1708 oleo
1752 1656 1780 1708 in
1791 1655 1897 1709 nominc
1908 1653 1964 1708 Do·

1166 1747 1230 1801 mini
1242 1748 1325 1801 nostri
1343 1744 1407 1801 lesu
1418 1745 1519 1802 Christi
1532 1743 1602 1816 (luc.
1622 1745 1661 1817 r).
1679 1746 1851 1801 Benedicitur
1871 1744 1913 1801 sal
1936 1753 1966 1800 ct

1166 1853 1236 1908 aqua
1249 1839 1276 1893 in
1290 1839 1411 1894 diversos
1422 1853 1485 1893 usus
1499 1837 1628 1903 lldelium,
1641 1838 1674 1893 ad
1684 1837 1808 1893 homines
1823 1835 1961 1901 inllrmos,

320 1935 471 2005 turpissimo
482 1936 866 2013 cundentnemuseum(lbid.);
883 1940 1112 2003 collatiuuelactu,
1165 1939 1260 1985 0⁰¹¹1l³
1279 1930 1448 2001 llllsssslssSissffl
1472 1928 1585 1996 inimici·
1601 1929 1635 1983 ad
1650 1943 1778 1998 pecorum
1803 1928 1962 1995 sanilam·

320 2040 354 2080 ne
372 2026 457 2080 nostri
473 2041 520 2081 eos
532 2042 581 2097 pro
602 2037 656 2081 tam
671 2038 765 2098 aperto
787 2030 928 2102 sacrilegio
939 2031 1111 2102 derogarent,
1165 2020 1199 2075 ³⁸1
1213 2021 1322 2076 mollitis
1335 2019 1506 2084 tusetessdffis
1520 2028 1585 2086 010„
1604 2019 1676 2074 ⁵¹⁰¹st
1686 2019 1783 2091 llsslllll'
1795 2018 1962 2083 Alefflsstlel.

319 2129 334 2168 a
348 2116 514 2186 propheticis
527 2132 588 2172 eum
597 2117 776 2175 rolnniiuibus
791 2122 954 2187 reciderunt,
963 2123 1115 2194 legendum·
1129 2114 1151 2172 lt
1166 2113 1295 2183 septimus
1308 2120 1369 2183 post
1383 2111 1504 2176 Petrum,
1527 2110 1654 2165 Romane
1668 2110 1743 2165 urbis
1766 2110 1920 2180 episcopus,
1934 2118 1963 2165 ct

319 2223 372 2277 que
386 2209 443 2264 suis
456 2210 662 2280 prohibuerunt.
672 2211 783 2288 Librum
797 2223 887 2269 autem
895 2216 1113 2272 Ecclesiastieum
1164 2213 1277 2275 millii,
1294 2203 1467 2259 0⁰¹¹Slil115850
1481 2216 1579 2271 aduam
1594 2201 1743 2271 ⁵h³f⁸50¹¹l⁵
1761 2215 1823 2255 cum
1844 2199 1902 2256 ⁸³¹⁰
1915 2200 1963 2254 Μ’

317 2298 643 2367 composuitlesushlius
658 2300 754 2356 Sirach
780 2302 1053 2375 hierosolymitanus,
1067 2322 1114 2361 nc·
1163 2296 1253 2353 dedici
1279 2296 1307 2350 iss
1330 2294 1491 2351 habllsscllfis
1516 2294 1666 2349 homilium·
1694 2291 1763 2347 Nam
1793 2292 1897 2346 nullum
1919 2299 1963 2346 0⁵2

316 2402 365 2457 pos
378 2385 442 2443 lesu
455 2389 615 2456 sacerdotis,
627 2390 660 2445 de
683 2405 736 2461 quo
754 2393 878 2448 meminit
892 2394 1048 2449 Zacharias.
1061 2394 1112 2463 Qui

317 2478 385 2535 liber
395 2481 465 2550 apud
475 2479 607 2547 Latinos,
634 2492 744 2552 propter
768 2482 867 2555 eloquii
890 2484 1110 2552 similitudinem,

317 2570 469 2626 Salomonis
484 2570 561 2626 titulo
575 2581 749 2642 prenotatur.
766 2572 901 2631 l'rretcrea
911 2574 1004 2630 iudith
1016 2584 1043 2632 et
1057 2577 1111 2632 To·

316 2661 367 2716 biae
377 2662 433 2717 sire
449 2660 664 2717 blachahaorum
680 2662 774 2729 libros,
790 2665 835 2734 qni
853 2673 978 2722 auctores
993 2667 1110 2738 scripse-

316 2751 381 2815 rint,
398 2750 510 2807 minime
524 2759 640 2806 constat.

350 2838 452 2895 Novum
471 2848 561 2895 autem
575 2840 788 2910 Testamentum,
800 2852 917 2914 qrratuor
928 2844 1011 2901 libros
1022 2845 1111 2901 Eran-

314 2930 445 3003 qcliorum
461 2940 576 3001 quatuor
590 2932 762 3004 evangeliste
783 2934 903 3004 singulos
923 2935 1109 3006 scripserunt:

314 3039 429 3094 quorum
442 3022 516 3078 sulus
530 3021 672 3079 llatthaeus
686 3023 800 3081 llehraeu
819 3025 961 3096 scripsisse
984 3027 1111 3097 perhihe-

316 3123 360 3169 tor
384 3114 505 3185 eloquio,
528 3115 619 3171 ueteri
635 3113 741 3172 Graeco.
767 3116 867 3173 Paulus
886 3119 1023 3188 apostulus
1047 3135 1110 3175 suas

314 3203 422 3275 scripsit
433 3205 579 3275 Epistulas,
593 3222 626 3261 ex
640 3206 738 3277 quibus
752 3224 850 3263 norem
871 3218 973 3279 septem
986 3210 1109 3267 ccelesiis

313 3297 432 3368 scripsit,
455 3297 572 3366 reliquas
586 3298 726 3369 discipulis
740 3300 807 3364 suis,
824 3300 977 3367 Titnuthco,
1006 3302 1066 3357 Tito
1081 3310 1109 3357 et

1162 2384 1486 2456 aliudelementumquod
1501 2384 1528 2439 in
1542 2384 1595 2439 hoe
1609 2383 1709 2439 mnrrdo
1719 2390 1816 2454 purget
1830 2382 1958 2438 uniuersa

1162 2494 1244 2549 quam
1259 2494 1338 2548 aquo,
1354 2478 1480 2548 quodque
1495 2476 1613 2531 vivificet
1627 2482 1723 2531 cuncta
1737 2493 1743 2528 :
1759 2475 1875 2544 ideoque
1897 2490 1961 2528 eum

1162 2569 1332 2639 baptizamur
1344 2569 1371 2623 iu
1389 2567 1507 2631 Christo,
1529 2583 1577 2638 per
1602 2567 1689 2637 ipsum
1714 2566 1902 2629 renascimur,
1930 2575 1962 2619 ut

1161 2658 1297 2729 purificati
1325 2657 1508 2719 vivificemur:
1530 2656 1602 2727 quod
1630 2657 1655 2711 in
1681 2662 1801 2726 tempure
1825 2654 1962 2726 passionis

1161 2766 1214 2806 uua
1229 2767 1291 2806 cum
1310 2751 1440 2821 sanguine
1465 2750 1499 2805 dc
1524 2749 1609 2805 latere
1630 2747 1731 2804 Christi
1756 2747 1900 2819 produxit,
1925 2748 1961 2802 ad

1161 2843 1356 2899 ostendendum
1381 2841 1474 2911 ntique
1487 2842 1576 2897 omnis
1595 2841 1819 2896 sanctificationis
1833 2850 1861 2897 et
1883 2858 1959 2897 mun·

1161 2921 1233 2990 ditia
1246 2933 1364 2988 validum
1376 2947 1405 2987 se
1418 2933 1480 2988 inde
1493 2934 1593 2988 habere
1603 2940 1812 2987 sacramentum.
1824 2931 1901 3000 Quod
1911 2948 1964 2987 au·

1161 3033 1215 3082 tem
1231 3026 1271 3082 sal
1297 3024 1497 3081 sanctificatum
1520 3040 1596 3096 aquae
1616 3024 1802 3088 immiscetur,
1818 3038 1851 3079 er
1865 3023 1960 3081 divina

1160 3117 1320 3175 auctoritate
1339 3118 1483 3189 processit,
1496 3117 1558 3187 quia
1571 3114 1634 3171 illud
1651 3131 1699 3187 per
1712 3115 1839 3172 Elisoeum
1853 3114 1881 3169 in
1896 3113 1961 3169 lon·

1161 3217 1217 3264 tem
1229 3208 1299 3264 mitti
1309 3207 1401 3277 jussit,
1421 3216 1451 3263 ut
1466 3217 1611 3264 sanaretur
1626 3206 1754 3263 sterilitas
1767 3220 1899 3276 aquarum
1914 3203 1962 3260 le-

1160 3300 1246 3356 ricbu.
1261 3301 1332 3372 Ergo
1345 3309 1442 3355 natura
1457 3301 1521 3355 salis
1539 3308 1642 3355 uatrrrue
1657 3313 1734 3369 aque
1752 3298 1841 3353 uicina
1856 3305 1883 3353 et
1895 3312 1961 3352 con·

312 3389 474 3445 Philemoni.
500 3388 540 3444 td
557 3387 685 3445 llebraeos
709 3399 800 3447 autem
827 3391 948 3463 Epistola
972 3392 1108 3464 plerisque
1156 3391 1328 3462 junctissima
1344 3402 1396 3458 est,
1412 3393 1474 3463 quia
1489 3391 1609 3462 ejusdem
1625 3391 1776 3448 clementias
1790 3390 1958 3456 ambosunt,

312 3482 417 3536 Latinis
433 3481 492 3551 ejus
510 3496 569 3537 csse
587 3482 689 3538 ineerta
705 3491 764 3548 est,
780 3492 890 3555 propter
910 3484 1106 3542 dissonantiam
1121 3470 1143 3532 C
1158 3495 1186 3542 et
1213 3486 1284 3542 idem
1309 3484 1426 3541 officium
1451 3496 1479 3541 et
1507 3485 1733 3556 significationem
1758 3483 1869 3539 bahent.
1888 3481 1960 3538 Nam

312 3573 456 3638 sermonis,
467 3573 643 3644 eamdemque
662 3574 708 3629 alii
729 3574 880 3631 Bnrrrabam
902 3577 1106 3649 conscripsisse,

314 3663 360 3719 alti
376 3678 392 3718 a
407 3663 545 3720 Clemente
562 3665 691 3736 scriptam
705 3665 792 3722 luisse
806 3668 987 3738 suspicantur.
1010 3670 1108 3727 Petrus

312 3755 423 3827 scripsit
444 3757 510 3812 duas
523 3756 632 3812 nontinc
646 3772 696 3813 suo
720 3757 866 3828 Epistulas,
879 3775 939 3829 qnae
962 3759 1107 3816 Catholien

312 3848 496 3915 nominantur,
508 3865 624 3920 quarum
644 3854 760 3906 secundo
774 3852 960 3922 aquibusdam
973 3854 1032 3923 ejus
1047 3869 1107 3909 esse

312 3953 365 3993 non
384 3938 513 4005 ereditur,
529 3949 639 4011 propter
652 3940 713 4012 styli
738 3941 925 4011 sermonisque
938 3943 1105 3999 distantiam.

311 4027 428 4084 lacubus
443 4044 521 4085 suam
534 4031 643 4102 scripsit
656 4031 813 4101 Epistulam,
830 4048 890 4103 quae
902 4044 929 4088 et
943 4035 1001 4104 ipsa
1013 4053 1029 4090 a
1039 4022 1107 4092 ιιοιιῖ

311 4119 393 4175 nullis
410 4119 468 4189 ejus
482 4135 543 4177 esse
554 4131 676 4194 neqatur,
690 4124 737 4179 sed
752 4123 801 4179 sub
815 4125 925 4180 rrouuinc
939 4124 998 4196 ejus
1009 4127 1043 4183 ab
1054 4129 1107 4183 alio

312 4209 412 4266 dictata
425 4212 606 4267 existimatur.
624 4212 741 4269 loarrnes
767 4215 903 4285 Epistulas
923 4226 978 4274 tres
1003 4220 1106 4276 edidit:

311 4316 426 4372 quartum
440 4311 544 4358 tanturn
558 4304 645 4374 prima
659 4320 675 4359 a
692 4305 854 4375 quibusdam
866 4306 924 4376 ejus
934 4325 995 4364 csse
1008 4311 1107 4366 usseri-

311 4404 368 4460 tur,
382 4394 493 4465 relique
505 4395 563 4450 dure
576 4394 686 4451 loannis
698 4395 837 4466 cujusdam
851 4398 1003 4470 presbytcri
1014 4402 1107 4457 existi-

312 4493 431 4552 mantnr,
445 4487 533 4557 eujus,
550 4486 628 4556 juxta
640 4487 798 4559 Hieronymi
811 4492 982 4558 seutentiam,
993 4493 1108 4550 alterum

311 4575 463 4645 sepulerum
475 4579 546 4647 apud
559 4579 693 4648 Ephesum
706 4579 917 4636 demonstratur.
935 4581 1020 4639 ludas
1030 4600 1107 4640 snam

311 4667 396 4723 edidit
414 4668 572 4740 Epistulam.
592 4670 676 4726 hctus
699 4671 881 4741 apiostolorum
896 4673 983 4730 Lucas
999 4692 1108 4748 compo-

312 4760 375 4826 suit,
391 4762 461 4816 sicut
483 4762 585 4816 audivit
609 4764 651 4817 rel
679 4764 755 4819 vidit.
784 4763 963 4837 Apocalypsin
990 4767 1107 4825 loannes

312 4854 476 4924 evangelista
496 4854 615 4923 scripsit,
627 4857 720 4911 eodem
736 4867 921 4929 temporeque
935 4861 969 4915 ob
984 4861 1107 4934 Evange-

314 4942 341 4996 lii
355 4943 574 5013 praedieationem
593 4945 620 4997 iu
633 4945 749 5000 insulam
763 4947 893 5002 Pathmus
907 4949 1024 5003 traditur
1039 4951 1109 5006 rele-

313 5038 402 5102 qatus.
417 5029 449 5084 lli
466 5040 529 5086 suan
546 5032 693 5102 scriptores
709 5050 849 5091 sacrorum
864 5036 1004 5105 librorum,
1018 5040 1109 5097 divina

313 5120 491 5191 inspiratione
507 5122 661 5192 'lanquentes
673 5127 706 5180 ad
717 5127 896 5183 eruditionem
908 5140 1028 5187 nostram
1041 5148 1105 5203 prn-

313 5219 392 5281 cepta
413 5211 535 5267 coelestia
554 5214 581 5267 in
595 5212 715 5270 Ecclesia
730 5217 927 5286 dispensantes.
943 5221 1045 5278 ducmr
1060 5240 1108 5277 au·

313 5315 369 5360 tem
384 5307 541 5362 earumdem
566 5306 768 5379 Scripturarum
783 5310 900 5380 Spiritus
920 5324 1030 5369 sanetus
1048 5331 1108 5370 esse

313 5397 442 5452 creditur.
461 5396 521 5468 lpse
539 5399 610 5454 enim
623 5400 745 5470 scripsit,
761 5402 807 5472 qui
820 5419 870 5474 per
887 5406 1032 5475 propbetas
1043 5420 1108 5460 suos

314 5490 456 5548 scribenda
468 5491 589 5547 dictavit.

620 5582 733 5640 CAPUT
752 5583 807 5639 hv.

565 5675 603 5730 De
625 5676 857 5730 berredictionilius.

349 5765 568 5822 benedictionem
581 5778 672 5821 autem
686 5766 771 5821 daria
787 5767 974 5822 sacerdotibus
996 5768 1112 5850 populo⁸

314 5859 424 5937 neutiqua
444 5875 492 5929 per
509 5860 617 5930 Moysen
641 5859 792 5914 benedictio
817 5860 911 5929 pandit
937 5871 964 5914 et
987 5877 1112 5930 contipra-

314 5950 381 6017 bat,
407 5969 460 6022 qua
482 5953 642 6007 benedicere
663 5951 761 6021 populo
780 5966 845 6015 suo,
867 5952 918 6004 sah
942 5963 1112 6008 sacramento

316 6042 392 6096 trina·
406 6044 585 6099 invocationis
596 6043 716 6112 jubetur.
737 6042 782 6096 tn
796 6044 867 6097 enirn
888 6043 922 6096 ad
933 6041 1041 6111 Moysen
1057 6045 1108 6100 llo·

1159 3593 1228 3648 aqum
1243 3593 1257 3632 a
1271 3578 1395 3633 sordibus
1407 3578 1529 3642 munidat,
1541 3577 1579 3631 sal
1591 3576 1762 3646 putredinem
1777 3573 1868 3646 lugan
1886 3588 1961 3645 aqna

1159 3668 1276 3723 nitorem
1291 3668 1402 3738 prebet,
1414 3667 1453 3723 sal
1468 3667 1651 3723 sinceritatem
1674 3667 1799 3734 adlribet;
1814 3681 1885 3737 aqua
1906 3680 1959 3737 po·

1159 3759 1369 3830 tumsapientim
1391 3759 1542 3829 signifieat,
1568 3769 1596 3815 ct
1619 3758 1658 3814 sal
1673 3767 1779 3830 gustum
1805 3758 1960 3828 prudentiae

1159 3853 1272 3917 iudicat,
1288 3854 1359 3922 qrrud
1377 3853 1480 3908 scilicet
1492 3868 1633 3909 sacrorum
1650 3851 1779 3906 librorum
1794 3851 1861 3904 sutis
1873 3856 1961 3905 testa·

1159 3951 1203 3999 tur
1222 3945 1380 4009 artetur-itas,
1396 3953 1423 3998 ct
1440 3943 1597 4013 nndtiplieia
1624 3956 1718 3998 earnm
1742 3943 1860 4011 produnt
1882 3943 1961 3996 testi·

1159 4035 1259 4091 inantia.
1275 4035 1319 4090 Fit
1331 4037 1403 4090 enim
1416 4037 1460 4091 hic
1484 4034 1614 4089 mirabilis
1628 4034 1794 4105 operationis
1807 4032 1907 4088 divinae
1919 4032 1960 4090 ei·

1158 4123 1256 4191 lectus,
1273 4132 1302 4181 ut
1324 4141 1374 4195 per
1388 4125 1557 4180 sacerdotum
1572 4140 1619 4179 ora
1639 4124 1710 4180 neus
1725 4124 1783 4194 ipse
1797 4122 1957 4189 benedicat,

1159 4224 1186 4269 et
1202 4230 1250 4285 per
1263 4216 1391 4271 sensibile
1403 4232 1496 4271 eorum
1510 4201 1690 4271 ministerium
1705 4216 1795 4271 uirtus
1808 4215 1902 4271 divina
1918 4216 1960 4270 in·

1162 4306 1309 4362 visibiliter
1319 4306 1416 4363 efficiat
1436 4317 1645 4363 sacramentnm.
1665 4307 1830 4379 Deprecatnr
1846 4307 1959 4377 quidem

1159 4414 1208 4469 pro
1222 4399 1307 4456 salute
1322 4401 1461 4456 hominum
1480 4400 1524 4471 pia
1537 4400 1687 4456 sacerdotis
1700 4399 1825 4462 intentio,
1845 4406 1873 4453 et
1887 4413 1960 4468 pru-

1160 4498 1213 4545 stat
1228 4507 1289 4545 earn
1306 4492 1402 4547 divinae
1413 4491 1522 4562 pietatis
1544 4491 1669 4555 denotio;
1684 4490 1776 4559 sieque
1792 4490 1822 4544 lit
1836 4497 1867 4544 nt
1887 4491 1957 4545 elra-

1161 4582 1227 4637 ritas
1241 4598 1301 4653 qum
1314 4582 1424 4637 exhibet
1437 4583 1464 4638 in
1480 4583 1621 4637 sacerdote
1647 4580 1872 4650 deprecationem,
1897 4582 1958 4653 ipsa

1159 4682 1269 4745 praestet
1288 4689 1303 4728 a
1318 4673 1432 4729 homino
1444 4675 1578 4746 integram
1592 4683 1747 4729 sanitatem.

1458 4787 1572 4843 CAPUT
1591 4787 1657 4842 111.

1456 4858 1496 4912 Dr
1521 4858 1648 4929 aquiliolo.

1196 4949 1351 5021 Symbolum
1372 4950 1417 5004 tali
1434 4951 1539 5004 ratione
1560 4949 1713 5004 institutum
1733 4953 1851 5022 majores
1868 4953 1959 5008 nostri

1161 5039 1278 5102 tradunt,
1294 5040 1366 5107 quod
1377 5045 1437 5108 post
1452 5040 1637 5094 ascensionem
1648 5041 1752 5095 [taurini
1765 5049 1793 5095 et
1803 5040 1960 5096 Salvator-is

1160 5131 1245 5185 nostri
1261 5130 1294 5184 ad
1307 5129 1423 5192 Patrem,
1445 5147 1506 5185 curn
1525 5137 1585 5199 post
1597 5131 1741 5186 adventurn
1761 5133 1848 5186 saneti
1869 5131 1961 5203 Spiri-

1159 5231 1203 5276 tus
1215 5221 1339 5290 discipuli
1360 5219 1419 5290 ey'us
1438 5221 1608 5288 inllarnmati,
1633 5222 1731 5293 linguis
1752 5223 1874 5277 orontium
1893 5239 1960 5295 gen·

1162 5316 1230 5371 tium
1251 5315 1434 5384 loquerentur,
1454 5325 1484 5370 ut
1503 5316 1574 5370 mdla
1597 5316 1650 5371 illis
1673 5332 1739 5388 gens
1756 5326 1862 5381 extera,
1883 5316 1959 5371 nulla

1161 5408 1251 5478 lingua
1261 5408 1384 5462 barbaris
1396 5408 1533 5462 inaccessa
1547 5406 1590 5461 rel
1605 5407 1677 5461 invia
1691 5396 1841 5472 rideretur,
1852 5420 1959 5477 praeee-

1161 5509 1236 5567 ptum
1252 5498 1292 5551 eis
1304 5504 1373 5550 esta
1389 5495 1504 5551 hunririo
1517 5497 1620 5561 datum,
1641 5495 1675 5550 ad
1692 5496 1894 5566 predeaudum
1910 5496 1960 5552 uei

1161 5587 1284 5651 rer-bum,
1298 5586 1332 5639 ad
1347 5586 1467 5657 singulas
1478 5602 1599 5656 quiesque
1609 5586 1734 5642 nationes
1747 5586 1833 5642 adire.
1847 5586 1960 5641 hisces-

1164 5677 1220 5733 suri
1243 5677 1334 5745 itaque
1355 5678 1389 5730 ab
1413 5677 1538 5742 inuicem,
1562 5692 1683 5731 nonnam
1703 5677 1779 5747 prius
1793 5676 1845 5731 sibi
1860 5675 1962 5731 luntrm

1164 5768 1362 5838 praedicationis
1374 5767 1401 5820 in
1416 5767 1550 5821 corrrnurui
1572 5767 1750 5831 constituunt,
1773 5780 1808 5820 ne
1827 5763 1961 5820 velociter

1164 5861 1197 5916 ab
1213 5862 1328 5916 inrieem
1346 5861 1530 5925 diseedentas,
1544 5840 1680 5914 clirersuiu
1695 5857 1805 5929 aliquod
1816 5856 1858 5911 vel
1871 5856 1961 5912 dissu-

1163 5969 1227 6008 num
1250 5953 1442 6023 praedicarem
1460 5954 1501 6006 bis
1525 5953 1570 6023 qai
1593 5954 1626 6008 ad
1645 5952 1725 6007 tidem
1742 5949 1841 6006 Christi
1861 5950 1962 6003 inrita·

1162 6046 1270 6100 buntur.
1300 6043 1399 6100 Orrrttcs
1420 6061 1484 6115 ergo
1506 6045 1532 6098 in
1554 6060 1608 6099 urm
1620 6043 1714 6116 pinsiti,
1730 6050 1757 6099 el
1776 6041 1880 6112 Spiritu
1895 6055 1961 6096 satt-
