4509 6850
309 643 362 696 'lid
645 638 674 693 tt.
698 640 820 696 imbibi
838 643 950 698 'linunt
969 639 1125 698 nectunt.
1149 637 1302 695 tiberini.
1324 637 1468 695 otendit
1488 638 1578 696 ntus
1597 639 1618 695 l.
1895 641 1945 700 'luo

308 753 451 821 compungi
466 750 625 819 ponticum
639 750 766 814 salernus,
781 751 888 819 quaudo
900 760 994 805 eontra
1008 757 1100 805 votum
1114 752 1138 810 Α
1152 749 1232 804 debat
1249 750 1273 804 in
1291 764 1319 804 sc
1342 758 1465 805 nostrum
1485 750 1616 817 laborem,
1642 750 1696 806 illie
1713 742 1806 808 atatem
1828 754 1947 810 innubis

308 858 399 900 nostra
415 856 497 911 ‹rpera
511 841 580 896 verti
596 838 729 902 videmus,
739 842 872 910 poenitere
891 857 920 896 so
932 840 1000 897 dixit
1011 839 1101 896 borni·
1155 858 1231 898 suam
1246 842 1467 908 consolationem,
1490 842 1670 913 quadragenis
1682 842 1779 898 diebus
1803 853 1966 915 utrumque

308 950 369 989 nem
385 933 493 996 iecisse,
518 946 598 1001 quem
624 932 815 986 areotitudine
833 948 889 987 suae
912 930 1103 1000 taeturepec-
1153 934 1294 998 deliniens,
1319 934 1381 1002 quia
1404 948 1534 988 numerus
1552 933 1620 1002 ipse,
1644 934 1696 990 boe
1720 942 1771 1001 est,
1797 936 1946 1007 quadrage·

307 1023 393 1078 cando
407 1021 571 1090 degenerare
587 1021 737 1090 conspexit.
756 1021 784 1076 lu
797 1021 865 1077 Filio
876 1030 965 1077 autem
982 1036 1032 1076 suo
1046 1019 1103 1075 uni-
1153 1024 1255 1087 nurius,
1281 1023 1362 1093 bajus
1386 1021 1475 1078 saeculi
1504 1023 1659 1094 significare
1681 1023 1793 1079 sidietur
1805 1039 1945 1089 excursus,

307 1115 398 1184 genito
411 1114 462 1169 sibi
484 1112 658 1183 singulariter
671 1113 844 1183 complacuit,
868 1115 932 1185 quia
956 1115 1028 1169 burno
1051 1113 1102 1167 bo·
1153 1115 1337 1171 observandus
1359 1115 1386 1168 in
1402 1115 1444 1170 bis
1464 1115 1509 1184 qui
1524 1129 1558 1170 ex
1580 1123 1695 1184 quatuor
1707 1114 1833 1184 partibus
1855 1117 1945 1172 mundi

307 1205 407 1260 minem
425 1220 505 1274 quem
523 1205 675 1259 induerata
689 1213 800 1275 peceato
822 1206 968 1262 immunem
992 1218 1103 1259 seruare
1154 1213 1284 1262 rorantur
1297 1221 1345 1276 per
1358 1206 1473 1277 gratiam
1486 1206 1520 1261 ad
1540 1221 1614 1272 eum,
1638 1206 1754 1276 quinon
1772 1206 1849 1261 verrit
1865 1205 1945 1277 legem

308 1298 444 1365 cognorit.
460 1296 535 1351 Etin
549 1296 600 1351 bac
620 1309 808 1367 quoqoeroce
827 1293 916 1350 Patris
941 1296 1011 1349 sicut
1034 1303 1059 1349 ct
1075 1294 1102 1347 in
1154 1299 1266 1362 mirere,
1292 1297 1339 1352 sed
1363 1296 1520 1367 adimplere.
1543 1296 1641 1353 Decem
1670 1313 1789 1367 namque
1813 1308 1945 1368 praecepta

308 1389 414 1443 ceteris
428 1388 556 1457 baptizati
582 1386 688 1443 Domini
708 1387 856 1457 mysteriis,
878 1387 967 1442 omnis
990 1387 1103 1457 justitie
1153 1386 1220 1459 legis
1230 1395 1293 1442 suut
1301 1386 1356 1456 jam
1371 1387 1458 1458 gratia
1472 1386 1572 1442 Christi
1588 1385 1683 1441 diiiusa
1698 1402 1748 1458 per
1761 1389 1904 1443 mumdum.
1918 1389 1947 1443 lit

308 1480 461 1534 declaratur
473 1478 603 1547 impletio.
617 1475 773 1534 Coaetenms
786 1476 858 1530 enim
876 1485 905 1530 et
922 1477 1099 1532 eousutrstana
1154 1479 1366 1548 qrradripartitus
1378 1486 1421 1532 est
1442 1479 1568 1544 muudus,
1587 1487 1614 1534 et
1637 1479 1730 1533 decem
1744 1478 1945 1549 quadruplicata

308 1572 380 1639 tiqlis
390 1570 462 1626 Patri
477 1567 560 1624 Filius
572 1568 760 1624 descendendo
770 1582 851 1637 super
863 1582 924 1622 eum
937 1568 1044 1637 spiritu,
1056 1569 1102 1637 qui
1155 1569 1331 1640 quadraginta
1353 1568 1464 1624 iaciunt.
1489 1568 1621 1636 Quoniam
1643 1570 1690 1640 qui
1714 1570 1841 1641 redempti
1862 1581 1945 1626 rama

306 1667 350 1728 sit,
366 1664 519 1719 homiuibus
534 1664 684 1726 intimatur,
694 1668 723 1715 ut
733 1677 782 1731 per
793 1662 845 1716 boc
861 1661 966 1716 discant
980 1661 1103 1717 homines
1154 1663 1267 1717 Domino
1288 1662 1355 1734 (lea.
1372 1661 1421 1732 mj,
1435 1662 1469 1717 de
1485 1661 1639 1732 regionibus
1652 1663 1827 1731 congregarit
1843 1677 1900 1725 eos,
1915 1662 1946 1717 ab

308 1770 355 1822 per
370 1754 483 1823 gratiam
499 1768 528 1807 se
541 1753 712 1823 baptismatis
726 1761 838 1821 accepto
851 1751 952 1820 Spiritu
964 1760 1060 1807 saneto
1070 1752 1103 1808 de
1155 1753 1275 1816 Oriente,
1288 1760 1316 1806 et
1329 1752 1364 1807 ab
1377 1752 1533 1816 Occidente,
1556 1752 1589 1806 ab
1605 1751 1747 1822 Aquilone,
1771 1760 1799 1806 et
1812 1753 1892 1808 mari.
1905 1750 1946 1807 lc·

308 1846 369 1899 iuliis
384 1843 483 1899 ‹liaboli
497 1844 524 1898 in
539 1843 587 1897 Dei
601 1843 670 1898 ilios
683 1859 764 1912 posse
775 1841 926 1897 transferri.
943 1842 1019 1898 Sicut
1031 1844 1104 1913 lipo-
1152 1845 1253 1915 juuaus
1264 1844 1356 1914 itaque
1368 1845 1547 1915 quadraginta
1563 1845 1658 1899 diebus
1678 1853 1740 1899 aute
1752 1850 1871 1898 mortem
1889 1860 1945 1900 ear-

307 1939 392 1993 stolus
410 1938 515 2001 edocet,
529 1936 652 1992 fidelibus
666 1938 700 1991 ita
713 1937 843 2007 loquens:
859 1938 1001 2009 doeepirtia
1015 1937 1103 2008 Spiri-
1156 1936 1208 1999 uis,
1221 1935 1305 1989 ueluti
1315 1934 1452 1989 elanrabat
1464 1952 1471 1987 :
1483 1933 1621 1989 Abstincte
1630 1949 1704 1989 rosa
1718 1934 1862 1990 desideriis
1873 1933 1947 2003 brrjm

307 2040 362 2084 turn
371 2028 518 2099 adoptionis
528 2027 688 2097 tiliorumr'n
698 2027 918 2095 quoeiamanrus:
929 2029 1002 2082 Abda
1012 2038 1103 2098 pater;
1157 2029 1257 2083 seculi.
1276 2028 1440 2084 llaudueans
1451 2036 1539 2082 autem
1554 2036 1580 2081 et
1595 2027 1691 2082 bibens
1701 2026 1883 2097 qnadraginta
1896 2026 1948 2081 die·

308 2129 335 2174 ot
348 2120 513 2191 otrangetisra
527 2118 662 2175 loannes:
684 2119 825 2191 Quotquot,
841 2120 940 2189 inquit,
954 2133 1102 2191 receperunt
1119 2109 1205 2175 ssbus
1229 2127 1290 2189 post
1312 2118 1536 2174 resurrectionem
1562 2117 1663 2182 cantis,
1689 2115 1773 2171 relati
1795 2114 1946 2172 clamabat:

306 2228 365 2266 eunt
379 2211 450 2266 dedit
460 2212 498 2266 eir
509 2220 662 2281 patertatem
673 2210 743 2279 filios
759 2210 809 2264 Dei
823 2209 882 2279 fieri
897 2209 987 2281 (doun.
999 2216 1030 2280 ι).

613 2298 727 2356 CAPUT
745 2298 788 2355 ll.

308 2393 346 2448 De
361 2394 465 2463 jejunio
478 2392 576 2449 Christi
596 2392 625 2446 ia
641 2391 742 2446 deserto
758 2400 782 2446 et
793 2391 864 2446 trina
878 2393 1032 2456 tentatione,
1047 2402 1102 2447 etc.

344 2482 388 2554 ji]
405 2482 477 2537 Turre
494 2481 572 2538 detur
594 2482 688 2536 duetus
702 2481 730 2535 r‘n
750 2480 880 2535 decertum
901 2497 917 2535 u
939 2479 1053 2551 Spiritu,
1075 2489 1104 2534 ιιι

307 2584 454 2628 scrutaretur
472 2592 488 2628 a
511 2572 628 2628 diabolo.
647 2571 768 2627 Dubitari
787 2570 973 2640 aquibusdam
987 2578 1103 2638 potesta

308 2681 361 2734 qno
374 2666 469 2735 spiritu
481 2663 560 2721 lesus
570 2666 667 2721 ductus
679 2664 715 2719 sit
726 2665 754 2718 in
767 2663 915 2725 desertum,
933 2671 1043 2732 propter
1054 2662 1105 2715 boc

308 2758 380 2821 «ruod
394 2757 539 2811 subditur:
562 2755 708 2824 desumpsit
727 2769 787 2808 eura
805 2752 928 2808 diodolus
943 2753 971 2806 r'n
986 2760 1103 2805 ranetam

309 2847 449 2908 finitatem,
462 2853 489 2899 et
511 2858 629 2909 rursum,
644 2842 785 2914 aarumprit
806 2858 866 2896 eune
885 2842 914 2896 ia
933 2849 1046 2894 montem
1060 2856 1106 2893 ea-

308 2936 404 2989 relsnm
418 2934 525 3007 (llatti.
538 2934 586 3008 ιι).
601 2934 655 2991 Sed
668 2948 732 2990 rere
742 2943 766 2989 et
779 2934 882 3004 absque
891 2933 944 2988 ulla
958 2934 1106 3003 rprraestione

309 3027 502 3081 conuenienter
523 3024 656 3096 accipitur
670 3033 725 3078 uta
739 3032 834 3078 saneto
855 3022 957 3093 Spiritu
973 3023 1001 3077 in
1014 3023 1106 3077 deser-

309 3130 365 3173 tum
380 3119 477 3174 ductus
489 3118 627 3183 credatur,
641 3125 670 3172 ut
687 3117 750 3173 illuc
762 3132 824 3172 eum
841 3131 906 3171 suus
926 3114 1044 3185 Spiritus
1058 3116 1106 3169 du·

307 3216 392 3272 ceret,
418 3207 463 3261 ubi
477 3208 549 3263 bunc
569 3207 601 3263 ad
615 3207 775 3262 tentandum
790 3207 901 3277 spiritus
919 3205 1054 3277 malignus
1065 3205 1105 3259 in-

310 3300 423 3353 ueniret.
444 3297 521 3365 Quod
536 3307 563 3354 ct
589 3299 659 3368 apud
684 3297 877 3369 evangelistam
902 3296 1003 3351 Lucam
1018 3296 1106 3351 nrani-

1154 2209 1222 2264 Ecce
1232 2227 1277 2280 ego
1289 2209 1419 2264 uobiscum
1429 2225 1489 2262 rum
1503 2207 1623 2261 ornrridas
1633 2206 1735 2271 diebus,
1747 2223 1831 2277 ιιιᾳιιε
1842 2206 1878 2259 ad
1888 2222 1948 2260 con·

1154 2301 1352 2356 sunrmatiouenr
1363 2297 1453 2353 saculi
1464 2298 1572 2370 (llattlr.
1586 2295 1692 2368 xxrnrj.
1705 2294 1842 2367 injunium
1854 2294 1949 2364 quippe

1154 2399 1195 2445 est
1225 2390 1251 2444 iu
1286 2388 1457 2444 tribulatione
1486 2386 1653 2442 certaminis.
1681 2383 1814 2452 Quoniam
1845 2385 1891 2455 qui
1921 2385 1947 2438 io

1154 2497 1240 2553 agone
1251 2489 1305 2546 cst,
1318 2480 1346 2535 iu
1358 2480 1484 2535 omuibus
1499 2478 1639 2534 abstinens
1650 2485 1701 2533 est.
1718 2476 1802 2532 Cibus
1819 2484 1909 2531 aumru
1923 2476 1948 2529 iu

1154 2588 1201 2642 spe
1215 2572 1299 2642 pacis,
1323 2585 1383 2640 quac
1405 2568 1523 2641 perlecta
1551 2568 1680 2634 nouerit,
1706 2567 1758 2621 uisi
1778 2581 1841 2621 cnm
1854 2580 1950 2635 eorpus

1154 2671 1275 2718 nostrum
1293 2658 1369 2728 cujus
1380 2668 1571 2730 exspectamus
1590 2658 1814 2728 redemptionem,
1836 2655 1951 2711 induerit

1154 2752 1396 2816 immortalitatem,
1420 2752 1492 2821 quod
1513 2751 1631 2806 noudum
1653 2748 1831 2820 adipiscendo
1852 2745 1950 2816 gloria·

1155 2859 1226 2908 mur,
1241 2843 1288 2897 scd
1301 2843 1436 2913 sperando
1454 2840 1511 2909 jum
1537 2839 1682 2911 pascimur.
1707 2838 1862 2907 Utrumque
1881 2836 1951 2907 Apo-

1155 2937 1242 2992 stolus
1266 2934 1346 2991 simul
1369 2949 1419 2988 uos
1433 2946 1515 3003 agere
1536 2929 1665 2994 ostendit,
1689 2928 1801 2984 diceus:
1820 2925 1872 2999 Spe
1884 2944 1949 2998 pau·

1155 3028 1254 3091 dentes,
1272 3027 1300 3079 iu
1315 3023 1483 3078 tribulatione
1495 3023 1621 3094 patienter
1635 3019 1721 3092 (door.
1737 3020 1798 3091 au).
1812 3019 1951 3090 Tanquam

1155 3116 1220 3172 illud
1232 3124 1304 3171 esset
1318 3115 1343 3169 in
1357 3113 1428 3180 cibo,
1445 3114 1496 3169 boc
1519 3113 1546 3167 in
1565 3110 1679 3182 jejunio.
1700 3110 1787 3165 Simul
1798 3112 1873 3166 enim
1890 3126 1950 3167 coar

1156 3209 1226 3263 riam
1249 3207 1354 3263 Domini
1367 3206 1514 3277 carpimus,
1530 3213 1557 3261 et
1579 3220 1594 3259 a
1610 3204 1727 3259 rantnte
1745 3204 1888 3273 praesentis
1900 3218 1950 3259 sar·

1156 3300 1208 3355 culi
1220 3297 1386 3369 jejunamus,
1402 3307 1430 3352 et
1443 3296 1526 3351 iuturi
1549 3295 1728 3365 promissione
1744 3295 1892 3360 relicimur,
1907 3295 1950 3351 bie

309 3392 377 3445 teste
391 3389 556 3461 utrsignntur,
585 3404 647 3446 cum
663 3390 781 3446 dicitur:
806 3389 884 3445 ierus
901 3398 988 3444 aretem
1013 3387 1105 3459 plenur
1155 3406 1210 3447 non
1225 3398 1389 3461 apponentes
1403 3405 1460 3455 cor,
1476 3388 1531 3445 illic
1543 3397 1674 3459 poncmes
1686 3402 1794 3443 sursum
1804 3403 1864 3444 oor.
1876 3387 1950 3456 Quod

310 3482 410 3549 Spiritu
431 3491 522 3536 sarecto
542 3499 673 3554 repressus
688 3491 726 3537 ert
752 3500 769 3537 a
788 3482 915 3548 dordone,
932 3492 956 3536 et
977 3473 1139 3553 agebaturC
1154 3491 1243 3537 autem
1259 3481 1389 3536 Dominus
1405 3479 1599 3535 corrsttmmatis
1616 3476 1711 3548 jejunii
1725 3477 1823 3534 diebus
1844 3480 1950 3545 esudit,

308 3572 337 3624 iu
351 3571 453 3639 Spiritu
467 3573 494 3624 iu
505 3572 645 3640 demtum.
659 3571 718 3629 Non
732 3588 798 3645 ergo
807 3573 906 3629 virtute
916 3574 1028 3642 spiritus
1039 3573 1115 3628 mali·
1155 3589 1216 3629 cum
1232 3571 1265 3626 de
1278 3570 1350 3626 llose
1363 3569 1405 3624 uel
1416 3569 1472 3624 Elia
1484 3569 1673 3641 jejunantibus
1684 3568 1753 3623 nibil
1765 3568 1819 3623 tale
1833 3570 1872 3624 sit
1883 3569 1951 3624 seri·

308 3658 386 3714 lesus
400 3661 529 3729 agebatur
544 3663 570 3715 io
583 3663 731 3729 desertam,
750 3663 797 3717 scd
812 3661 948 3717 voluntate
962 3664 1005 3718 sui
1018 3662 1103 3733 Spiri-
1154 3672 1240 3734 ptum,
1265 3662 1327 3716 ideo
1347 3660 1446 3714 iactum
1473 3667 1524 3722 est,
1542 3673 1577 3713 ue
1590 3658 1625 3713 ab
1648 3673 1681 3712 eo
1706 3658 1839 3712 tentando
1853 3670 1953 3728 parens

309 3747 425 3801 tusboui
441 3746 529 3802 locum
544 3750 702 3804 certaminis
721 3764 774 3817 quo
793 3749 977 3804 adversarium
999 3758 1103 3805 sternat
1154 3753 1240 3809 bostis
1254 3749 1404 3821 auirrgcret,
1428 3764 1508 3819 quern
1535 3763 1597 3803 cum
1621 3756 1661 3802 tot
1683 3748 1769 3818 signis
1794 3747 1951 3803 coelestibus

309 3836 342 3890 do
356 3837 572 3892 uictoriaeertus
590 3839 749 3909 ingreditur.
773 3839 825 3895 Ubi
840 3840 918 3894 nobis
938 3840 1041 3908 pariter
1056 3856 1102 3895 or·
1153 3852 1347 3915 praeornatum,
1378 3849 1434 3897 tum
1461 3841 1544 3896 etiam
1570 3840 1636 3895 uisis
1661 3838 1898 3895 excedentisstmtr
1923 3838 1950 3892 iu

309 3927 398 3980 dinem
415 3936 488 3982 recte
503 3929 681 3983 eomersauli
703 3937 903 3998 praemonstrat,
925 3939 955 3985 ιιι
976 3939 1038 4000 post
1058 3947 1103 3988 ac-
1155 3936 1319 3990 abstineudo
1340 3934 1446 3990 videret
1466 3942 1612 4005 arquatum.
1628 3931 1730 3987 Esuriit
1742 3931 1817 3986 euim
1843 3930 1951 3987 lmurilis

310 4025 415 4084 ceptam
431 4017 555 4074 videlieet
576 4019 603 4072 in
625 4018 757 4086 baptismo
776 4018 961 4074 remissionem
979 4028 1103 4091 peccato
1153 4028 1225 4083 lions
1240 4029 1330 4092 horno,
1345 4042 1379 4082 ne
1401 4026 1511 4080 inimico
1538 4024 1697 4085 innoteseat,
1722 4020 1850 4077 nantinus
1871 4021 1951 4075 nomo

311 4122 382 4170 rum,
395 4109 534 4176 punctique
551 4109 666 4179 Spiritus
676 4109 801 4180 gratiam,
814 4110 902 4178 aptius
913 4118 1008 4167 contra
1019 4127 1103 4168 noras
1154 4120 1233 4174 Deus.
1243 4116 1388 4189 (brunus.)
1401 4115 1512 4186 ilystiee
1527 4123 1617 4169 autem
1630 4113 1734 4168 esuries
1744 4112 1789 4166 illa
1800 4110 1950 4183 quaDomi-

311 4197 414 4266 antiqui
436 4200 520 4253 nosos
535 4200 646 4254 insidias
660 4200 843 4268 accingantur,
859 4211 1003 4273 menteque
1019 4219 1103 4259 saecu
1153 4225 1204 4264 nus
1218 4210 1355 4264 esuriebat
1367 4206 1502 4277 signifieat
1514 4204 1678 4261 desiderium
1696 4203 1768 4273 quod
1782 4202 1880 4258 babuit
1888 4216 1950 4274 erga

310 4286 365 4340 lum
380 4287 545 4351 deserentes,
570 4289 648 4357 quasi
663 4304 761 4344 manua
786 4290 896 4357 deserti,
924 4292 980 4349 sola
995 4300 1103 4349 eternae
1153 4300 1267 4354 salutem
1281 4307 1412 4355 nostram.
1423 4296 1561 4363 Qniaideo
1573 4295 1630 4364 ipse
1640 4292 1772 4365 iejunauit
1782 4291 1950 4349 abennem

311 4376 374 4431 ritu
386 4378 485 4448 gaudia
501 4378 637 4434 discamus
653 4381 766 4436 esurire.
1154 4398 1261 4445 terreno
1272 4390 1342 4452 cibo,
1357 4395 1386 4442 ut
1401 4403 1450 4444 uos
1470 4386 1532 4442 cibo
1552 4385 1654 4442 coelesti
1679 4384 1866 4449 reficeremur,
1891 4381 1950 4439 ideo

347 4467 382 4523 Et
396 4487 456 4525 cum
472 4470 620 4542 jejunasset
637 4472 814 4544 quadrnqinto
831 4473 922 4529 dedus
938 4483 962 4530 et
984 4475 1102 4546 quadra·
1153 4487 1272 4535 tentatus
1292 4487 1346 4544 est,
1362 4487 1392 4533 ut
1415 4493 1464 4534 sua
1491 4478 1604 4532 uictoria
1629 4491 1680 4531 nos
1703 4476 1816 4531 uincere
1839 4474 1948 4540 iaoeret,

311 4562 383 4628 ginta
396 4563 513 4616 noctibus
526 4572 616 4634 posteo
636 4565 737 4618 esuriit.
754 4563 860 4637 (Beda.)
885 4564 1102 4638 Quadragesimae
1152 4572 1267 4641 ideoque
1284 4577 1407 4624 mortuus
1431 4578 1484 4634 est,
1502 4575 1529 4623 et
1547 4566 1707 4632 resurrexit,
1721 4573 1752 4620 ut
1776 4581 1828 4623 rurs
1852 4563 1950 4622 mortui

310 4653 438 4723 jejunium
452 4655 532 4711 babet
545 4656 732 4711 auctoritatem
745 4667 773 4712 et
784 4657 812 4711 io
826 4660 964 4714 ueteribus
978 4659 1054 4715 libris
1067 4675 1101 4714 ex
1152 4665 1256 4721 delictis
1268 4664 1294 4719 in
1309 4663 1413 4733 justitia
1428 4663 1550 4717 vivamus
1561 4675 1610 4731 per
1628 4661 1725 4730 ipsum.
1750 4657 1866 4727 Quauoo
1888 4672 1952 4729 ergo

310 4743 410 4810 jujunio
423 4743 515 4810 llosis,
530 4755 558 4799 ot
569 4745 643 4810 Eliae,
659 4753 686 4801 et
700 4761 733 4801 ex
745 4747 900 4816 Evangelio,
914 4749 977 4818 quia
989 4748 1099 4804 totidem
1153 4772 1202 4811 nos
1215 4771 1262 4825 per
1276 4756 1335 4826 ojus
1348 4755 1463 4826 gratiam
1486 4754 1519 4808 ud
1545 4752 1697 4808 faciendam
1711 4749 1881 4806 rolrrutatero
1894 4747 1953 4819 eius

311 4834 405 4888 «liebus
419 4833 545 4889 Dominus
560 4835 701 4905 jejunarit.
725 4837 918 4894 Demonstruns
930 4837 1103 4908 Evangelium
1116 4830 1144 4892 b
1156 4846 1348 4910 convertimur,
1366 4843 1539 4899 reiectionem
1555 4842 1592 4896 illi
1614 4842 1778 4912 prebemus.
1803 4839 1881 4895 Sicut
1895 4839 1953 4909 ἰμθ

312 4940 365 4980 nau
380 4925 631 4997 disseutlrealege,
645 4938 672 4983 et
682 4932 829 5001 propbetis.
840 4933 868 4988 ln
879 4948 995 5003 persona
1006 4935 1104 5004 quippe
1157 4936 1298 4992 amuliere
1311 4935 1482 4990 Samaritana
1497 4943 1590 5006 potum
1612 4931 1750 5003 poscebat
1766 4927 1953 5000 Etdiscipalit

312 5016 393 5070 limis
409 5017 462 5081 lex,
479 5018 505 5071 in
527 5033 643 5088 persona
666 5020 731 5076 Elioe
753 5026 892 5094 prophetae
909 5026 1101 5094 accipiuntur:
1157 5027 1316 5083 suiscibum
1340 5035 1476 5081 terrenum
1503 5025 1555 5081 sibi
1581 5022 1758 5079 offerentibus
1784 5021 1847 5076 ait:
1876 5018 1954 5075 tter·

312 5107 462 5174 intorques
482 5107 508 5160 iu
530 5116 621 5164 arrunte
637 5110 776 5180 gloriosus
799 5113 932 5185 apparuit,
946 5122 977 5170 ut
995 5116 1104 5172 euiden-
1157 5117 1230 5172 cidus
1242 5127 1279 5172 ert
1301 5127 1329 5171 at
1350 5117 1448 5187 jaciam
1467 5115 1624 5171 uoluntatem
1645 5113 1702 5184 ejus
1715 5114 1760 5184 qui
1772 5113 1911 5178 rniritrrre,
1923 5120 1953 5166 at

313 5197 366 5248 tius
390 5197 521 5252 crrriucret
537 5201 609 5267 quod
633 5199 666 5255 de
686 5200 733 5257 ttto
747 5200 812 5257 dicit
837 5203 996 5273 apostotus:
1023 5205 1106 5260 Terti-
1157 5207 1293 5279 perficiant
1305 5223 1369 5277 opus
1380 5207 1437 5276 ejus
1458 5204 1550 5276 (donn.
1565 5208 1614 5278 ιι).
1633 5205 1668 5259 Ει
1680 5204 1762 5260 alibi:
1778 5202 1838 5260 Hoc
1852 5196 1954 5269 eume

312 5291 427 5346 inertium
442 5291 566 5346 tartense
584 5291 638 5362 lege
657 5304 680 5348 et
693 5294 823 5365 proptretir
835 5296 921 5366 (nom.
937 5298 989 5371 ιιι).
1004 5299 1033 5353 ln
1052 5314 1103 5368 qua
1158 5301 1227 5369 quit,
1242 5316 1306 5371 opus
1320 5299 1370 5353 Der'
1383 5307 1411 5352 ut
1426 5299 1550 5352 credatur
1561 5299 1589 5352 in
1602 5314 1662 5353 eunt
1673 5313 1749 5368 quern
1762 5297 1834 5352 mitit
1845 5295 1899 5351 itte.

313 5391 401 5435 aratum
415 5391 491 5451 parte
515 5383 578 5440 anni
600 5386 792 5462 congruentius
809 5389 964 5444 observatio
980 5389 1098 5457 Quadra·
1129 5384 1155 5445 Ἰ
1192 5391 1358 5446 litueeedenr
1371 5400 1485 5445 tentator
1494 5391 1651 5446 atatemsr·
1659 5388 1857 5455 FiliuaDeier,
1869 5389 1952 5446 deae

313 5475 420 5542 gesinrae
439 5476 658 5542 constitueretur,
674 5477 725 5532 nisi
750 5480 847 5535 ooniini
875 5490 957 5552 atque
978 5482 1103 5552 contigua
1156 5479 1256 5550 lapidea
1268 5480 1486 5549 irtiponerfierrt.
1508 5479 1563 5535 Nisi
1576 5495 1640 5551 ergo
1653 5480 1783 5535 Dominus
1801 5478 1954 5551 jejunasset

313 5566 458 5620 Durniuiem
471 5567 624 5635 passionis?
635 5568 702 5636 Quia
716 5570 742 5624 in
758 5586 789 5625 ea
801 5572 970 5643 significatur
980 5573 1037 5630 bac
1050 5575 1104 5629 rita
1157 5570 1277 5626 tentandi
1288 5571 1396 5626 occasio
1407 5571 1512 5626 diabolo
1525 5586 1578 5626 non
1590 5568 1684 5626 luisset
1708 5570 1833 5625 Accessit
1842 5569 1953 5639 quiden

314 5655 458 5718 laboriosa,
481 5657 525 5712 cui
550 5672 618 5727 opus
643 5669 685 5714 est
708 5662 883 5727 continentie,
907 5674 934 5717 ιιι
961 5665 995 5720 ab
1021 5665 1105 5734 ipsius

313 5746 404 5799 mundi
417 5745 535 5800 amicitia
546 5745 692 5816 jejunantur.
707 5749 811 5805 Aliter:
821 5749 953 5820 jejunarit
963 5753 1101 5814 Dominus,

313 5851 374 5889 enm
394 5844 542 5891 tentaretur
556 5847 619 5892 aute
642 5849 757 5896 nrortem
778 5841 839 5895 cibo
861 5839 950 5897 adbuc
970 5841 1092 5911 indigens

315 5926 483 5982 liarrduearit
494 5937 583 5984 autern
600 5939 628 5986 et
638 5929 706 5985 bibit
717 5945 780 5993 mun
793 5931 970 6002 glorificatur,
988 5944 1050 6002 post
1063 5948 1102 5988 re·

316 6019 576 6094 s··.n·eetiouemjam
589 6023 652 6079 cibo
665 6023 857 6097 mnindigcns.
871 6022 920 6079 llic
932 6024 1003 6080 enirn
1014 6035 1105 6083 osten·

1158 5662 1276 5717 tentandi
1291 5662 1479 5731 permissione,
1498 5662 1545 5732 qui
1559 5661 1638 5733 longe
1659 5669 1719 5717 erat
1742 5669 1806 5717 roto
1830 5659 1951 5718 malitia.

1156 5754 1278 5810 Accessit
1291 5755 1434 5826 instigatus
1456 5754 1528 5811 iustu
1553 5754 1696 5825 superbiae,
1719 5753 1767 5822 qui
1780 5767 1836 5808 nou
1856 5752 1954 5808 obser·

1156 5844 1237 5898 rabat
1250 5853 1371 5901 tenorem
1381 5845 1503 5916 justitiae.
1523 5845 1617 5901 Erexit
1636 5860 1665 5901 se
1679 5860 1776 5900 seruus
1788 5857 1886 5900 eontra
1898 5844 1953 5900 Da·

1153 5920 1271 6000 minum,
1292 5936 1414 6005 captiuus
1445 5944 1539 5992 contra
1561 5935 1685 6001 liberum,
1709 5935 1836 5991 infirmus
1858 5943 1953 5992 coum

1158 6026 1266 6087 sortem,
1280 6034 1306 6079 et
1319 6024 1382 6080 dnm
1396 6025 1566 6081 innocentem
1588 6024 1713 6080 studebat
1729 6023 1824 6093 ligare,
1849 6034 1911 6078 reus
1922 6039 1953 6077 se
