4509 6850
316 649 383 708 tria

702 606 707 617 ⁸
794 638 969 697 couneus.
990 637 1023 691 tu
1043 615 1259 692 nuntiantia.
1280 667 1315 675 -
1333 632 1394 687 tto.
1416 629 1480 688 ιιιι.

315 768 547 823 lueratcarcerem
559 760 665 815 naissus.
680 757 766 827 dimne
779 756 840 810 ideo
850 754 933 809 tonat
947 768 1039 824 pacem
1049 753 1096 806 1ιο-
1111 754 1134 812 A
1149 748 1263 812 calonio,
1281 758 1410 803 venenata
1431 746 1529 801 oceidit
1553 744 1694 815 animalia;
1720 746 1775 802 slve
1800 749 1933 805 calonnam

314 858 380 913 bere
391 870 444 909 non
460 858 580 924 possunt,
595 848 657 918 quia
670 846 832 902 seditionum
844 844 1005 915 principem,
1016 857 1098 911 quam

315 948 458 1005 bantinum
469 945 568 1014 eligere
583 942 745 996 rnnluernnt.
765 937 832 1006 Quia
842 952 908 992 nero
917 936 1055 991 barabbas
1067 935 1109 1004 b,

316 1041 367 1093 lius
380 1037 471 1107 patris,
488 1033 529 1087 vel
544 1032 663 1102 rnapirtri
676 1046 766 1084 eorum
783 1030 987 1099 interpretatur,
1010 1035 1101 1097 potest

316 1126 473 1185 abrticbristi
487 1134 579 1195 typum
601 1135 706 1190 gerere,
719 1131 800 1189 quem
817 1118 854 1173 illi
868 1118 965 1186 quibus
979 1116 1078 1172 dicitur
1092 1134 1098 1169 :

323 1221 371 1273 l'os
386 1234 418 1272 ea
431 1226 505 1287 patre
517 1211 622 1268 diabolo
634 1213 695 1267 ertia
708 1211 797 1283 (ioan.
814 1208 886 1280 ιιιι),
900 1223 964 1262 vero
975 1206 1021 1261 bct
1033 1205 1101 1260 Filio

316 1318 379 1362 sunt
392 1305 537 1378 praelaturi.
551 1302 635 1357 Filius
647 1309 736 1355 autem
747 1299 845 1355 diaboli
855 1297 1037 1352 Antichristus
1047 1311 1101 1350 non

316 1399 351 1455 ab
364 1402 422 1469 ipso
436 1396 580 1459 nascendo,
595 1394 652 1457 sed,
666 1394 737 1447 sicut
748 1390 838 1447 caeteri
847 1398 1014 1459 peccatores,
1027 1385 1102 1440 illum

317 1491 456 1555 imitando,
472 1494 592 1545 uocatur.

352 1582 442 1637 larunt
457 1590 544 1635 autera
561 1574 721 1647 perpetratum
733 1572 841 1627 tradidit
855 1572 904 1635 eis,
922 1580 951 1624 ιιι
968 1569 1102 1640 crucifipe·

318 1683 398 1728 retur.
423 1672 531 1740 Quaerat
548 1668 670 1723 eruditus
686 1665 771 1720 lector
785 1664 919 1733 quomodo
941 1662 991 1717 sibi
1004 1677 1103 1717 conve·

318 1766 384 1828 nint,
404 1763 519 1817 Pilatum
532 1760 630 1814 lavisse
650 1772 746 1811 manus
764 1769 837 1818 snas,
856 1762 884 1809 et
901 1753 1004 1808 dixisse
1023 1772 1030 1806 :
1054 1752 1103 1808 ia·

319 1871 412 1909 nocens
426 1869 571 1923 apostema
587 1850 713 1917 sarnpuine
721 1848 789 1917 justi
801 1847 889 1917 brejas,
915 1854 942 1901 et
954 1854 1047 1916 postea
1058 1843 1104 1898 da·

319 1943 444 2013 pellatam
461 1940 602 1995 tradidisse
619 1937 710 1991 lesum
725 1946 754 1991 οι
776 1936 987 2007 cntcillgeretur.
1011 1934 1103 2009 (lits)

320 2031 373 2086 Sed
396 2030 534 2086 sciendum
562 2027 691 2083 Romanis
709 2043 771 2082 eum
790 2027 893 2096 legibus
923 2028 1101 2092 ministrasse,

1151 839 1260 893 tenebat
1284 838 1310 892 in
1326 854 1416 902 marra,
1438 845 1467 893 ut
1490 835 1661 909 sacrilegium
1680 839 1811 894 scriberet
1828 839 1934 896 iudaeo-

1150 943 1221 983 rum.
1240 927 1390 982 Notandum
1406 936 1495 982 autem
1511 928 1582 996 quod
1603 927 1709 983 Marcus
1726 929 1754 984 in
1769 930 1932 986 eodemloco

1150 1019 1314 1074 narrationis
1328 1021 1364 1072 ita
1380 1019 1445 1073 dicit
1456 1033 1463 1072 :
1479 1018 1576 1072 iiilites
1588 1029 1673 1072 autern
1685 1019 1815 1075 duxerunt
1826 1037 1885 1075 eam
1896 1021 1937 1076 in-

1150 1109 1191 1166 tro
1203 1113 1231 1165 in
1243 1112 1339 1165 atrium
1346 1111 1472 1181 parturii,
1485 1119 1507 1164 et
1519 1122 1657 1166 concocunt
1670 1122 1751 1166 rotant
1763 1113 1902 1178 cohortem,
1911 1123 1935 1169 ct

1150 1198 1938 1271 induuntpurpurmu,etimponunteiplectentesspineomco-

1152 1302 1254 1351 ronam,
1264 1296 1287 1340 et
1298 1287 1750 1356 creperumsalutareeurnrlicentcc:
1765 1290 1938 1357 110010010-

1151 1378 1279 1441 dearnm,
1292 1388 1316 1431 et
1327 1379 1503 1447 percutiebant
1519 1390 1596 1449 caput
1609 1381 1666 1451 rjus
1681 1382 1818 1447 arundine,
1837 1393 1861 1436 et
1874 1400 1936 1437 con·

1152 1467 1277 1537 spuebant
1289 1484 1357 1533 eurrt,
1370 1478 1392 1521 et
1408 1480 1531 1539 ponentes
1545 1488 1629 1541 pertua
1645 1472 1789 1527 adorabant
1804 1491 1871 1529 eunt.
1886 1474 1938 1532 Ubi

1152 1556 1310 1628 intelligitur
1323 1559 1394 1628 quod
1415 1559 1555 1615 Matthaeus
1569 1562 1634 1615 dicit
1652 1581 1658 1616 2
1673 1561 1842 1633 Citlampdem
1855 1566 1939 1619 coeci·

1153 1666 1227 1703 neam
1242 1652 1466 1705 circumdederant
1478 1653 1511 1717 ei,
1526 1654 1577 1708 hoc
1589 1653 1693 1709 blancus
1705 1656 1804 1710 dixisse
1815 1657 1937 1712 indutum

1153 1757 1280 1811 purpura.
1297 1742 1348 1797 Pro
1364 1745 1436 1815 regia
1450 1745 1520 1798 enim
1536 1761 1654 1816 purpura
1675 1745 1797 1817 chlamys
1819 1747 1862 1802 illa
1877 1762 1940 1803 coe-

1154 1834 1230 1886 cioea
1254 1834 1288 1887 ab
1312 1833 1482 1890 illudentibus
1507 1836 1625 1891 adhibita
1648 1845 1716 1901 erat,
1742 1845 1770 1891 et
1792 1846 1833 1892 est
1858 1839 1939 1894 rubra

1153 1924 1274 1993 quiedam
1289 1937 1406 1995 purpura
1420 1940 1501 1979 cocco
1516 1925 1659 1979 simillima.
1680 1924 1772 1980 Potest
1787 1927 1868 1981 etiam
1882 1927 1939 1982 lteri

1154 2021 1184 2067 ut
1198 2028 1344 2083 purpuram
1357 2014 1439 2068 etiam
1463 2014 1568 2069 illareus
1582 2018 1842 2083 commemoraverit,
1859 2034 1939 2088 quam

320 2125 417 2193 quibm
428 2123 525 2177 lactum
542 2131 584 2176 est
595 2128 625 2174 ut
634 2122 679 2190 qui
694 2118 897 2189 crucifigeretur
906 2120 982 2189 prius
995 2118 1105 2191 flagellis
1122 2097 1143 2154 B
1157 2102 1279 2173 ⁰¹¹¹=¹1¹¹l⁸
1294 2104 1422 2169 habebit,
1436 2106 1940 2179 11111111593301001011193·11111111)

320 2216 518 2268 verberaretur.
538 2210 619 2266 lesus
641 2219 731 2266 autem
752 2210 900 2281 flagellatus
919 2226 982 2264 non.
996 2210 1031 2264 ab
1052 2209 1105 2265 alio

321 2319 403 2373 quam
416 2304 450 2357 ab
463 2303 522 2372 ipso
534 2301 621 2355 Pilato
632 2299 823 2371 intelligendus
837 2307 888 2354 est.
906 2299 1007 2355 Scribit
1027 2315 1104 2354 nam-

320 2408 374 2463 que
393 2400 484 2462 aperte
497 2391 634 2446 loannes:
650 2388 831 2442 clamaverunt
848 2404 951 2441 rursum
964 2404 1052 2443 omnes
1065 2388 1106 2441 di·

321 2496 426 2541 center:
443 2484 504 2538 Non
529 2485 608 2547 bunc,
623 2480 668 2535 red
683 2479 842 2533 Barabbam.
860 2478 927 2533 Erat
941 2489 1028 2534 autem
1050 2479 1104 2533 tra-

321 2578 414 2631 rabbaa
426 2576 503 2629 latro.
523 2574 596 2628 Tunc
608 2590 669 2643 erpo
686 2571 854 2642 apprehendit
878 2569 980 2625 Pilatus
995 2570 1104 2634 laura,

321 2673 344 2716 et
357 2662 507 2734 (lapellaoit.
523 2660 562 2716 hc
574 2660 670 2715 deiude
683 2658 832 2729 subjungit:
842 2658 876 2711 let
889 2656 983 2712 militer
996 2657 1107 2729 plecten-

322 2761 359 2804 tes
371 2765 493 2804 coronant
506 2748 538 2802 de
551 2748 632 2817 spinis
639 2748 816 2816 imposuerunt
826 2747 905 2815 capiti
920 2746 993 2815 ejus,
1008 2754 1037 2801 et
1056 2762 1107 2801 cte-

324 2853 390 2895 tera.
407 2840 482 2908 Qttod
497 2839 605 2909 quidem
627 2839 687 2893 ideo
707 2839 898 2907 fecissentque
922 2839 981 2898 idco
1000 2841 1109 2894 creden-

322 2935 373 2988 dus
385 2939 427 2986 est
441 2930 569 2984 militibus
582 2945 643 2983 eum
665 2930 828 2984 illudendum
844 2930 994 2994 tradidisse,
1015 2938 1044 2984 ut
1065 2946 1109 2985 sa-

323 3026 381 3081 tiati
394 3024 480 3094 poetris
494 3032 524 3079 et·
534 3022 683 3092 opprobriis
696 3020 754 3090 ejas
766 3019 860 3085 ludaei,
875 3028 988 3075 mortem
1001 3022 1060 3093 ejus
1070 3022 1109 3077 ul-

325 3127 366 3171 tra
392 3117 467 3171 sitire
488 3115 660 3170 desisterent.
685 3114 741 3169 lloe
765 3119 854 3168 autem
878 3112 977 3169 lactum
1005 3124 1056 3179 est,
1080 3125 1109 3170 ιιι

324 3212 386 3281 quia
404 3212 533 3280 seriptum
548 3219 590 3265 cst
604 3228 610 3263 :
631 3210 716 3263 liultu
729 3207 833 3279 piapclla
846 3220 1009 3279 pcccatorum
1022 3206 1107 3280 (Paul.

324 3302 411 3371 rsit),
427 3302 472 3356 illo
486 3301 619 3371 flagellato
636 3316 685 3354 nos
703 3316 719 3353 a
736 3300 893 3354 verberibus
917 3298 1109 3364 liberaremur,

1156 2192 1266 2261 blystice
1278 2209 1342 2262 ergo
1356 2193 1384 2246 in
1405 2207 1521 2263 purpura
1534 2210 1586 2264 qua
1602 2194 1709 2250 indutus
1729 2206 1772 2251 est
1793 2198 1940 2262 Dourdruts,

1157 2285 1213 2353 ipsa
1229 2283 1287 2351 ejus
1301 2300 1365 2339 caro
1379 2300 1459 2354 quam
1478 2287 1648 2355 passionibus
1659 2284 1758 2356 objecit
1779 2288 1931 2343 insinuatur

1157 2374 1195 2428 lla
1209 2391 1261 2444 quta
1276 2375 1413 2445 praemissa
1425 2376 1527 2430 dixerat
1540 2376 1679 2445 prophetia
1694 2394 1700 2428 :
1717 2375 1806 2442 Quare
1817 2395 1877 2448 erpo
1898 2396 1942 2433 ru-

1157 2464 1232 2516 brum
1250 2473 1287 2517 est
1301 2464 1480 2517 indumentum
1503 2475 1587 2531 tuum,
1607 2475 1630 2519 et
1644 2468 1794 2521 uestimenta
1807 2479 1852 2522 tua
1866 2472 1943 2540 putari

1158 2551 1315 2605 calcantium
1336 2552 1363 2606 ιἰι
1384 2551 1509 2605 torculari
1523 2552 1589 2621 (itu.
1605 2555 1692 2627 txttt).
1709 2556 1738 2611 in
1756 2572 1856 2613 corona
1880 2575 1943 2616 vero

1158 2657 1238 2711 qnam
1255 2644 1380 2711 portabat
1396 2643 1499 2712 spinea,
1521 2653 1674 2701 nostrorum
1698 2650 1832 2719 susceptio
1846 2665 1943 2720 pecca-

1159 2740 1263 2796 torum,
1279 2747 1327 2801 pro
1339 2749 1391 2802 qua
1407 2735 1529 2789 tuortalis
1547 2735 1606 2791 lieri
1620 2737 1809 2809 dignatusest,
1825 2742 1944 2799 ostendi·

1160 2828 1212 2875 tur.
1241 2818 1320 2877 iuxta
1335 2825 1405 2892 quod
1429 2840 1580 2895 praecursor
1604 2827 1688 2896 ipsius
1711 2830 1894 2887 testimonium
1917 2832 1943 2891 ei

1158 2914 1313 2984 perhibens,
1329 2917 1386 2970 ait:
1401 2914 1467 2971 Ecce
1484 2935 1566 2989 aperus
1582 2918 1641 2986 uer,
1658 2924 1773 2992 eccequi
1791 2923 1861 2980 tollit
1885 2943 1944 2995 pec·

1160 3017 1245 3060 catum
1258 3009 1487 3079 munditiamque
1500 3013 1590 3081 spinas
1604 3015 1629 3068 iu
1644 3016 1839 3085 sigtridcatione
1851 3034 1944 3090 pecca·

1160 3107 1248 3153 torum
1261 3101 1324 3169 poni
1337 3100 1422 3156 solere
1437 3111 1551 3158 testatur
1565 3106 1621 3174 ipse
1635 3108 1774 3175 llotnums,
1792 3112 1838 3183 qui
1852 3122 1945 3182 proto-

1160 3192 1247 3260 plasto
1261 3194 1287 3246 in
1301 3204 1440 3263 peccatum
1453 3193 1578 3268 prolapso
1590 3198 1694 3256 dicebat
1712 3221 1718 3255 ε
1735 3202 1815 3258 Terra
1834 3215 1879 3258 tua
1892 3207 1946 3277 cpi-

1161 3300 1208 3337 nar
1227 3294 1252 3338 et
1270 3287 1379 3357 tribulos
1394 3289 1549 3360 perminubit
1570 3292 1616 3345 tibi
1641 3292 1716 3365 (Gen.
1740 3297 1791 3365 tri).
1814 3295 1890 3363 Quod
1904 3307 1949 3354 est

1862 635 1930 691 tttt
2005 654 2009 660 ·

324 3391 429 3447 ,15oean
453 3389 591 3462 Scriptura
616 3409 623 3444 3
649 3388 796 3461 prmum„
820 3407 870 3446 mm
894 3390 1108 3461 appropfnqpapp
1162 3384 1254 3444 aperte
1278 3377 1368 3434 dicere
1386 3397 1392 3432 :
1411 3378 1581 3437 Conscientia
1602 3392 1647 3438 tua
1662 3386 1820 3456 punctiones
1840 3388 1906 3455 tibi,
1920 3396 1948 3444 et

325 3481 492 3536 mammo
515 3492 560 3535 pm,
575 3481 660 3553 (pud,
683 3480 737 3552 xc),
757 3481 866 3552 Mystico
884 3490 973 3535 autem
987 3479 1108 3541 liparus,
1123 3441 1146 3504 C
1162 3468 1270 3523 aculcos
1282 3471 1408 3526 uitiorum
1424 3488 1568 3542 procreare
1582 3491 1634 3530 non
1650 3477 1771 3532 desistet.
1787 3477 1863 3546 Quod
1882 3495 1947 3535 nero

325 3572 370 3642 qtri
387 3572 616 3640 interpretaturos
631 3571 800 3633 malleatoris,
815 3571 946 3641 significat
963 3571 1108 3634 diabolum,
1157 3560 1233 3629 illibi
1254 3560 1426 3633 E“Uibillium
1450 3563 1529 3620 [21¹⁰ae
1557 3565 1685 3621 0011111103
1714 3568 1783 3638 apud
1813 3568 1948 3627 Herodem

325 3666 372 3733 qui
398 3665 545 3717 seeundum
571 3664 729 3734 prophetam
761 3662 875 3717 malleus
908 3673 948 3717 est
978 3661 1110 3716 universa}
1160 3659 1221 3715 alba
1242 3670 1316 3715 veste
1338 3660 1466 3725 induitur,
1485 3661 1632 3716 incaeteris
1649 3677 1711 3717 vero
1733 3665 1945 3734 evangelistisa

327 3764 416 3820 terrae,
432 3769 481 3822 per
497 3771 575 3824 quem
591 3754 721 3808 Dounirms
737 3752 846 3808 vaseula
861 3768 909 3807 sua
923 3753 949 3806 in
967 3749 1110 3806 orinistcrii
1161 3750 1290 3804 militibus
1303 3748 1381 3805 Pilati
1395 3751 1446 3803 sub
1471 3751 1597 3806 coccineo
1619 3753 1676 3807 sive
1701 3769 1836 3824 purpureo
1855 3757 1948 3813 babitu

327 3858 405 3897 usum
432 3842 570 3896 lornmmla
594 3843 721 3911 pereutit,
740 3857 801 3897 cum
828 3841 929 3896 eleetos
948 3854 1011 3895 suos
1028 3839 1111 3893 variis
1161 3839 1257 3894 illusus
1271 3855 1331 3895 csse
1354 3839 1520 3908 perhibetur,
1544 3839 1641 3896 collata
1656 3850 1769 3912 utraque
1783 3845 1948 3911 narratione,

327 3919 520 3987 tentationibus
534 3934 647 4001 probare
667 3931 807 4000 perr‘nittit.
824 3930 908 3998 Quem
926 3939 953 3987 et
966 3930 1112 3986 novissime

326 4021 456 4074 Dominus
478 4020 604 4084 conterit,
629 4022 691 4090 qaia
705 4029 827 4076 extremo
847 4021 950 4091 judicio
962 4021 991 4074 iu
1010 4030 1110 4074 aeterna

325 4111 496 4165 danrnmione
512 4110 667 4179 confringit.

361 4198 428 4271 [lli]
451 4199 522 4253 l'une
544 4199 637 4253 militer
656 4200 776 4268 prandia
794 4202 961 4270 srtscipientcs
982 4197 1072 4254 Jesruu
1086 4199 1113 4252 in

325 4293 459 4363 practorio,
479 4301 698 4361 conprepaoeruat
720 4292 755 4344 ad
772 4310 831 4366 eunt
854 4296 998 4348 uniuersam
1021 4295 1114 4346 cobor-

326 4394 387 4450 tem,
404 4394 427 4437 et
448 4396 650 4447 cruentantem,
665 4383 835 4453 cblunrpdem·
846 4386 991 4439 coccineum
1003 4388 1115 4442 circuat-

326 4473 452 4526 dcderunt
465 4472 498 4535 ei,
511 4481 536 4524 et
546 4470 682 4541 plectentes
698 4489 821 4526 somnam
834 4473 866 4527 de
877 4475 959 4543 spinis
975 4488 1116 4546 posuerunt

327 4579 405 4626 super
426 4571 503 4632 capnt
523 4562 592 4631 ejus,
615 4572 639 4615 ct
661 4563 815 4616 arundinem
835 4565 861 4618 in
875 4565 981 4620 deutera
1003 4568 1070 4638 ejus,
1093 4579 1117 4623 et

328 4669 394 4722 penu
407 4654 475 4720 {leco
486 4662 545 4705 ante
557 4668 616 4704 eum
629 4651 772 4706 illudebant
783 4653 916 4708 dicentes:
934 4656 995 4719 Are,
1014 4675 1059 4712 rea
1069 4659 1119 4713 Ju-

328 4743 455 4795 daovunr.
476 4741 573 4796 hlilites
585 4741 703 4811 quidem,
720 4743 781 4811 qnia
798 4757 845 4798 rer
859 4743 1011 4800 lrrdaeornm
1026 4747 1115 4804 luerat

330 4833 487 4902 appellatus,
514 4842 541 4886 et
557 4833 609 4887 boe
628 4834 652 4887 ei
675 4835 770 4888 scriba
790 4844 817 4889 et
838 4837 991 4892 sacerdotes
1011 4840 1113 4895 cvirucu

328 4924 494 4992 objecerant,
513 4924 584 4991 quod
609 4923 659 4978 sibi
686 4925 713 4976 in
737 4925 835 4996 populo
863 4927 944 4981 lsrael
971 4941 1115 5001 usurparet

330 5015 484 5082 imperium,
502 5014 643 5069 illudentes
664 5015 716 5069 hoe
738 5015 850 5083 tactum,
866 5026 896 5073 ut
916 5021 1045 5076 nudatum
1059 5024 1115 5092 pri-

329 5107 408 5160 stinis
422 5107 552 5169 vestibus,
573 5106 684 5161 induant
700 5109 868 5180 chlamydem
889 5115 1043 5170 coccineam
1065 5133 1115 5188 pro

330 5211 527 5266 purpuraque
547 5211 623 5265 reges
641 5207 745 5253 ureteras
764 5201 916 5268 utebantur,
939 5213 967 5259 ct
988 5221 1038 5275 pro
1060 5207 1116 5263 dia·

329 5287 435 5340 demate
449 5295 549 5356 ponant
564 5287 588 5341 ei
608 5302 733 5342 coronam
748 5290 879 5357 spineam,
894 5309 944 5362 pro
957 5304 1063 5366 sceptro
1073 5313 1117 5354 re-

329 5378 382 5448 gali
408 5378 676 5441 0001001οι1000,οι
699 5380 813 5435 adorent
837 5384 913 5451 qtrasi
940 5402 1038 5456 regem.
1061 5386 1116 5444 lios

329 5477 421 5521 autem
442 5468 498 5521 llaec
515 5470 604 5521 omnia
625 5469 806 5536 intelligamus
822 5463 950 5544 mystice.
977 5475 1116 5543 Qtromodo

329 5559 401 5612 etrim
421 5559 537 5627 Caipbas
555 5559 644 5612 dixit:
667 5559 774 5630 Oportet
793 5577 874 5616 aartm
892 5564 1022 5620 ltonrinem
1047 5570 1114 5624 moti

330 5662 377 5714 pro
387 5647 517 5710 omnibus,
533 5648 655 5703 nesciens
669 5649 733 5717 quid
751 5649 861 5714 diceret,
877 5653 916 5706 sic
928 5662 955 5706 et
974 5655 1018 5708 isti
1029 5658 1115 5724 quod·

331 5752 438 5805 canuae
459 5736 590 5801 lecerunt,
614 5739 677 5794 lieet
697 5739 748 5794 alia
772 5751 860 5794 mente
878 5742 1004 5809 iecerint,
1028 5755 1115 5802 tamen

332 5828 409 5881 rutubis
423 5830 468 5898 qtti
483 5830 617 5885 eredimus
631 5842 799 5887 sacramenta
815 5834 976 5893 tribuebant.
990 5837 1018 5891 ln
1040 5839 1116 5894 chla-

331 5918 410 5984 myde
438 5920 573 5983 coccinea,
592 5936 673 5990 opera
699 5925 818 5992 gentium
837 5937 949 5981 cruenta
970 5938 1114 5986 sustentat.

332 6003 360 6057 ln
376 6022 474 6062 corona
500 6011 602 6079 spinea,
620 6011 792 6069 maledictum
806 6014 887 6071 solvit
909 6019 1060 6089 antiquum.
1086 6020 1113 6075 ln

1162 3929 1190 3981 in
1203 3945 1256 3984 uno
1269 3929 1421 3983 innocentia
1438 3938 1464 3981 ct
1476 3931 1587 3985 castitas
1603 3940 1746 4002 assumpta
1762 3933 1949 4002 humanitatis,

1162 4017 1190 4070 in
1204 4016 1287 4070 altero
1302 4024 1391 4071 autem
1406 4017 1508 4073 veritas
1526 4019 1670 4089 passionis,
1685 4034 1733 4090 per
1747 4037 1827 4090 quam
1841 4023 1874 4078 ad
1894 4024 1951 4095 310·

1164 4106 1231 4160 rimu
1247 4105 1322 4178 regni
1347 4106 1508 4162 immortalis
1523 4117 1594 4163 esset
1609 4118 1796 4180 perventurae,
1820 4113 1951 4183 etprimi-

1165 4206 1217 4250 tnv.
1235 4195 1312 4250 Sicut
1323 4196 1394 4249 enim
1418 4211 1537 4267 purpura
1551 4197 1666 4253 colorem
1681 4199 1821 4270 sanguinis
1835 4201 1879 4271 qui
1901 4216 1950 4272 pro

1165 4289 1242 4342 nobis
1256 4286 1356 4342 ellusus
1368 4295 1410 4342 est
1423 4288 1553 4355 imitatur,
1571 4290 1646 4344 itaet
1658 4292 1780 4347 habitum
1792 4293 1866 4365 regni
1879 4295 1951 4364 quod

1165 4389 1226 4448 post
1241 4380 1393 4448 passionem
1409 4381 1526 4445 intravit,
1541 4383 1671 4454 nobisque
1682 4384 1836 4440 intrandum
1851 4385 1951 4455 patefe-

1167 4471 1214 4537 cit,
1229 4467 1356 4525 insinuat.
1369 4472 1468 4528 Verum
1483 4475 1546 4543 quia
1560 4475 1627 4529 dixit
1639 4474 1802 4546 Apostolus:
1819 4477 1952 4552 Qtrotquot

1167 4563 1234 4616 enim
1259 4565 1286 4618 in
1310 4563 1412 4618 Citristo
1433 4565 1557 4635 baptizati
1580 4569 1651 4634 ertia,
1675 4567 1952 4644 Cleristrtrrtiaduistia

1170 4653 1239 4725 (Gal.
1257 4656 1308 4726 ιιι),
1330 4665 1356 4710 01
1379 4656 1461 4712 isaias
1475 4659 1587 4713 Domino
1602 4660 1635 4714 de
1650 4661 1742 4716 clectis
1763 4663 1888 4719 aturribus
1911 4665 1952 4721 in·

1129 4781 1155 4843 D
1169 4747 1243 4817 qtrit:
1257 4745 1306 4801 ilia
1318 4747 1384 4803 celtu
1396 4757 1547 4804 orrtonteoto
1558 4752 1672 4825 vestieris
1685 4751 1751 4823 (lea.
1765 4758 1848 4828 xtra),
1864 4764 1954 4825 poten

1168 4838 1194 4893 in
1216 4837 1268 4893 hoc
1281 4848 1393 4908 utroque
1407 4839 1511 4895 licutini
1535 4842 1637 4907 habitu,
1660 4844 1830 4902 inimicorum
1843 4849 1953 4917 quidem

1167 4932 1298 4986 sententia
1311 4933 1452 5002 probroso,
1468 4932 1513 4988 sed
1533 4935 1618 5005 ipius
1631 4938 1738 4994 Domini
1752 4941 1884 4998 electione
1897 4943 1954 5016 310·

1167 5021 1324 5088 riosissimo,
1339 5024 1428 5078 omnis
1439 5021 1585 5079 electorum
1601 5024 1659 5094 ejus
1684 5029 1827 5086 multitudo
1840 5047 1901 5102 quae
1924 5033 1952 5089 iu

1166 5121 1297 5183 martyres
1323 5115 1503 5181 venerandos,
1519 5126 1547 5171 et
1567 5126 1694 5174 ceteram
1714 5119 1832 5176 fidelium
1848 5123 1953 5193 plebem

1165 5202 1354 5274 distinguitur,
1369 5206 1507 5275 aptissime
1519 5206 1664 5278 designari.
1677 5212 1745 5268 Atha
1758 5215 1857 5270 etenim
1878 5223 1953 5271 reste

1168 5295 1299 5363 induitur,
1313 5312 1373 5351 cum
1392 5298 1491 5354 romula
1508 5298 1643 5366 justorum
1656 5301 1824 5360 confessione
1835 5306 1952 5362 circum·

1169 5388 1257 5441 datar.
1272 5385 1393 5458 Purpura
1407 5388 1464 5443 sive
1477 5404 1560 5445 coeco
1571 5392 1692 5456 vestitur,
1708 5408 1770 5448 cum
1779 5393 1807 5448 in
1820 5395 1954 5467 triumpho

1169 5476 1376 5531 victoriosorum
1388 5486 1537 5550 martyrum
1553 5480 1692 5549 gloriatur.

1206 5568 1240 5621 m
1255 5580 1411 5638 exspuentes
1422 5572 1450 5625 in
1464 5588 1541 5637 curn,
1563 5585 1715 5643 aeceperunt
1738 5577 1909 5644 arundinem,
1928 5591 1955 5635 rt

1169 5662 1345 5729 percutiebant
1370 5674 1446 5733 caput
1474 5668 1541 5734 eius.
1568 5664 1631 5720 llaec
1654 5672 1718 5721 lunc
1743 5666 1832 5726 [marte
1855 5670 1956 5727 utilibet

1169 5752 1262 5815 Pilati,
1280 5753 1336 5808 lraee
1353 5770 1439 5824 usqne
1457 5756 1535 5811 bodie
1550 5754 1653 5811 iaciunt
1666 5758 1786 5815 haeretici
1799 5768 1826 5817 et
1837 5763 1955 5833 papatui.

1168 5843 1267 5899 milites
1289 5845 1382 5915 utique
1408 5844 1508 5900 diaboli
1536 5865 1542 5899 :
1565 5844 1628 5917 quia
1652 5849 1723 5903 enim
1749 5859 1830 5923 capul
1852 5851 1954 5910 Christi

1168 5930 1253 5998 Deris,
1270 5942 1350 6003 caput
1371 5932 1428 6002 ejus
1441 5938 1615 6004 percutiant,
1639 5939 1685 6007 qui
1708 5954 1769 5996 eum
1784 5941 1868 5997 Deum
1892 5959 1955 6001 esso

1166 6037 1260 6077 verum
1275 6023 1417 6095 denegant.
1434 6025 1467 6081 Et
1486 6028 1548 6097 qnia
1566 6044 1615 6100 per
1630 6030 1790 6089 arundinem
1812 6031 1953 6107 Scriptura
