4509 6850
330 625 382 683 sss
653 625 683 679 n,
704 624 831 681 numm
850 622 959 679 muru
977 621 1136 679 incusor.
1156 624 1310 684 sinuum.
1330 587 1474 688 erubunt
1490 629 1582 688 nans
1597 631 1619 689 ι.
1913 638 1968 698 suo

631 736 745 794 CAPUT
773 734 831 790 XX.
1138 733 1424 809 Atiliirpensiiupsrs
1441 736 1699 811 quamsecurium
1718 744 1900 812 sstsponsssi
1917 742 1970 802 is·

519 829 559 885 De
572 827 794 900 samsonesimoii
809 827 924 898 jejunio.
1170 824 1241 880 nient
1256 835 1344 881 nomm
1354 827 1410 883 dies
1420 844 1479 882 com
1493 827 1629 898 dolmmsr
1642 831 1719 888 aisis
1732 841 1890 903 sponsiones
1902 842 1967 892 tnnc

362 917 483 974 Primum
495 918 708 989 enimjejunium
723 918 941 989 Quadragesimae
952 926 1004 983 est,
1020 916 1119 988 quoda
1165 913 1326 983 jejunabam
1345 915 1443 988 (liora
1452 916 1496 990 ιι).
1508 918 1606 975 bicuut
1619 921 1692 977 enim
1705 931 1768 993 post
1785 907 1972 981 resurrectio·

325 1011 463 1068 reteribus
475 1011 551 1067 libris
564 1014 648 1081 coepit
666 1025 701 1066 es
713 1009 815 1081 jejunio
837 1009 937 1081 liopsis
952 1016 981 1064 et
1002 1008 1078 1073 Elim,
1091 1018 1120 1064 et
1169 1021 1232 1061 nem
1240 1006 1346 1064 Domini
1357 1010 1594 1082 quadragintailiis
1603 1012 1698 1067 diebus
1707 1013 1806 1082 quilius
1815 1028 1877 1069 eum
1887 1010 1971 1072 disci·

325 1119 359 1160 es
374 1102 529 1174 Evangelio,
544 1102 606 1172 quia
623 1103 735 1158 totidem
760 1101 857 1157 diebus
869 1100 1000 1155 boninus
1010 1097 1117 1170 ieiuna-
1168 1097 1338 1171 pulispostea
1348 1100 1968 1179 legitorconrersatus,uousrportereneejeio-

325 1194 373 1255 rit.
387 1193 576 1249 demonstrans
590 1191 763 1262 Evangeiium
781 1205 836 1246 nou
861 1190 1005 1245 dissentire
1020 1204 1036 1243 a
1059 1187 1119 1260 iege
1168 1187 1234 1246 nare
1246 1206 1298 1248 nec
1317 1193 1409 1263 ingere
1421 1212 1428 1247 ε
1442 1194 1507 1264 qrria
1526 1194 1553 1249 in
1569 1195 1660 1252 laetitia
1674 1212 1776 1253 sumus.
1790 1198 1888 1255 Postea
1901 1215 1969 1258 vcro
2000 1229 2010 1244 κ

322 1287 352 1341 'et
364 1284 514 1355 propinetis.
533 1283 561 1338 ln
584 1297 700 1354 persons
714 1282 813 1353 quippe
836 1280 920 1352 lloysi
936 1279 989 1345 ies,
1012 1279 1039 1333 in
1053 1294 1118 1349 per·
1168 1294 1250 1349 qurum
1262 1291 1367 1354 tenpus
1379 1284 1443 1340 iilud
1454 1286 1646 1358 expictus,quo
1657 1287 1781 1345 cbristus
1791 1291 1921 1348 advolans
1931 1293 1970 1350 sd

324 1392 390 1433 sona
403 1376 468 1431 Eiise
480 1376 617 1446 prophetae
630 1374 809 1445 accipiuntur,
823 1372 895 1428 inter
906 1386 974 1443 qnos
985 1371 1011 1426 in
1027 1378 1119 1426 rnonte
1168 1371 1262 1440 caelos,
1276 1376 1419 1443 pressans
1435 1378 1568 1447 eunomii
1584 1380 1703 1443 recessit,
1717 1389 1782 1436 tunc
1791 1382 1969 1440 indicendum

323 1471 448 1527 Christus
462 1469 596 1542 glosiosus
610 1467 744 1537 apparuit,
762 1473 792 1520 ut
813 1465 965 1521 euidentius
983 1463 1119 1519 emineret
1167 1476 1228 1517 esse
1240 1461 1385 1533 jejunium,
1408 1473 1438 1521 ut
1456 1482 1505 1537 per
1521 1468 1611 1524 curilis
1633 1470 1812 1526 humilitatem
1827 1480 1855 1526 et
1877 1474 1968 1530 absti-

324 1563 394 1633 uuod
413 1562 447 1618 de
461 1561 506 1615 iilo
524 1560 590 1615 dicit
607 1557 768 1629 Apostolus:
783 1556 970 1612 Testimonium
987 1556 1117 1611 linienss
1167 1554 1288 1610 nentium
1300 1558 1401 1624 carnis,
1415 1573 1596 1615 mereamure
1609 1561 1686 1618 ecelis
1701 1564 1865 1633 promissum
1877 1565 1967 1622 susci-

323 1654 377 1724 teqe
390 1663 414 1709 rt
431 1652 575 1724 propinetis.
595 1651 624 1706 ln
639 1664 691 1720 qua
711 1664 777 1721 ergo
789 1656 866 1720 parte
881 1647 946 1703 anni
967 1660 1117 1719 corrgrueu-
1167 1660 1232 1716 pere
1246 1644 1378 1717 Spiritum
1397 1659 1532 1707 sanctum.
1545 1651 1599 1709 Sed
1623 1655 1694 1710 sicut
1713 1656 1839 1724 diximus,
1853 1657 1925 1716 bene
1937 1668 1968 1718 et

322 1746 376 1802 tius
400 1743 555 1800 obseruatio
578 1741 796 1812 Qrsadragesimae
822 1740 1043 1804 constitueretur,
1064 1737 1116 1793 uisi
1167 1737 1327 1808 regulariter
1340 1740 1392 1797 hoc
1404 1750 1466 1812 post
1479 1742 1658 1801 Pentecosten
1677 1761 1693 1802 a
1715 1745 1840 1804 Patribus
1862 1750 1967 1806 eonsti-

323 1835 438 1892 coniinis
452 1844 532 1906 atque
555 1835 681 1905 contigua
705 1833 851 1889 Dominicte
876 1829 1022 1904 passionis,
1051 1832 1116 1902 quia
1168 1828 1462 1895 iuwmetiinchffloe·
1476 1832 1758 1904 rigaudispromissi
1773 1834 1966 1907 Spiritusssu·

321 1926 349 1980 in
360 1941 392 1981 ea
402 1926 569 1997 significatus
579 1926 637 1981 baec
652 1924 707 1980 rita
723 1923 876 1979 laboriosai
889 1921 938 1978 Cui
951 1923 1033 1977 etiam
1048 1937 1117 1991 opus
1164 1916 1203 1985 pri
1213 1918 1383 1976 exsultantes
1396 1920 1424 1976 in
1444 1921 1570 1978 laudibus
1583 1924 1632 1979 Dei
1650 1926 1795 1982 adventum
1811 1928 1895 1997 ipsius
1916 1943 1967 1986 ex·

323 2023 367 2071 est
383 2016 558 2081 continentia,
574 2022 606 2069 ut
626 2014 661 2070 ab
686 2014 771 2083 ipsios
785 2013 877 2069 mundi
893 2011 1027 2067 illecebris
1043 2010 1114 2083 jejo-
1167 2019 1331 2080 spectemus,
1356 2021 1386 2070 et
1406 2021 1471 2071 turm
1495 2030 1544 2086 per
1558 2015 1618 2086 ejus
1639 2018 1754 2090 gratiam
1781 2019 1916 2088 innossti,
1930 2037 1966 2082 ac

320 2121 426 2172 nemus,
441 2106 563 2161 virentes
575 2106 602 2160 in
615 2105 673 2161 sola
687 2119 797 2170 manna,
817 2103 896 2159 idest
915 2103 943 2158 in
958 2102 1114 2158 coelestibus
1127 2091 1152 2151 B
1166 2101 1235 2157 coelo
1261 2103 1395 2172 spirituali
1422 2103 1592 2174 inflammati,
1613 2106 1785 2166 abstinentiae
1807 2119 1836 2166 et
1856 2110 1967 2183 jejunio

320 2195 558 2267 spiritualibusque
571 2194 725 2266 preceptis.
740 2192 858 2249 Numero
882 2201 974 2248 autem
993 2193 1112 2263 quadra·
1163 2206 1274 2261 operam
1294 2194 1399 2250 demus.
1425 2194 1510 2266 Cujus
1523 2198 1562 2253 rei
1587 2198 1754 2255 concordant
1773 2201 1854 2257 rerba
1869 2201 1967 2272 taes,

322 2286 435 2359 cessario
449 2286 504 2341 vita
517 2287 568 2342 ista
581 2297 724 2357 propterea
745 2285 887 2356 liguratur,
900 2284 964 2355 quia
984 2283 1112 2341 denarius
1163 2282 1262 2352 quibus
1286 2284 1432 2342 Dominum
1457 2301 1634 2345 ascensnrum
1660 2290 1687 2346 in
1712 2290 1797 2347 ooelos
1822 2291 1966 2364 discipulo

320 2386 362 2433 est
382 2374 513 2447 perfectio
533 2375 708 2432 beatitudinis
733 2383 843 2431 nostrae.
867 2372 997 2430 Creatura
1020 2382 1112 2430 antem
1162 2377 1324 2448 praecepisse
1337 2380 1468 2436 namarit.
1486 2378 1538 2437 l'os
1550 2392 1648 2449 uatem,
1665 2384 1762 2455 inquit,
1781 2386 1867 2443 essese
1886 2388 1967 2446 insi-

318 2466 473 2538 septenario
488 2464 629 2538 liguratur,
645 2481 705 2536 quiae
719 2465 838 2520 adhaeret
858 2463 994 2530 Creatori,
1018 2462 1044 2518 in
1059 2476 1113 2533 quo
1162 2469 1268 2524 ritatem
1294 2470 1464 2542 quassusque
1486 2472 1633 2529 induemini
1648 2474 1742 2531 sinete
1755 2492 1787 2531 es
1807 2476 1862 2532 sito
1882 2477 1964 2550 (Lars.

319 2557 473 2614 declaratur
487 2556 577 2613 onitas
592 2556 733 2612 Trinitatis
746 2569 794 2626 per
812 2555 969 2611 uuiversum
983 2553 1114 2610 mondum
1164 2556 1250 2629 sarr).
1276 2556 1379 2615 Tamen
1405 2562 1428 2616 si
1450 2561 1496 2634 qui
1521 2563 1716 2621 monachorum
1738 2565 1781 2621 rei
1794 2566 1962 2627 clericorum

319 2650 508 2720 temporaliter
517 2648 687 2704 annuntiata.
713 2647 823 2718 Etonia
849 2647 966 2702 mundus
995 2654 1113 2718 quatuor
1160 2650 1285 2722 ieiunare
1295 2653 1415 2723 cupiunt,
1429 2670 1484 2710 non
1510 2664 1574 2712 suut
1596 2657 1769 2727 probibendi,
1783 2660 1847 2731 quia
1862 2662 1964 2718 etan-

318 2740 407 2796 vemis
420 2738 594 2805 describitur,
612 2746 639 2794 et
660 2754 675 2793 a
692 2747 809 2809 quatuor
827 2738 969 2795 elementis
988 2738 1112 2811 erigitur,
1164 2741 1263 2809 tonius,
1275 2750 1303 2798 et
1315 2740 1423 2811 Paulus,
1436 2747 1567 2802 etcaeteri
1583 2745 1678 2804 Patres
1691 2748 1796 2820 antiqui
1808 2749 1852 2808 bis
1863 2751 1964 2812 diebsss

317 2839 346 2885 et
360 2837 504 2900 aquatuor
515 2829 579 2884 anui
592 2838 744 2899 temporum
758 2828 863 2884 vicibus
874 2829 1006 2895 variator,
1020 2828 1112 2885 decern
1164 2830 1191 2884 in
1202 2845 1295 2887 eremo
1305 2832 1434 2902 leguntur
1446 2836 1621 2904 abstinuisse,
1633 2851 1684 2895 nee
1695 2839 1809 2898 soluisse
1820 2841 1965 2902 siumeu-

316 2933 414 2994 quater
435 2921 517 2977 dueta
537 2922 564 2976 in
592 2921 771 2993 quadraginta
795 2927 1033 2977 consummantur:
1058 2936 1113 2992 quo
1164 2920 1240 2986 dam,
1255 2921 1424 2980 nisitaotum
1436 2924 1642 2984 Dominieodio.

316 3029 429 3071 numero
447 3014 600 3071 ostenditur
612 3014 647 3070 ab
668 3014 742 3069 ornni
760 3023 911 3086 temporum
935 3014 1114 3071 delectatione
1458 3033 1573 3092 cppup
1591 3035 1673 3094 1311,

316 3107 506 3163 abstinendum
520 3115 549 3163 et
558 3104 735 3179 ieiunandum
747 3122 817 3174 esse,
837 3115 865 3161 et
883 3112 958 3161 caste
972 3105 1114 3162 continen-
1164 3120 1205 3177 p,
1214 3120 1320 3195 jem,
1341 3132 1402 3178 m,
1416 3124 1578 3180 „mm-pm
1594 3124 1709 3192 pompa,
1725 3126 1797 3199 Μ,
1806 3128 1877 3199 Μ,
1889 3146 1962 3188 m

316 3203 574 3274 torquerirendosn,
585 3201 768 3259 lioetetaliud
779 3201 943 3258 aeramenti
954 3201 1113 3273 mysterium
1429 3204 1453 3249 et
1473 3194 1574 3251 senno
1591 3211 1689 3252 mense.

315 3292 477 3363 exprimitur
491 3292 518 3347 iu
539 3292 603 3358 hoc,
618 3291 690 3360 quod
702 3291 882 3364 quadraginta
907 3290 1003 3346 diebos
1016 3289 1113 3345 eadem
1199 3281 1322 3341 remum
1338 3281 1472 3356 ieiunium
1484 3293 1527 3341 est
1540 3287 1612 3356 quod
1625 3294 1734 3344 constat
1747 3287 1776 3344 io
1795 3303 1893 3348 mense
1905 3289 1962 3352 iio·

313 3383 417 3458 jejunia
431 3382 613 3440 celebrantur.
639 3382 712 3455 Lege
724 3382 797 3440 enim
811 3382 927 3439 iiosaics
949 3382 1112 3456 generaliter
1163 3374 1383 3447 nonnunqum
1403 3375 1494 3432 diuina
1512 3377 1674 3436 anctoritate
1687 3378 1841 3439 institutum
1851 3381 1897 3439 sei
1907 3383 1962 3441 iss·

315 3475 443 3531 universo
453 3473 553 3546 populo
566 3482 792 3547 estpreeeptum,
806 3474 926 3530 decimas
938 3481 967 3530 et
975 3442 1148 3545 primitiasc
1164 3469 1261 3525 tiatum
1291 3467 1417 3526 ieremire
1449 3470 1589 3542 propbeta
1614 3472 1769 3531 testimonio
1789 3473 1959 3543 declarator,

314 3565 414 3624 oiierre
429 3565 544 3623 bomiuo
565 3564 632 3622 beo.
652 3567 746 3638 ltaque
768 3580 831 3622 cum
848 3565 875 3621 in
899 3566 951 3620 irae
972 3563 1110 3621 sententia
1162 3560 1270 3617 dicente
1281 3558 1315 3616 ad
1327 3575 1390 3616 eom
1404 3560 1539 3616 Domino:
1555 3559 1628 3618 Telis
1639 3561 1758 3619 roismsrs
1769 3562 1842 3631 iiiri,
1855 3566 1963 3623 essm-

315 3657 448 3730 prinelpia
476 3656 644 3729 rotupssmu
671 3655 972 3725 eorssummationesqne
995 3668 1110 3725 operum
1162 3652 1244 3707 iesin
1261 3652 1551 3722 soomniorrsrioquse
1574 3651 1678 3708 locutos
1690 3668 1750 3709 mm
1763 3652 1811 3709 siti
1829 3654 1960 3713 mssrsss

315 3754 471 3803 nostrorum
496 3745 600 3803 rcierre
616 3746 650 3802 ad
670 3745 719 3802 liei
742 3744 856 3816 gratiam
877 3744 1066 3810 admonemur,
1082 3743 1109 3799 in
1161 3741 1248 3797 israel
1262 3741 1406 3807 esisdsm,
1420 3742 1581 3798 etudmrsss
1592 3759 1694 3800 omnem
1705 3753 1824 3816 perstem,⁸
1845 3747 1871 3803 si
1888 3745 1962 3817 ports

315 3836 507 3906 supputatione
524 3844 614 3892 tamen
629 3836 844 3907 quadragesima
864 3849 971 3889 summa
995 3835 1047 3891 ista
1069 3833 1109 3890 le·
1161 3842 1306 3888 remsrurrsr
1318 3832 1530 3905 anamaisqsso
1548 3834 1591 3889 ris
1609 3849 1659 3889 sss
1679 3836 1804 3906 pssum,
1826 3838 1962 3909 propinas

315 3924 418 3994 galium
431 3924 743 3996 decimarumexpletur.
757 3923 856 3980 'lotum
874 3923 947 3979 enim
960 3922 1024 3979 anni
1040 3930 1110 3979 ιοιιι-
1161 3939 1206 3978 ero
1220 3923 1353 3995 iniquitati
1365 3939 1465 3979 eorum.
1497 3922 1603 3979 Vossoit
1622 3939 1683 3996 erpo
1696 3924 1827 3982 iessrrsiss
1849 3925 1962 3985 sanast

314 4034 365 4089 pus
380 4019 491 4090 triginta
511 4019 678 4075 sesdierum
695 4017 980 4079 numerodecimatur,
1000 4013 1109 4072 subtra·
1160 4016 1246 4086 {iiiam
1271 4015 1374 4084 Nerie,
1401 4027 1426 4071 et
1454 4016 1558 4088 scripsit
1584 4015 1690 4071 iiurssir
1712 4032 1745 4072 ss
1768 4017 1962 4077 miseratio

313 4114 365 4169 ctis
377 4112 475 4168 enimc
489 4111 701 4184 Quadrupesima
713 4109 808 4167 diebus
830 4109 988 4175 Dominicis,
1012 4106 1110 4178 quibua
1161 4121 1392 4162 omnessernrones
1412 4105 1530 4172 iiomini,
1542 4121 1608 4176 usos
1627 4103 1731 4162 ioestss
1753 4115 1793 4161 sst
1805 4105 1842 4161 ssi
1854 4123 1917 4163 sssn
1929 4108 1961 4165 ia

312 4203 416 4276 jejunia
435 4203 616 4271 resoluuntur,
632 4201 785 4258 hisdiebus
802 4203 882 4272 quasi
895 4215 946 4271 pro
961 4198 1045 4256 totius
1059 4212 1108 4253 an-
1160 4195 1290 4253 soismins
1303 4196 1373 4253 iiirs'.
1394 4196 1430 4252 Et
1443 4196 1566 4268 precepit
1580 4194 1710 4252 ieremias
1723 4195 1833 4253 sanct
1844 4197 1961 4257 disens:

314 4296 342 4350 ni
366 4294 480 4351 decimis
502 4294 537 4350 ad
561 4292 703 4349 ecclesiam
727 4292 926 4359 concurrimus,
945 4298 1108 4359 actuumque
1160 4287 1336 4360 inpredsreet
1360 4287 1415 4360 ispe
1437 4286 1612 4343 decoloratius
1625 4286 1843 4360 praescripsisti
1864 4304 1899 4345 ss
1912 4306 1961 4347 sss

314 4394 470 4441 nostrorum
482 4384 668 4458 operationem
690 4382 746 4438 beo
763 4383 791 4438 in
802 4383 917 4438 hostiam
938 4381 1108 4451 jubilationis
1159 4394 1229 4445 meo,
1244 4378 1321 4434 ossio
1335 4377 1442 4433 bantini
1464 4378 1586 4433 audiente
1597 4377 1694 4450 popule
1706 4376 1735 4434 iss
1746 4378 1825 4433 domo
1847 4378 1960 4437 iionsisi

313 4478 461 4545 oderimus,
486 4477 564 4548 cujus
582 4476 691 4547 quidem
716 4473 1004 4546 Quadragcsimselege
1026 4471 1108 4546 (sicut
1158 4469 1187 4525 in
1201 4468 1958 4540 disjejsniiiepes,sisertssasiuterstiosomniassen-

313 4569 352 4624 sit
378 4576 472 4625 uester
483 4567 639 4640 (lamissus)
656 4567 757 4637 quique
778 4564 890 4636 perlecti
913 4575 976 4622 snut
988 4565 1105 4637 quodam
1157 4571 1274 4633 spectum
1286 4560 1402 4626 Domini,
1424 4570 1449 4615 ss
1464 4568 1609 4615 renemotsrr
1627 4557 1803 4631 ummnisqsu
1821 4559 1960 4619 ssissss

312 4660 459 4716 modonon
473 4668 670 4724 tenentur,nec
683 4658 774 4729 exigrri
788 4658 868 4729 hujus
881 4657 996 4713 canonis
1015 4655 1106 4727 subje·
1156 4651 1375 4723 insinuantium
1388 4666 1499 4722 mupnas
1513 4649 1624 4720 [ureret
1639 4649 1796 4720 indipnotis,
1809 4666 1892 4723 psum
1913 4652 1958 4707 io-

313 4749 537 4807 stionecoutenti
557 4756 629 4804 sunt.
644 4750 730 4815 Quem
752 4747 903 4818 presertim
925 4746 979 4801 iliis
995 4747 1105 4816 unipes
1157 4753 1279 4800 sstusest
1296 4741 1424 4796 dominns
1445 4741 1583 4796 aduersum
1605 4739 1823 4811 popoinmimnc.
1843 4739 1908 4812 iit!
1940 4741 1948 4755 '

313 4854 400 4900 totum
416 4843 479 4899 anni
491 4842 608 4912 spatium
623 4841 727 4898 deliciis
744 4855 777 4895 ac
796 4840 912 4911 negotiis
932 4839 1106 4896 secularibus
1157 4834 1263 4891 borneis
1277 4833 1349 4903 filias
1361 4831 1450 4887 Nerio
1460 4831 1539 4902 jacto
1553 4829 1641 4885 omnio
1660 4846 1719 4901 qum
1731 4840 1891 4902 preceperat
1906 4830 1959 4889 is.

314 4935 488 5004 implicantur
507 4932 682 4988 ecclesiarum
695 4931 830 5000 principes
844 4931 1104 4995 summouentem
1158 4926 1254 4981 remiss
1266 4924 1401 4997 propicio,
1416 4922 1501 4994 iepens
1511 4937 1544 4976 es
1553 4920 1681 4976 ooismim
1691 4936 1823 4977 sermones
1832 4922 1861 4977 in
1872 4921 1956 4981 dous

313 5023 366 5080 boc
380 5023 459 5094 legati
469 5021 585 5093 quodam
597 5019 677 5075 modo
687 5021 790 5074 dierum
804 5020 866 5074 ritae
877 5033 942 5085 sure,
955 5032 1023 5088 qous
1035 5027 1107 5076 totos
1157 5014 1273 5071 iioms'ni.
1288 5012 1324 5068 Et
1342 5013 1441 5082 {actum
1455 5021 1492 5065 est
1504 5012 1532 5066 in
1545 5026 1632 5065 mense
1647 5025 1725 5075 nono,
1744 5010 1957 5082 prosimu

312 5119 390 5190 quasi
404 5118 508 5173 iroetus
519 5114 651 5186 qsrosdam
673 5113 779 5169 inerant
803 5110 934 5177 voraturi,
949 5109 1021 5167 seint
1034 5110 1108 5167 deci·
1151 5105 1287 5179 jejunium
1299 5104 1327 5158 in
1345 5112 1482 5174 conspecta
1495 5100 1600 5156 Domini
1615 5101 1686 5156 omni
1708 5099 1804 5173 popolo
1824 5101 1852 5157 is
1871 5101 1955 5159 trra-

313 5223 372 5265 mas
387 5208 502 5264 Domino
513 5205 679 5262 dedicarent.
1159 5195 1239 5252 solem
1253 5191 1361 5267 (ierem.
1377 5190 1481 5265 assur).
1506 5190 1563 5247 liae
1584 5205 1650 5263 ergo
1671 5191 1835 5247 auctoritate
1852 5192 1955 5253 divina

606 5293 720 5351 CAPUT
738 5292 807 5348 ΧΧΙ.
1158 5285 1305 5355 Scripturas
1328 5282 1448 5339 Ecclesia
1472 5296 1576 5337 murem
1589 5281 1718 5348 obtinuit,
1744 5290 1772 5337 et
1794 5282 1955 5357 universale

548 5385 694 5455 Dejejanr'o
709 5381 884 5439 Pentecostss.
1152 5373 1286 5446 ieiunium
1306 5373 1359 5428 hae
1381 5371 1571 5429 observatione
1594 5369 1733 5426 celebrat:
1758 5371 1833 5442 quod
1857 5380 1955 5431 ιιιιιαι

349 5477 503 5535 &cundum
513 5474 645 5546 ieiunium
661 5482 713 5539 est,
730 5472 801 5542 quod
815 5471 892 5543 juxta
905 5487 1024 5529 canones
1043 5482 1106 5546 poss
1153 5464 1285 5535 jejunium
1297 5462 1428 5532 incipieus
1439 5461 1466 5514 in
1477 5475 1550 5516 nono
1562 5475 1654 5516 mense
1664 5461 1692 5516 in
1704 5460 1839 5517 decimum
1852 5470 1955 5521 uten-

311 5569 488 5628 Penteeostcn
508 5567 561 5622 aila
583 5565 627 5620 die
650 5564 803 5628 inchoator,
825 5565 972 5620 seeundum
989 5566 1061 5635 quod
1076 5572 1105 5620 et
1156 5557 1239 5621 ditur,
1256 5554 1283 5610 id
1299 5560 1351 5619 θθῑ,
1370 5552 1504 5622 usquead
1525 5550 1596 5605 diem
1616 5550 1715 5606 natalis
1727 5550 1834 5608 ὓοιιιΙιιί
1845 5553 1954 5623 pertiss-

311 5657 416 5732 iloyses
428 5660 483 5715 sit:
509 5656 544 5713 in
559 5654 745 5713 initiamentis
767 5654 901 5709 ordinaris
919 5654 1021 5725 [scietis
1032 5654 1104 5711 eolis
1155 5649 1205 5720 nit.
1217 5646 1341 5717 Conssma
1356 5646 1446 5715 itaque
1459 5644 1636 5715 dispositione
1646 5660 1661 5699 a
1672 5644 1955 5715 magismsiioetssin

310 5753 486 5808 sentencias
501 5760 596 5822 septem
610 5747 709 5821 (oms.
732 5748 839 5817 rasin).
865 5745 1064 5817 ilocjejunium
1086 5763 1103 5804 a
1154 5741 1277 5799 boclooo
1291 5742 1424 5814 jejrrniom
1442 5740 1677 5814 quadragesimale
1695 5739 1756 5796 lieri
1769 5739 1952 5799 constitutum

310 5843 446 5915 plerisque
459 5858 492 5899 er
506 5841 665 5897 auctoritate
677 5836 813 5907 sranretn
823 5846 884 5907 post
895 5836 999 5892 bomini
1010 5851 1104 5894 asceu-
1154 5841 1207 5899 est,
1219 5840 1249 5887 ιιι
1263 5832 1407 5887 antediem
1421 5831 1521 5886 natalis
1531 5831 1638 5886 bomini
1648 5830 1752 5902 jejunio
1765 5837 1794 5886 et
1808 5829 1952 5887 absum

311 5937 415 5991 sionem
440 5934 608 6005 completur,
635 5934 819 5989 testimonium
845 5930 910 5986 iilud
933 5929 1104 5988 bomiuieum
1155 5928 1192 5983 tia
1214 5922 1394 5992 nosmetipsos
1417 5921 1606 5993 castigemus„
1632 5928 1767 5991 quatenus
1795 5920 1950 5978 venientu

301 6025 488 6080 historialiter
499 6026 663 6096 accipientes
677 6025 724 6083 ubi
742 6024 826 6081 dicit:
851 6020 979 6093 Naresii
993 6030 1102 6093 pessunt
1155 6016 1363 6086 Redemptorem
1388 6014 1469 6086 digna
1494 6013 1703 6072 conuersatione
1725 6012 1867 6085 suscipere
1886 6025 1955 6087 pos.
