4509 6850
323 635 391 692 test
640 633 672 690 B.
691 630 819 688 meum
838 630 948 688 unum
965 631 1125 688 auctltse.
1148 632 1304 691 nocuus.
1325 632 1467 691 mettun
1486 633 1615 692 Pbllsl.
1879 639 1951 697 tutt

314 758 385 813 irene
397 754 564 811 laborantem
578 767 686 808 servum
700 752 733 807 ad
746 750 872 823 gaudium
886 759 1018 807 aeternum
1034 750 1105 806 iuvi·
1119 755 1145 814 A
1158 750 1252 807 ctioris
1266 752 1328 807 vitae
1341 753 1540 823 apprehendere
1553 766 1643 807 arcem
1666 752 1776 818 nolum,
1793 753 1857 824 qnia
1880 754 1958 812 iuba·-

314 856 367 903 tat
387 845 462 916 Euge
476 857 584 915 qnoque
604 840 757 911 interjectio
779 849 822 897 cst
844 840 975 909 laetantm
996 841 1107 897 etbene
1157 857 1217 899 mos
1241 856 1272 897 se
1293 857 1355 899 esse
1377 843 1561 913 conspiciunt,
1585 843 1663 913 quasi
1689 850 1718 899 et
1739 855 1904 913 peccatmes
1928 864 1959 906 se

315 942 436 1015 gaudens
449 940 578 996 Dominus
589 952 698 993 serrum
713 938 814 992 bonum
829 951 861 992 ac
874 934 982 993 fidelem
994 935 1021 991 in
1039 951 1106 1007 qau-
1158 930 1286 997 latentur,
1301 940 1330 988 et
1344 932 1457 988 ιιοιιιιιιο
1477 932 1627 1003 repellunt,
1642 948 1759 1004 eumque
1774 936 1802 990 in
1816 953 1874 1008 qno
1896 953 1959 994 san-

315 1034 390 1090 dium
411 1050 489 1090 suum
514 1034 616 1088 intrare
634 1031 722 1102 jubet,
747 1030 815 1097 Quia
839 1031 896 1100 ipse
915 1036 958 1085 est
978 1028 1052 1085 nolus
1073 1028 1108 1084 ad
1155 1020 1271 1076 otiieari
1285 1021 1450 1089 debuerant,
1474 1021 1725 1093 lugiunt,ctreint
1748 1025 1777 1080 ill
1799 1027 1959 1085 turbatione

317 1141 396 1196 quem
415 1124 548 1195 Propheta
568 1123 606 1178 ait
624 1141 631 1177 ε
651 1121 808 1190 letificabis
827 1134 875 1174 not
892 1119 921 1173 in
938 1118 1035 1189 quadie
1049 1134 1108 1172 carn
1157 1112 1300 1169 consilinm
1315 1128 1368 1169 noo
1390 1113 1508 1181 babent,
1522 1115 1584 1170 dum
1605 1116 1760 1171 moriuntur
1778 1126 1807 1172 et
1821 1119 1908 1174 vitam
1923 1122 1957 1175 ti·

196 1201 198 1206 ’
314 1214 389 1269 uultu
410 1224 470 1281 tuo,
493 1212 676 1268 delectationes
694 1220 719 1265 et
737 1209 765 1264 in
786 1209 893 1264 dextera
913 1218 959 1262 toa
977 1195 1059 1273 u'sque
1080 1208 1108 1264 in
1158 1210 1242 1258 ment.
1258 1201 1369 1260 Frustra
1391 1212 1481 1260 autem
1498 1206 1607 1275 quidam
1628 1205 1680 1262 lrac
1703 1207 1753 1262 sibi
1775 1211 1958 1278 perversitate

315 1308 395 1376 finem
412 1306 499 1380 (Psoi.
518 1304 575 1373 xv).
603 1301 706 1377 [Greci
732 1300 822 1357 Pauca
840 1301 938 1371 qnippe
958 1307 1020 1355 sunt
1038 1299 1109 1355 bona
1156 1294 1343 1362 blandiuntur,
1354 1304 1385 1351 nt
1398 1297 1489 1351 dicant
1500 1314 1507 1351 ε
1520 1294 1622 1352 Sufficit
1635 1305 1665 1352 ut
1677 1299 1710 1354 de
1724 1313 1753 1354 se
1768 1300 1958 1371 unusquisque

316 1399 406 1454 omma
430 1396 571 1470 prusenus
591 1396 674 1461 vita,
700 1394 824 1464 quamvis
848 1393 933 1448 multa
954 1392 1106 1448 rideantur.
1159 1385 1291 1441 rationem
1311 1385 1422 1452 reddat,
1436 1386 1500 1456 quid
1521 1401 1590 1458 opus
1602 1396 1645 1443 est
1658 1388 1718 1444 aliis
1730 1390 1896 1461 predicare,
1911 1404 1958 1448 aut

312 1487 370 1545 Sed
394 1498 457 1544 tunc
481 1487 568 1543 idelis
589 1500 684 1542 servus
709 1499 790 1555 supra
812 1482 900 1539 multa
919 1482 1107 1546 constituitur,
1157 1475 1334 1542 ministrare,
1359 1478 1510 1531 autetiam
1532 1477 1654 1549 deipsis
1679 1480 1816 1536 rationem
1844 1484 1957 1540 reddere

314 1580 423 1648 qurundo
438 1580 541 1635 devicta
552 1578 625 1633 omni
639 1574 821 1646 cormption'ls
835 1573 969 1640 molestia,
982 1574 1016 1628 de
1029 1581 1108 1627 ceter-
1156 1569 1272 1639 quisque
1285 1568 1416 1640 cupatur?
1427 1583 1489 1623 cnm
1501 1569 1572 1639 apud
1586 1569 1729 1625 Dominum
1742 1573 1827 1629 etiarn
1843 1573 1884 1629 illi
1903 1577 1957 1630 sint

311 1672 358 1725 uis
369 1671 473 1741 gaudiis
489 1670 554 1740 ipsis
567 1669 648 1725 etiam
661 1663 801 1722 elementis
812 1659 850 1720 'lu¹
860 1647 1026 1719 vil'lactelesti
1044 1662 1107 1717 sede
1157 1659 1355 1716 inexcusabiles
1368 1659 1466 1729 quibus
1486 1658 1529 1714 lex
1543 1659 1604 1715 data
1619 1676 1672 1716 non
1685 1671 1745 1727 est,
1760 1678 1851 1733 neque
1866 1667 1956 1720 auilites

312 1763 456 1834 gloriatur.
471 1762 546 1817 'lunc
561 1761 595 1815 ad
605 1759 712 1816 Domini
731 1751 911 1830 suig'a'udium
927 1755 1046 1827 perfecte
1063 1753 1106 1809 in·
1157 1749 1301 1819 Evangelio
1313 1749 1491 1811 dormierunt,
1507 1749 1571 1819 quia
1591 1766 1640 1820 per
1653 1760 1808 1807 creaturam
1827 1763 1955 1823 poteraut

311 1852 483 1917 trurnittitur,
497 1852 604 1921 quando
620 1851 647 1904 in
662 1858 763 1904 aeterna
780 1848 826 1904 illa
844 1847 932 1917 patria
951 1852 1107 1915 assumptus
1155 1852 1319 1912 cognoscere
1338 1849 1500 1905 creatorem,
1523 1841 1600 1911 cujus
1618 1840 1762 1897 inuisibilia
1785 1860 1801 1897 o
1826 1848 1954 1899 corruitu-

311 1950 396 2011 a-tque
407 1941 564 2012 angelorum
576 1940 691 1996 coetibus
705 1940 852 2001 admixtus,
866 1937 906 1993 sic
917 1937 1030 1992 interius
1041 1950 1107 2006 gau.
1153 1934 1225 1988 tione
1236 1932 1328 1987 mundi
1347 1948 1393 2003 per
1412 1948 1442 1987 eo
1454 1949 1513 2003 quta
1533 1932 1607 1999 iacta
1626 1944 1686 1989 sunt
1697 1934 1832 1990 intellecto
1854 1938 1955 2004 concr-

312 2030 359 2084 dot
374 2029 408 2083 de
421 2043 544 2094 munnere,
560 2036 590 2082 ut
601 2043 653 2083 uun
674 2027 709 2082 sit
723 2027 780 2098 jam
793 2025 866 2097 quod
879 2025 1002 2081 exterius
1016 2024 1105 2079 doleat
1156 2022 1263 2075 menter
1273 2019 1363 2092 (Rom.
1376 2019 1408 2091 r).
1431 2020 1508 2076 Unde
1526 2019 1589 2076 huic
1603 2036 1683 2078 serto
1700 2024 1831 2093 protinus
1844 2041 1954 2093 respur-

310 2120 348 2174 dc
362 2119 545 2189 corruptione.
681 2180 682 2186 χ
1119 2096 1145 2158 Β
1157 2111 1237 2167 detur
1249 2127 1256 2165 ἓ

349 2210 561 2265 decantantem
573 2220 596 2263 et
612 2211 658 2282 qui
672 2206 835 2263 ductuiento
851 2215 996 2278 acceperat,
1009 2217 1033 2262 et
1048 2209 1105 2263 ait:
1194 2198 1362 2271 Respondent
1382 2210 1470 2254 ellim
1491 2200 1619 2256 Dom'ttttt
1642 2203 1699 2274 ejus
1718 2204 1786 2258 dicit
1806 2205 1833 2257 ei
1851 2217 1861 2255 .·
1879 2204 1956 2260 Serre

311 2298 434 2361 uentae.
451 2298 502 2353 duo
513 2297 610 2352 talenta
621 2297 754 2352 tradidisti
769 2296 843 2362 mibi,
861 2313 918 2351 ecee
933 2298 986 2351 alin
1000 2301 1054 2351 duo
1068 2297 1107 2352 iu·
1156 2291 1225 2346 mule
1240 2302 1265 2347 et
1282 2294 1366 2364 p'qer,
1382 2292 1482 2348 aciebus
1501 2293 1563 2364 quia
1580 2303 1649 2348 nteto
1668 2295 1712 2348 ubi
1732 2311 1785 2350 aon
1798 2295 1913 2361 ιιιιιιιιο,
1931 2306 1954 2351 et

309 2401 401 2445 erotus
421 2405 489 2444 eum.
509 2388 552 2442 Ait
571 2385 610 2442 iili
628 2386 749 2441 dominus
760 2386 838 2453 eiua:
854 2382 939 2457 Eune,
956 2402 1027 2441 eene
1041 2386 1106 2441 bone
1153 2397 1282 2453 conprepo
1294 2382 1339 2436 ubi
1352 2399 1404 2438 non
1414 2384 1510 2453 sparti.
1523 2383 1580 2439 lloc
1592 2395 1635 2439 est
1646 2385 1718 2440 enim
1732 2387 1814 2457 qnasi
1828 2403 1883 2442 non
1899 2404 1954 2443 me·

310 2493 338 2536 et
352 2481 449 2550 fidelia,
460 2480 522 2553 quio
537 2496 615 2551 super
630 2495 714 2550 pauca
731 2478 804 2547 suisti
817 2476 914 2547 fidelis,
930 2493 1008 2548 super
1022 2475 1106 2531 muita
1157 2480 1214 2528 tere
1227 2471 1272 2528 nbi
1287 2488 1341 2528 non
1356 2473 1503 2540 seminari,
1522 2474 1549 2530 id
1568 2483 1625 2539 est,
1644 2476 1726 2532 etiam
1744 2492 1794 2535 eos
1808 2480 1955 2551 impietatis

313 2581 337 2624 te
354 2566 887 2638 constituam,intruinquudiuntdomini
907 2566 956 2619 tui.
969 2563 1104 2636 (ilieren.)
1155 2578 1218 2619 reos
1234 2573 1326 2620 tenere
1348 2565 1446 2634 quibus
1459 2566 1570 2624 verbnm
1591 2567 1660 2640 tegis
1674 2580 1722 2624 aut
1744 2570 1885 2644 Evangelii
1900 2589 1954 2629 noa

310 2659 427 2731 lituique
439 2673 518 2714 servo
530 2665 559 2713 ut
570 2666 633 2713 ante
645 2656 711 2721 diui,
723 2654 805 2726 etqui
819 2655 852 2710 de
863 2654 981 2725 quinque
995 2653 1105 2710 talentis
1154 2656 1338 2712 ministratum
1349 2664 1404 2713 est
1418 2658 1458 2713 Er
1469 2660 1591 2714 enesim
1605 2660 1677 2729 qnod
1695 2661 1784 2717 malus
1797 2677 1896 2719 servus
1909 2681 1956 2720 aa·

310 2749 415 2804 -lccerat
432 2747 535 2814 decem,
550 2753 578 2803 et
596 2746 641 2816 qui
659 2745 951 2815 murcomannum,
970 2743 1041 2799 idem
1053 2758 1104 2814 pe·
1155 2764 1203 2806 sus
1214 2758 1256 2805 est
1269 2750 1369 2816 dicere,
1386 2749 1464 2807 lictis
1473 2751 1521 2807 eii
1534 2769 1586 2808 nos
1601 2754 1748 2820 seminasti,
1767 2764 1793 2810 et
1808 2771 1955 2827 conqnqae

309 2837 482 2894 trisiamilius
498 2850 588 2893 sermo
601 2835 749 2901 blanditur,
775 2842 803 2890 et
823 2835 858 2890 ad
881 2835 951 2890 bona
974 2833 1058 2890 multa
1073 2841 1105 2889 et
1153 2838 1200 2892 utri
1222 2854 1275 2893 nou
1298 2840 1436 2911 marculi,
1458 2841 1633 2914 intelligimus
1653 2844 1738 2899 etiarn
1756 2846 1905 2917 gentilium
1928 2856 1956 2903 et

309 2929 430 2985 maxima
443 2928 553 2999 premia
567 2926 678 2991 inritat,
692 2926 757 2997 quia
770 2923 805 2980 nd
818 2925 1047 2995 comparationem
1061 2923 1104 2980 iu·
1155 2928 1376 2999 pbilosophorum
1390 2931 1489 2987 bonam
1501 2932 1586 2988 uitam
1607 2934 1729 3005 recipere
1746 2934 1913 3001 liumisrata,
1928 2946 1955 2993 et

309 3029 435 3075 surorum
446 3032 506 3089 quae
516 3022 684 3088 penmanent,
692 3015 937 3086 praesentiaomnia
949 3029 1009 3086 quae
1019 3022 1105 3069 trans-
1156 3015 1234 3073 aliter
1250 3017 1409 3075 heberaeos
1420 3019 1468 3089 qui
1486 3019 1570 3089 iuste,
1584 3021 1663 3078 aliter
1672 3023 1721 3093 qui
1740 3023 1843 3093 iniuste
1861 3034 1953 3096 agant,

307 3120 391 3176 eunt,
414 3111 491 3179 quasi
511 3123 595 3180 pauca
613 3122 673 3163 esse
693 3107 829 3162 ridentur.
852 3105 941 3173 intra,
954 3104 1056 3177 inquit,
1076 3106 1105 3162 iu
1155 3115 1184 3163 et
1196 3108 1229 3162 ad
1244 3109 1473 3179 comparationem
1483 3110 1544 3180 ejus
1556 3114 1602 3183 qni
1617 3114 1769 3170 numeralem
1786 3115 1879 3189 legem
1894 3133 1952 3174 ser·

310 3202 437 3274 caudium
450 3200 551 3257 domini
563 3198 613 3265 tui,
628 3206 656 3255 et
676 3197 782 3269 suscipe
795 3212 856 3269 quae
870 3214 916 3253 nec
935 3197 1027 3253 oculus
1039 3198 1104 3255 sidit
1154 3204 1201 3252 tat
1211 3196 1387 3255 condemnari
1402 3215 1449 3257 eos
1462 3202 1509 3270 qui
1525 3203 1652 3273 scriptam
1663 3203 1751 3275 iopam
1765 3206 1918 3278 negligunt.

311 3312 358 3349 nec
381 3295 454 3349 auria
476 3292 586 3358 audiuit,
611 3307 657 3345 nec
678 3290 707 3344 ia
728 3306 775 3343 cor
797 3289 910 3344 iomisit
932 3290 1104 3345 emendarunt
1193 3285 1316 3360 Oportuit
1328 3306 1390 3361 erpo
1409 3300 1433 3346 te
1446 3293 1607 3348 committere
1619 3296 1758 3365 pecuniane
1773 3312 1863 3350 nuum
1877 3314 1954 3352 uuna·

308 3386 339 3459 {l
352 3384 415 3442 Cor.
427 3385 468 3458 ιι).
481 3384 550 3453 Quid
565 3392 655 3439 autem
667 3381 755 3455 majus
767 3383 825 3438 dari
839 3388 929 3454 potest
943 3382 1012 3438 iltloli
1024 3396 1105 3440 serto
1155 3376 1286 3443 meludit.
1300 3389 1325 3436 et
1338 3380 1441 3437 tenum
1453 3398 1500 3454 eqo
1514 3384 1665 3455 recepissem
1677 3385 1767 3457 utique
1781 3387 1853 3458 quod
1866 3404 1954 3443 mean

312 3494 394 3551 quam
409 3492 469 3534 esse
485 3476 682 3542 eumdumius,
698 3484 728 3531 et
745 3475 837 3531 videre
857 3475 984 3547 gaudium
1004 3475 1105 3531 domim
1118 3443 1142 3507 C
1157 3481 1195 3527 est
1213 3488 1272 3536 curn
1289 3489 1382 3529 usuro.
1394 3473 1533 3548 (Hieron.)
1548 3474 1625 3543 Quod
1637 3483 1781 3546 putarent
1798 3491 1830 3533 se
1841 3492 1895 3548 pru
1906 3493 1953 3533 ea-

310 3569 373 3626 smi
1155 3563 1297 3620 cusatione
1321 3564 1442 3631 dixisse,
1471 3565 1498 3620 in
1525 3565 1631 3636 culpam
1657 3565 1798 3635 propriam
1826 3567 1951 3628 subur.

347 3659 477 3715 decedens
494 3667 582 3713 auten
601 3665 625 3711 et
644 3657 689 3727 qui
706 3672 789 3710 suurn
810 3655 937 3711 trientum
958 3666 1104 3726 emerat,
1155 3653 1258 3711 Servus
1270 3664 1360 3712 autem
1374 3656 1460 3713 nialus
1471 3658 1532 3712 ideo
1542 3656 1702 3728 appellatur,
1710 3658 1775 3728 quia
1785 3658 1951 3733 calumniam

311 3753 370 3805 ait:
387 3750 506 3815 Domine,
520 3748 575 3804 scio
590 3748 653 3819 quia
665 3749 742 3801 lamo
754 3747 836 3800 duras
849 3762 894 3812 ee;
907 3748 981 3802 metir
996 3748 1039 3801 ubi
1052 3764 1105 3803 nort
1156 3744 1270 3801 Domino
1289 3746 1369 3814 laetu
1384 3748 1468 3820 piger,
1482 3749 1545 3818 quia
1562 3747 1690 3804 talentum
1702 3748 1792 3804 noluit
1803 3750 1950 3820 duplicare,

310 3842 486 3906 seminastiet
495 3855 637 3911 conqrequa
646 3839 691 3893 ubi
700 3854 751 3893 uon
761 3838 927 3909 sperabunt
937 3839 1030 3893 timens
1040 3840 1103 3906 abii,
1155 3845 1186 3890 ut
1197 3837 1225 3891 iu
1237 3836 1323 3894 altero
1337 3840 1480 3910 superbiae,
1499 3840 1526 3895 in
1540 3840 1626 3896 altero
1638 3838 1809 3912 negligentiae
1818 3844 1951 3899 courdem-

309 3945 335 3989 et
345 3931 498 3986 abscondidi
510 3928 636 3985 talentum
646 3938 720 3983 tuum
729 3928 756 3981 iu
768 3939 850 3982 terra.
864 3928 931 3983 Ecce
944 3929 1023 3985 babet
1034 3931 1105 4001 quod
1153 3937 1245 3984 netur.
1263 3928 1303 3994 Si,
1319 3931 1417 4001 iuquit,
1429 3931 1525 3988 durum
1539 3941 1567 3988 et
1576 3933 1714 3989 crudelem
1729 3948 1792 3989 esse
1805 3950 1848 3990 nte
1865 3950 1950 3991 nore·

311 4035 385 4077 tuum
398 4028 446 4075 ert.
461 4018 530 4075 Vere
543 4018 616 4090 quod
629 4017 758 4087 scriptum
770 4026 823 4083 est,
835 4017 877 4072 ad
887 4019 1050 4082 mercandas
1062 4036 1110 4096 ea·¹
1156 4034 1211 4082 ras,
1227 4029 1254 4076 et
1267 4022 1353 4077 aliena
1367 4023 1476 4089 sectari,
1498 4025 1588 4093 ibique
1609 4034 1712 4082 metere
1725 4026 1771 4081 nbi
1795 4041 1848 4082 non
1871 4042 1950 4082 sere·

310 4112 458 4167 curationes
478 4110 508 4165 in
527 4110 639 4180 peccatis
653 4105 741 4181 (Psoi.
756 4108 830 4180 bru),
850 4109 935 4165 etiam
947 4110 1012 4165 bnic
1025 4125 1104 4166 servo
1154 4108 1225 4176 rim,
1240 4126 1324 4180 quare
1344 4127 1396 4166 non
1411 4113 1458 4168 tibi
1475 4112 1628 4169 istiusmodi
1643 4115 1774 4185 cogitatio
1787 4114 1903 4170 inurant
1916 4117 1949 4171 ti·

307 4201 439 4271 contigit,
457 4207 488 4254 ιιι
503 4199 538 4254 ad
555 4199 692 4270 pigritiam
715 4205 743 4253 et
760 4198 951 4270 negligentiam
971 4200 1104 4271 superbie
1154 4213 1270 4265 morem,
1284 4202 1412 4256 nescires
1424 4217 1469 4257 me
1484 4217 1544 4257 mea
1557 4202 1951 4274 diligendaequasisummer

307 4306 418 4364 quoque
434 4290 537 4345 crimen
551 4289 701 4345 amederu.
717 4287 768 4356 Qut
781 4288 855 4344 enim
867 4289 958 4346 debuit
972 4290 1103 4363 simplici·
1154 4289 1234 4344 dures
1243 4290 1384 4359 pecuniam
1395 4291 1453 4347 sive
1467 4301 1608 4362 argentum
1620 4293 1828 4351 nummulariis?
1839 4295 1951 4352 illrum

310 4391 352 4438 ter
374 4381 499 4437 inertium
521 4378 656 4446 ccnllteri,
679 4386 707 4434 et
728 4393 809 4435 orare
829 4379 1063 4449 patremfamilias,
1087 4398 1104 4439 e
1154 4396 1207 4450 que
1217 4382 1288 4437 euim
1304 4384 1423 4460 ἀργύριον
1433 4383 1543 4440 Graecus
1556 4399 1646 4441 serum
1660 4386 1807 4458 significat
1824 4388 1948 4462 Eloquia.

308 4473 447 4532 contrario
465 4471 654 4536 calumniatur,
675 4477 703 4526 et
722 4469 787 4526 dicit
807 4485 838 4527 se
859 4471 985 4542 prudenti
1004 4470 1103 4530 iecisse
1153 4476 1251 4546 iuquit,
1269 4476 1385 4543 bomini,
1401 4477 1505 4549 eloquio
1518 4487 1602 4546 costa,
1618 4490 1756 4550 arpentum
1771 4481 1833 4552 ique
1851 4485 1949 4538 mossi-

308 4567 433 4632 consiliu,
447 4580 482 4621 ne
498 4565 560 4621 dum
579 4563 656 4619 lucra
676 4563 797 4634 pecunie
811 4572 956 4634 quareret,
970 4565 1052 4621 etiam
1068 4566 1102 4623 de
1152 4578 1261 4635 aarum,
1280 4570 1419 4641 probatum
1433 4579 1521 4637 terre,
1538 4581 1678 4642 perpurum
1696 4573 1846 4644 septupium
1862 4575 1948 4648 (Paul.

309 4666 383 4716 sorte
398 4656 607 4731 periclitaretur.
628 4651 730 4728 (Greq.)
749 4652 901 4725 Notandum
919 4664 1010 4711 autem
1029 4658 1102 4727 qnod
1153 4659 1202 4728 ιι).
1222 4659 1339 4716 Pecunia
1355 4675 1421 4731 erqo
1437 4671 1465 4716 et
1479 4670 1620 4733 amentum
1635 4664 1795 4732 praedicatio
1810 4665 1949 4738 Eranqeii

309 4749 518 4807 inutilisserrus
530 4749 627 4804 durum
643 4746 781 4804 dominum
793 4755 882 4812 rorat,
899 4748 942 4804 cni
959 4756 1049 4804 tamen
1067 4751 1101 4808 ad
1152 4761 1206 4819 est,
1221 4763 1249 4809 et
1268 4767 1358 4809 sermo
1373 4753 1492 4820 divinus,
1507 4756 1554 4823 qui
1570 4754 1627 4810 dari
1647 4754 1741 4810 debuit
1757 4757 1949 4813 nummularis

308 4843 413 4901 lucrum
427 4841 564 4898 deservire
575 4839 735 4906 dissimulat,
756 4849 784 4896 et
798 4841 920 4897 timuisse
940 4857 970 4898 se
983 4842 1049 4899 dicit
1071 4845 1099 4900 in
1112 4811 1140 4872 D
1153 4854 1182 4900 ct
1200 4845 1355 4916 trapezetis,
1376 4844 1403 4901 id
1422 4852 1483 4909 est,
1502 4845 1545 4901 rel
1565 4847 1670 4903 caeteris
1689 4848 1848 4906 doctoribus
1867 4849 1947 4922 (quod

308 4937 385 4992 lucro
398 4935 526 4991 talentum
540 4935 701 5005 expendere,
713 4935 759 5004 qui
773 4936 825 4990 boc
840 4935 926 4990 solum
942 4936 1037 4991 timere
1049 4937 1098 4993 de·
1153 4934 1275 4993 iecerunt
1288 4945 1316 4993 et
1333 4937 1445 5007 apostoli
1465 4953 1514 5009 per
1529 4938 1649 5010 singulas
1664 4939 1821 5010 pmrincias
1836 4943 1947 5013 presby-

307 5027 414 5090 buerat‚
430 5038 463 5079 ne
478 5025 529 5079 boc
549 5024 608 5078 sine
628 5023 704 5079 lucro
723 5032 875 5093 reportaret
895 5025 930 5081 ad
949 5026 1098 5084 dominum.
1155 5037 1225 5082 tems
1244 5035 1271 5081 et
1290 5027 1431 5097 episcopos
1449 5027 1629 5100 ordinantes),
1649 5028 1691 5083 vel
1710 5030 1817 5086 cunctis
1835 5032 1947 5087 creden-

307 5115 379 5175 Sunt
391 5115 463 5169 cuim
485 5113 606 5185 plerique
628 5115 656 5168 in
669 5113 789 5169 Ecclesia
806 5129 920 5184 quorum
933 5116 985 5172 iste
1006 5131 1101 5174 servus
1154 5119 1237 5185 tibus,
1248 5120 1294 5190 qui
1305 5128 1419 5191 possunt
1432 5120 1732 5191 pecuniamduplicare,
1743 5130 1846 5179 etcum
1857 5122 1946 5178 usuris

307 5207 453 5280 imaginem
465 5213 549 5272 tenet,
563 5205 610 5276 qui
624 5205 745 5262 melioris
762 5205 893 5262 visavitae
913 5209 1022 5279 aggredi
1043 5224 1101 5266 me-
1152 5208 1280 5274 reddere‚
1300 5217 1330 5264 ut
1348 5209 1481 5279 quidquid
1498 5224 1624 5266 sermone
1643 5210 1781 5267 discerent
1798 5226 1884 5280 opere
1902 5227 1946 5267 er-

307 5308 401 5366 tuunt,
416 5306 445 5353 et
459 5305 548 5352 tamen
566 5294 659 5365 jacere
677 5297 705 5351 in
725 5297 766 5352 sui
785 5297 902 5367 torporis
921 5299 1026 5369 ignaria
1045 5314 1100 5354 non
1150 5299 1266 5370 plorent
1296 5353 1308 5360 .

307 5387 514 5456 pertimescunt.
541 5383 663 5452 Cumque
684 5398 714 5438 ιθ
737 5391 894 5453 Plocami&
916 5384 1097 5448 wnildefflllb
1188 5392 1280 5447 Toiiite
1297 5394 1384 5464 itaque
1402 5393 1434 5448 ab
1452 5409 1482 5448 eo
1496 5391 1632 5460 talentum,
1650 5404 1674 5448 et
1686 5393 1749 5448 date
1766 5395 1790 5449 ei
1809 5396 1944 5467 quilebet

280 5463 288 5472 ’
305 5475 460 5532 sanctitatis
477 5474 534 5529 rias
552 5473 674 5544 arripere
693 5474 842 5544 trepidant,
865 5482 893 5529 et
907 5488 1047 5529 remanere
1070 5475 1097 5530 in
1151 5485 1239 5539 decem
1253 5484 1362 5540 reema.
1383 5483 1485 5557 (διας.)
1504 5483 1690 5556 Opportunum
1703 5485 1942 5550 valderidelmurr,

190 5596 192 5601 ·
306 5567 364 5623 suls
382 5564 570 5636 iniquitatibus
583 5580 637 5620 non
657 5564 813 5620 formidant.
832 5564 951 5632 Quorum
964 5564 1033 5620 bene
1045 5565 1097 5620 Pe·
1151 5584 1181 5630 ur
1198 5591 1259 5632 cum
1279 5574 1350 5630 malo
1367 5590 1448 5631 seruo
1465 5590 1549 5629 unum
1569 5576 1701 5629 utentum
1718 5574 1832 5642 tollitur,
1852 5577 1879 5630 ei
1899 5592 1943 5647 pe-

306 5669 365 5716 trus
379 5661 466 5714 adbuc
477 5658 504 5713 in
517 5658 675 5714 intlrmitate
688 5657 793 5727 positus
805 5659 922 5727 speciem
936 5664 1021 5718 tenet,
1036 5671 1098 5712 cum
1151 5666 1205 5720 rius
1224 5665 1271 5735 qui
1291 5667 1344 5721 duo
1363 5680 1445 5736 qnam
1464 5665 1512 5735 qui
1530 5666 1648 5736 quinque
1668 5666 1770 5721 tannia
1787 5677 1942 5736 acceperat.

307 5753 364 5806 viso
383 5752 513 5808 miraculo
532 5752 647 5824 piscium
667 5750 737 5806 dixit
757 5768 764 5804 τ
786 5751 841 5805 liei
860 5769 876 5806 a
896 5768 952 5815 me,
974 5751 1096 5819 uentae,
1151 5758 1260 5813 dantur
1279 5771 1287 5811 :
1309 5756 1346 5812 titt
1368 5757 1440 5812 enim
1461 5755 1520 5811 dari
1543 5757 1636 5811 uentris
1658 5756 1706 5826 qut
1726 5757 1835 5824 minus,
1862 5773 1942 5829 qnam

304 5845 367 5913 quia
381 5843 659 5913 bomopeceutoraam
676 5841 752 5916 (dac.
766 5842 805 5915 ι).
824 5842 880 5898 imo
895 5843 917 5898 si
933 5853 959 5899 te
971 5852 1099 5914 peccato-
1150 5850 1195 5919 qui
1215 5849 1276 5918 plus
1299 5849 1403 5904 babuit.
1426 5846 1481 5902 Sed
1500 5847 1570 5903 sicut
1593 5848 1717 5917 superius
1737 5849 1873 5914 diximus,
1896 5865 1943 5920 per

305 5946 363 5985 rem
377 5933 541 5997 consideras,
563 5941 670 6005 oportet
683 5942 743 5988 uta
762 5941 790 5988 te
810 5931 953 5988 Dominum
976 5950 1030 5990 non
1054 5950 1097 5990 re·
1149 5939 1269 6009 quinque
1288 5938 1405 6004 talenta.
1426 5939 1546 6009 quinque
1564 5939 1690 5994 uidelicet
1708 5955 1823 6006 seusus,
1845 5942 1939 6000 idest
1960 5963 1967 5976 ·

181 6017 185 6026 '
304 6020 397 6091 pellas.
421 6021 474 6078 Sed
490 6023 534 6092 qui
556 6025 658 6080 idcirco
678 6024 798 6080 melioris
811 6025 919 6084 babitus
932 6028 990 6082 vias
1004 6035 1031 6082 et
1053 6043 1097 6082 rc-
1148 6029 1313 6084 exteriomm
1332 6029 1445 6084 selemia
1462 6028 1631 6098 designatum
1651 6045 1699 6100 per
1718 6032 1772 6089 duo
1789 6040 1882 6088 autem
1903 6038 1942 6084 ta
