4509 6850
311 602 365 660 063
656 589 688 645 b.
707 585 835 643 tatuini
853 583 964 641 lllblu
982 580 1143 639 sltcllllil’.
1164 579 1319 640 tlocbn'a.
1338 571 1582 635 desubitatus
1600 569 1621 627 Ι.
1891 570 1945 630 964

311 726 365 773 tur,
378 708 475 765 dmorc
487 699 649 768 mortissed
659 712 775 771 parcens
788 696 906 753 inimicis
919 695 986 760 suis,
1001 707 1037 749 ne
1053 693 1099 748 bo
1111 693 1137 753 Α
1151 692 1264 764 mystice
1284 690 1419 763 signillcat
1441 685 1578 742 fastidium
1599 681 1753 738 luteorum
1767 690 1864 737 contra
1884 692 1946 742 tnr-

311 799 421 855 tuicidio
433 793 607 853 homicidium
614 791 776 863 iungerent;
787 785 831 843 vet
853 786 880 841 in
894 785 964 841 dem
989 783 1100 840 Pascbae
1149 786 1199 841 bas
1210 784 1340 857 gentium,
1358 781 1404 852 qui
1421 779 1455 835 de
1468 792 1560 833 earum
1579 774 1733 845 receptione
1747 788 1856 845 semper
1871 789 1947 833 tnur-

311 906 390 947 suunt
403 888 542 945 interitum
555 882 693 946 differens,
707 880 734 935 iu
748 894 801 949 quo
816 885 926 950 propter
944 890 1099 932 sacramen-
1150 872 1306 935 mutabant,
1321 880 1349 926 et
1372 865 1624 941 magisjudicabanl
1647 880 1695 921 eos
1713 872 1793 935 aplos
1817 880 1893 934 esse,
1917 874 1947 923 ut

311 990 369 1035 tum
386 976 565 1035 immolandus
586 980 629 1027 cst
655 985 751 1040 agnus,
765 975 794 1025 el
819 977 911 1039 postes
932 964 1101 1021 credentium
1150 968 1303 1032 quaerereut
1316 960 1367 1016 sibi
1387 959 1477 1015 cibum
1492 958 1519 1011 in
1534 955 1728 1012 conventiculis
1742 956 1947 1030 baereticorum,

313 1068 443 1140 sanguine
461 1059 644 1134 respergendi.
667 1058 731 1113 stre
752 1057 813 1113 ideo
838 1054 961 1120 recessit,
976 1062 1006 1109 ul
1024 1052 1102 1108 nobis
1151 1051 1208 1107 sire
1222 1049 1530 1121 pseudoprophetarum,
1550 1061 1597 1101 seu
1611 1044 1846 1117 pbilosophorum}
1864 1064 1948 1121 quant

312 1157 444 1228 praeberet
468 1150 618 1222 exemplum
644 1146 760 1202 uimndae
787 1145 858 1200 ultro
885 1143 1049 1200 tradentium
1072 1155 1103 1197 se
1152 1143 1304 1200 divinorum
1332 1139 1462 1196 libro'rum
1493 1145 1635 1193 uterentur
1659 1138 1794 1209 pastione.
1824 1138 1949 1207 Quom

314 1243 490 1301 mulieritatis:
508 1239 571 1314 qpia
586 1254 639 1292 non
655 1251 749 1292 omnes
763 1236 857 1290 eadem
870 1234 1023 1290 constantia
1042 1247 1103 1303 per-
1152 1246 1217 1288 uocc
1228 1239 1255 1286 et
1273 1228 1357 1286 Isaiae
1378 1227 1442 1283 olim
1456 1226 1562 1282 locutus
1575 1226 1613 1282 ait
1634 1244 1641 1280 :
1661 1226 1728 1282 Eece
1754 1238 1845 1299 pentes
1872 1230 1951 1302 qussi

315 1342 439 1393 severant
463 1330 489 1386 ln
504 1329 654 1390 temulentis,
668 1327 713 1397 qui
740 1341 770 1382 se
793 1325 958 1395 torquendos
973 1323 1102 1381 oderunt.
1151 1320 1223 1376 stillo
1246 1318 1388 1386 situle,et
1409 1319 1485 1389 quusi
1509 1327 1668 1371 momentum
1691 1327 1797 1373 stetere
1819 1329 1950 1390 reputate

314 1425 443 1483 Obbane
469 1433 588 1482 causam,
618 1416 708 1471 sciens
742 1414 845 1469 scilicet
862 1428 922 1483 quae
944 1412 1014 1468 mala
1046 1412 1103 1468 suis
1152 1410 1270 1467 sentiit
1284 1410 1348 1465 item
1365 1427 1372 1462 :
1389 1408 1495 1472 Omnes,
1514 1406 1611 1476 inquit,
1625 1417 1713 1478 pentes
1731 1410 1809 1479 quusi
1823 1427 1879 1466 non
1898 1414 1951 1467 sisl

314 1512 494 1570 sectatoribus
505 1507 613 1563 vesania
626 1505 780 1561 ludaeorum
796 1512 824 1560 et
835 1504 974 1576 gentilium
985 1512 1058 1559 essct
1068 1503 1102 1560 il·
1153 1504 1191 1556 sic
1205 1510 1266 1556 sunt
1281 1516 1370 1554 corum
1383 1515 1423 1563 eo,
1436 1508 1460 1552 et
1471 1499 1546 1569 quusi
1565 1497 1675 1552 niltilunt
1688 1510 1711 1552 et
1724 1500 1804 1554 inune
1821 1511 1952 1572 rspmsrae

315 1605 412 1668 latura,
423 1602 484 1657 etin
498 1600 551 1654 alio
561 1598 619 1653 loco
630 1595 848 1669 praecepit:Cum
858 1612 903 1651 uos
910 1596 1038 1666 persecuti
1048 1595 1105 1665 iue-
1154 1601 1214 1647 sunt
1228 1590 1296 1662 ilso.
1313 1588 1368 1660 ιι).
1384 1588 1437 1644 Sed
1452 1587 1594 1651 Dominus,
1612 1589 1658 1657 qui
1679 1588 1771 1644 lutura
1793 1599 1824 1645 ut
1840 1602 1953 1663 praeter-

315 1698 368 1751 rint
375 1696 402 1751 in
410 1696 460 1748 blo
472 1692 585 1753 ciuitate,
600 1684 1105 1760 iugiteinuliont(MotibxsiAElegan-
1155 1683 1193 1739 ila
1218 1681 1303 1746 norit,
1320 1688 1348 1736 et
1369 1679 1413 1734 cui
1425 1679 1515 1735 omnia
1537 1680 1681 1750 praesentia
1696 1688 1771 1746 stunt,
1785 1696 1844 1737 non
1859 1683 1953 1742 inanes

315 1798 473 1858 terquoque
488 1782 652 1853 evangelista
665 1795 718 1836 non
734 1779 861 1851 ait,lugit
874 1777 1001 1833 inlocum
1014 1776 1106 1832 deser·
1156 1772 1343 1837 dimittendas,
1366 1769 1414 1826 sed
1432 1769 1520 1842 magis
1534 1784 1583 1840 per
1602 1769 1674 1841 ipsos
1688 1770 1828 1839 apostolus
1850 1773 1953 1831 coelati

316 1875 559 1942 tum,sedsecesslt,
568 1880 598 1927 ut
607 1878 795 1943 persecutores
801 1867 1107 1938 vitamritmagisquaiu
1157 1865 1218 1921 cibo
1230 1879 1278 1919 eas
1292 1862 1431 1919 satiandas
1445 1861 1575 1917 decreuit.
1591 1859 1666 1917 Unde
1684 1870 1712 1916 ct
1731 1862 1884 1918 subditur:

317 1969 446 2024 timuerit.
468 1965 572 2019 Aliter:
588 1961 758 2032 Postquama
771 1958 871 2015 Judaeis
882 1968 910 2013 et
926 1972 990 2027 rege
1000 1955 1111 2013 lutlao·
1193 1952 1273 2009 desso
1284 1963 1371 2008 sutem
1381 1952 1449 2008 dicit
1463 1953 1522 2006 eis:
1537 1950 1598 2007 llos
1609 1952 1703 2007 bolerd
1714 1967 1822 2008 nurse
1835 1953 1953 2020 ire,dsls

317 2074 376 2113 rum
391 2055 529 2126 prophetae
542 2059 697 2106 truncatum
710 2058 752 2104 est
765 2056 855 2119 caput,
872 2061 902 2103 ac
931 2046 1048 2117 linguam
1073 2058 1106 2100 ac
1120 2036 1144 2096 B
1157 2045 1211 2101 illis
1223 2061 1267 2100 uos
1282 2045 1452 2099 munducare.
1468 2039 1602 2114 (Hieron.)
1618 2041 1753 2100 Provocat
1767 2043 1909 2113 apostulis
1920 2043 1955 2101 ad

316 2161 411 2203 uocem
424 2144 496 2215 apud
508 2158 556 2198 eos
567 2140 685 2212 perdidit
697 2139 849 2211 prophetia,
861 2137 940 2193 lesus
955 2135 1064 2191 transiit
1073 2134 1108 2190 ad
1159 2134 1319 2194 fractionem
1333 2134 1420 2207 panis,
1439 2143 1470 2190 ul
1482 2134 1534 2189 illis
1547 2148 1577 2189 se
1590 2149 1643 2189 non
1658 2134 1760 2191 babere
1779 2136 1954 2204 testantibus,

316 2237 454 2292 desertum
469 2231 598 2287 Ecclesiae
614 2228 714 2294 locum,
731 2243 791 2299 quae
803 2228 890 2282 rirum
908 2235 971 2283 attlc
994 2240 1047 2281 non
1060 2226 1108 2280 ba·
1158 2226 1314 2300 magnitudo
1335 2225 1404 2297 signi
1427 2225 1517 2280 notior
1532 2224 1595 2291 dal;
1611 2224 1691 2280 simul
1705 2225 1867 2291 insinuans,
1884 2227 1955 2299 qaod

318 2327 424 2382 buerat.
1157 2317 1277 2387 quotidie
1289 2332 1338 2387 per
1349 2330 1396 2372 eos
1410 2313 1503 2383 ieiuna
1519 2322 1611 2370 nostra
1624 2323 1686 2370 sunt
1705 2316 1790 2372 eorda
1809 2320 1953 2387 pascenda,

353 2415 388 2469 lte
405 2408 888 2472 eumaudissentturio,secutesunl
907 2422 965 2461 mm
978 2405 1110 2475 pedestres
1158 2406 1357 2462 uidelicetcum
1379 2419 1473 2460 eorsum
1501 2403 1542 2459 uel
1562 2404 1707 2476 exemplis,
1728 2405 1770 2462 rel
1799 2406 1901 2464 litteris
1920 2407 1955 2464 ad

318 2521 351 2558 ue
364 2502 520 2558 ciuitatibus.
537 2500 628 2555 Potest
647 2505 676 2554 ct
699 2497 737 2552 ita
761 2496 858 2566 accipi,
874 2496 945 2565 quod
969 2494 1049 2550 ubam
1074 2496 1110 2552 ob
1160 2499 1275 2555 amanda
1289 2498 1410 2555 coelestia
1431 2498 1605 2554 suscitamur.
1629 2496 1659 2554 Si
1674 2513 1757 2568 quem
1777 2515 1846 2556 rem
1869 2509 1957 2559 mord

318 2609 439 2656 cauum,
453 2591 545 2646 audito
574 2588 687 2644 loannis
708 2586 829 2651 interitu,
843 2586 954 2641 secessit
977 2585 1056 2643 lesus
1082 2587 1110 2643 in
1160 2590 1294 2660 quomodo
1316 2588 1464 2645 secuudum
1475 2588 1660 2645 incusationem
1672 2588 1787 2646 loannis
1804 2590 1958 2663 prospectb

319 2686 457 2740 desertum
470 2683 568 2745 locum,
582 2687 612 2735 ut
625 2677 791 2734 credentium
806 2676 934 2748 probaret
950 2674 1041 2730 iidem.
1056 2674 1109 2731 Dc·
1160 2666 1246 2736 turbis
1265 2678 1401 2750 qumsicrit
1422 2678 1581 2734 Dominusa
1602 2675 1727 2750 Philippo
1753 2687 1869 2735 tentam
1884 2695 1954 2750 eum,

324 2777 406 2847 nique
417 2774 500 2828 turim
512 2783 606 2827 mculoe
620 2779 680 2825 sunl
692 2786 753 2824 eum
767 2769 898 2837 pedestres
906 2767 938 2822 de
949 2766 1109 2835 ciuitatibus,
1161 2768 1232 2826 unde
1248 2769 1301 2825 illis
1321 2784 1390 2825 escae
1409 2769 1467 2824 dari
1482 2768 1584 2840 possint
1595 2768 1687 2843 (doun.
1701 2768 1757 2843 νὼ
1772 2780 1803 2826 et
1823 2771 1957 2841 quomodo

321 2880 375 2922 tion
407 2864 434 2919 in
456 2861 595 2933 iumentis,
623 2875 677 2915 non
704 2860 731 2914 ln
754 2858 869 2914 diversis
887 2856 1037 2923 velniculis,
1063 2857 1111 2912 sed
1161 2862 1251 2917 cmteri
1278 2860 1451 2932 euangelistae
1475 2859 1646 2915 narraverint
1670 2860 1748 2930 prius
1769 2859 1877 2918 dixisse
1905 2862 1955 2919 [lo-

320 2954 430 3025 pruprio
459 2953 552 3009 labore
580 2953 679 3023 pedum
703 2959 733 3007 ul
751 2951 876 3006 ardorem
895 2948 995 3005 meotis
1020 2957 1112 3004 osten·
1161 2952 1235 3007 mino
1257 2950 1419 3021 discipulos,
1450 2959 1479 3005 ut
1504 2949 1652 3006 dimitteret
1680 2950 1798 3019 turbas,
1821 2968 1878 3023 quo
1900 2967 1957 3024 pos·

320 3047 425 3100 dercut.
436 3044 556 3115 illudque
569 3045 716 3098 uottmdum
732 3043 814 3115 quod,
825 3050 968 3114 postquam
981 3041 1111 3098 muninus
1164 3049 1225 3097 sent
1235 3042 1285 3097 sibi
1297 3041 1422 3096 alimenta
1437 3055 1527 3096 cruere
1541 3040 1574 3096 de
1585 3040 1717 3111 proximis
1727 3041 1797 3098 locis
1807 3041 1907 3115 (flore.
1918 3060 1953 3110 τις

320 3138 348 3193 in
363 3138 499 3193 desertum
513 3137 627 3201 venerit,
641 3144 741 3191 secutae
756 3143 821 3191 suut
834 3150 897 3190 eum
913 3134 998 3189 turbae
1009 3133 1110 3198 multae
1162 3132 1227 3187 Luc.
1243 3131 1399 3205 tr),quibus
1410 3131 1455 3187 ille
1466 3131 1604 3203 respondit
1616 3133 1767 3189 secundum
1780 3134 1952 3192 liattbaeam:

322 3244 385 3283 uam
401 3236 546 3297 antequam
559 3226 665 3282 ueniret
692 3226 721 3280 in
744 3224 904 3281 solitudines
928 3225 1059 3296 gentium,
1077 3225 1112 3280 ab
1165 3224 1227 3279 Nou
1238 3224 1332 3279 balent
1347 3241 1447 3279 necesse
1458 3224 1505 3288 ire,
1526 3224 1587 3279 dote
1604 3225 1640 3280 eis
1655 3241 1700 3279 uos
1720 3226 1901 3294 mondscsrs,
1914 3225 1955 3286 ul

321 3328 490 3375 unctantum
503 3318 763 3391 populoeolebatur.
1163 3316 1244 3370 etlam
1268 3314 1375 3370 blancus
1399 3315 1539 3385 lucasque
1561 3315 1747 3379 consentiunt,
1774 3323 1884 3372 tantum
1907 3318 1955 3376 bct

357 3410 390 3464 Et
401 3412 488 3469 exiens
498 3411 562 3465 uidit
581 3409 684 3464 turtum
701 3408 821 3476 multem,
833 3409 987 3464 etutisertus
997 3416 1034 3463 est
1047 3405 1110 3471 illis,
1125 3380 1148 3445 C
1163 3406 1410 3477 praetermittentes,
1423 3405 1495 3477 quod
1511 3405 1567 3472 ait,
1589 3421 1642 3461 non
1668 3405 1765 3463 babent
1790 3422 1894 3464 neresu
1905 3409 1953 3475 ire,

321 3511 345 3555 et
359 3502 458 3555 curauit
471 3500 609 3570 leopoldus
627 3515 727 3554 eorum.
742 3499 771 3553 ln
796 3498 963 3572 Euangelicis
977 3496 1112 3553 sermoni·
1164 3499 1322 3570 intelligitur
1333 3514 1398 3570 crgo
1413 3507 1474 3568 post
1485 3499 1544 3553 hac
1557 3497 1638 3553 verba
1649 3495 1799 3553 Dominum
1814 3499 1955 3570 inspexisse

321 3590 372 3645 bus
395 3603 502 3659 semper
520 3588 616 3642 litterae
634 3587 800 3658 junctuscst
822 3603 919 3643 sensus
943 3587 1064 3658 spiritus,
1084 3592 1113 3639 el
1163 3589 1381 3654 multitudinem,
1403 3597 1432 3644 et
1454 3589 1555 3644 dixisse
1577 3587 1719 3659 Philippo,
1748 3591 1824 3660 quod
1845 3591 1954 3647 loannes

323 3679 453 3749 quidquid
477 3677 565 3748 primo
589 3676 688 3747 frigere
706 3678 813 3732 uidetur
830 3686 957 3748 aspectu,
980 3677 1002 3730 Sl
1019 3677 1114 3748 tetige-
1164 3689 1374 3747 commemorat,
1393 3680 1437 3736 isli
1468 3688 1558 3735 autem
1587 3681 1835 3751 praetermiserunt.
1862 3682 1953 3737 beluas

321 3771 371 3838 ris,
384 3769 462 3826 calet.
478 3769 505 3823 lu
519 3767 578 3823 loco
592 3768 699 3822 deserto
711 3768 926 3833 eratDominus;
939 3776 1039 3821 secutae
1051 3773 1114 3820 suut
1164 3773 1236 3845 quod
1257 3770 1395 3843 Philippus
1407 3770 1477 3842 apud
1489 3768 1620 3825 loannem
1639 3771 1798 3840 apponam,
1819 3772 1872 3828 poe
1891 3771 1952 3827 ηπ.

322 3874 385 3916 eum
397 3857 484 3913 turbae
498 3857 681 3926 relinquentes
693 3855 818 3911 ciuitates
828 3871 904 3920 suas,
918 3855 944 3908 id
955 3862 1007 3918 est,
1019 3853 1113 3924 pristi·
1164 3879 1212 3919 cus
1230 3878 1246 3918 a
1260 3861 1399 3932 discipulis
1414 3875 1572 3930 responsum
1591 3875 1651 3916 esse
1675 3871 1892 3927 commem-22,
1912 3876 1952 3915 ie

322 3963 371 4004 lllts
386 3946 606 4003 conversationes
624 3955 652 4000 el
670 3945 818 4000 larleltlles
836 3943 1001 4016 dogmatum.
1018 3944 1115 4015 figitis·
1165 3953 1223 4009 lens
1247 3952 1358 4025 intelligi
1380 3953 1470 4008 bocci
1484 3966 1533 4007 opo,
1556 3960 1716 4008 caeterorum
1740 3950 1895 4025 Philippum
1915 3968 1952 4007 η.

322 4058 368 4100 sus
380 4057 444 4098 reru
457 4041 537 4097 lesus
555 4039 690 4112 significat
703 4040 774 4110 quod
796 4040 882 4094 turbae
895 4040 1039 4094 habuerint
1054 4038 1114 4109 qui·
1164 4045 1313 4115 spondium,

323 4134 384 4189 dem
402 4132 482 4188 cundi
504 4131 686 4195 uoluntatem,
705 4130 752 4184 sed
773 4129 846 4184 vires
860 4129 1033 4199 perveniendi
1060 4147 1114 4186 non
1200 4134 1396 4206 Responderunt
1408 4135 1452 4190 ei:
1467 4134 1529 4190 Non
1540 4134 1664 4189 tutemus
1678 4135 1732 4190 nisi
1750 4136 1869 4207 quinque
1881 4152 1951 4207 psus

322 4223 483 4289 habuerint;
497 4220 568 4293 ideo
582 4218 708 4274 Salvator
730 4219 868 4291 egreditur
881 4219 915 4274 dc
935 4219 994 4273 laco
1008 4234 1067 4284 suo,
1087 4228 1115 4275 et
1165 4236 1189 4280 et
1214 4227 1280 4280 duos
1293 4226 1385 4296 pisces.
1409 4223 1462 4280 Per
1480 4225 1600 4294 quinque
1620 4239 1706 4293 panes
1726 4225 1910 4295 apostolorum
1928 4233 1951 4280 sl

322 4314 410 4384 pergit
427 4313 550 4375 obuiam,
566 4310 637 4364 sicut
652 4319 681 4362 et
695 4309 721 4361 in
744 4308 795 4361 alia
810 4309 939 4378 parabola
956 4308 1010 4362 lilio
1025 4310 1113 4380 poeni-
1157 4315 1232 4371 duos
1256 4316 1346 4387 pisces
1367 4322 1422 4370 tota
1442 4312 1608 4370 Testamenti
1630 4312 1738 4370 Veteris
1762 4317 1898 4387 scripura
1919 4315 1951 4371 si-

304 4404 387 4503 ‘tenti
410 4401 495 4475 (Luc.
508 4402 576 4471 xu);
595 4399 706 4468 uisaque
722 4398 799 4452 turba
814 4397 969 4464 miseretur,
988 4407 1017 4453 et
1036 4406 1115 4455 curat
1164 4415 1277 4479 gnatur;
1295 4421 1344 4477 per
1365 4406 1484 4477 quinque
1499 4405 1623 4462 riddlcet
1646 4421 1733 4476 panes
1757 4408 1880 4479 quinque
1905 4408 1950 4461 llo

322 4496 463 4567 lstnguorcs
482 4507 587 4559 eorum,
611 4501 641 4549 ul
664 4492 731 4547 tides
753 4491 831 4562 plena
856 4491 949 4546 statim
973 4492 1114 4561 perennium
1165 4497 1245 4552 sainte
1257 4497 1324 4568 legis
1341 4496 1414 4561 libri,
1429 4497 1527 4567 quibus
1539 4496 1637 4551 divium
1650 4497 1817 4555 emunitatis
1830 4497 1948 4571 cognitio,

321 4595 512 4656 consequatur.
1165 4589 1257 4643 mundi
1279 4588 1391 4654 creatio,
1415 4602 1562 4659 procursus
1583 4586 1673 4642 saeculi
1704 4588 1834 4656 labentis,
1850 4600 1879 4646 et
1893 4603 1949 4644 resa

362 4663 470 4747 Vespere
486 4684 574 4728 oulent
585 4672 655 4742 iacto
670 4680 832 4726 accederunt
848 4671 883 4724 ud
910 4686 968 4724 eum
991 4670 1113 4742 discipuli
1166 4681 1221 4734 lieo
1242 4679 1376 4735 serviendi
1389 4677 1493 4748 religio,
1513 4677 1606 4748 generi
1629 4679 1750 4735 humano
1763 4679 1890 4736 inuoluit,
1905 4677 1948 4733 aer

321 4769 389 4840 ejus,
410 4768 523 4821 dicentes
536 4781 545 4819 .·
559 4765 682 4818 Desertus
694 4763 765 4817 loeus
788 4772 836 4827 erl,
857 4771 881 4816 el
901 4762 967 4815 lucro
976 4764 1035 4832 inm
1049 4779 1114 4834 pre·
1128 4739 1152 4799 Ῑ)
1164 4769 1232 4824 duos
1253 4783 1317 4824 uero
1333 4769 1421 4839 pisces
1434 4765 1530 4838 psalmi
1553 4775 1617 4823 suut
1631 4777 1657 4823 el
1677 4770 1821 4839 propbetae
1840 4768 1949 4842 llgrtrsti,

322 4859 408 4921 teriil,·
421 4856 521 4908 dimitte
533 4853 631 4915 turbes,
647 4861 675 4905 ut
687 4861 776 4905 euntes
789 4851 1044 4910 illecelebrantem
1064 4852 1114 4908 sili
1164 4861 1211 4931 qui
1233 4861 1366 4916 eruditum
1381 4861 1407 4914 in
1421 4859 1480 4930 loge
1496 4858 1542 4914 bei
1564 4858 1703 4929 populum,
1728 4858 1766 4915 de
1781 4862 1949 4932 promissione

322 4964 404 5002 esces.
417 4946 513 5020 ania
525 4944 604 5016 plena
616 4945 752 5016 mysteriis
761 4943 953 4998 suntllceedlt
965 4944 998 4999 de
1008 4943 1112 5012 iudana,
1166 4953 1311 5008 bominicae
1321 4950 1515 5006 incarnauonis
1524 4963 1594 5004 nova
1607 4950 1702 5019 gratim
1711 4949 1857 5007 dulcedine
1865 4964 1947 5023 pisos

323 5038 397 5092 vertit
411 5036 438 5089 iu
453 5036 589 5090 desertum
604 5035 708 5098 locum;
724 5041 943 5102 sequunturcum
960 5036 1057 5103 turbae,
1070 5052 1113 5093 re·
1164 5045 1239 5098 bant.
1256 5041 1313 5110 Qua
1328 5042 1399 5096 trina
1416 5040 1563 5112 Scriptum
1576 5054 1661 5096 sacrm
1672 5039 1860 5109 distinctione,
1874 5050 1965 5121 letata¹

323 5130 395 5185 lictis
409 5128 562 5183 ciuitatibus
576 5127 646 5193 suis;
669 5127 807 5197 egreditur
822 5129 855 5181 ad
866 5142 913 5182 cos
925 5126 1013 5192 lesus,
1031 5131 1113 5185 mise-
1166 5136 1272 5192 veteris
1289 5132 1466 5189 lnstrumemi
1488 5133 1586 5189 scriem
1607 5134 1807 5204 comprehendi
1821 5134 1948 5192 ὓοιιιὶιιῑα

324 5218 1111 5286 returturbsc,curallanguidoseorum:elbociacitnon
1163 5226 1323 5281 auctoritate
1347 5225 1486 5281 docemur.
1513 5222 1653 5294 apparens
1678 5223 1755 5281 enirn
1779 5237 1842 5296 post
1866 5240 1948 5283 resut-

323 5326 412 5375 utane,
428 5325 481 5365 non
493 5319 631 5365 crescente
645 5310 698 5374 dic,
719 5324 771 5365 uon
787 5310 908 5376 meridie,
926 5313 973 5368 scd
987 5327 1110 5384 uespere,
1162 5316 1312 5371 rectionem
1322 5311 1472 5382 discipulis,
1484 5311 1522 5367 ait
1536 5313 1666 5368 Domitms
1681 5313 1740 5384 ipsc
1757 5333 1765 5368 ε
1788 5315 1860 5383 Quis
1881 5329 1948 5384 opst·

322 5401 431 5471 siriaudo
445 5398 603 5468 soliustitiae
613 5399 853 5464 secundicerius
864 5401 955 5455 mundi
968 5404 1112 5473 appropio·
1162 5408 1230 5462 tebol
1242 5405 1344 5476 impleri
1361 5405 1449 5459 omnio
1461 5420 1520 5475 quoe
1544 5404 1642 5475 scripto
1656 5406 1762 5461 suntin
1776 5407 1834 5478 lege
1847 5405 1946 5478 tlspds.

322 5493 425 5563 ‹pravit
1162 5509 1185 5552 et
1199 5495 1341 5567 propinetis,
1355 5504 1379 5548 et
1400 5493 1508 5564 psalmis
1531 5493 1565 5548 de
1578 5510 1619 5548 me
1632 5492 1709 5566 (duc.
1734 5496 1826 5569 xxia).
1841 5496 1877 5553 El
1894 5507 1945 5552 un

358 5581 471 5653 (linum)
484 5579 561 5648 Quod
575 5587 665 5635 autem
688 5580 813 5635 caritates
825 5581 913 5636 adbuc
926 5582 1062 5653 discipuli.
1082 5595 1111 5641 et
1162 5586 1267 5656 aperuit
1289 5584 1341 5640 illis
1363 5599 1472 5640 sensum
1497 5594 1528 5638 ut
1549 5584 1733 5656 intelligerent
1750 5586 1907 5660 Scripturas
1923 5591 1948 5639 ct

322 5672 408 5740 ignari
423 5671 456 5726 dc
472 5670 562 5726 loturo
587 5669 742 5725 relectionis
758 5671 898 5735 miraculo,
914 5682 1008 5742 rogant
1025 5676 1110 5730 Deum
1162 5676 1301 5734 intellecta
1323 5675 1500 5746 spiritualiter
1524 5674 1649 5731 fidelibus
1681 5678 1828 5735 traderent
1854 5676 1946 5735 aulo

321 5768 351 5815 ul
365 5760 484 5815 dimittat
498 5761 592 5842 turbas
606 5767 636 5813 ut
650 5768 741 5814 eruant
766 5761 816 5815 sibi
835 5761 911 5817 cibos
924 5777 974 5832 per
988 5764 1108 5831 castella,
1162 5769 1247 5832 ribus,
1263 5766 1341 5836 quasi
1357 5765 1520 5821 benedicens
1534 5763 1649 5836 panibus
1661 5768 1824 5838 apostolicis
1834 5784 1868 5827 se
1877 5765 1949 5840 pisti·

321 5851 438 5905 maxime
451 5851 549 5921 quibus
562 5865 594 5904 co
616 5851 704 5904 adbuc
718 5858 839 5920 tempore
862 5863 1025 5925 praeceptum
1048 5866 1108 5911 est:
1161 5859 1338 5929 bustumque
1366 5857 1478 5912 internae
1502 5856 1644 5912 suauitatis
1664 5859 1738 5915 dono
1763 5861 1948 5932 ntultiplicsus,

320 5937 357 5996 ds
375 5938 444 5996 unns
464 5940 578 6012 gestiunt
594 5956 626 5994 ne
647 5940 748 5994 obirent
762 5939 869 6010 (Metili.
885 5944 928 6015 x),
943 5953 970 5999 et
995 5945 1109 6018 reliqua,
1162 5949 1248 6005 turbis
1271 5947 1409 6019 ‹lispertiui
1426 5947 1562 6019 praecepit.
1580 5948 1652 6004 berte
1668 5965 1734 6007 uero
1748 5951 1827 6023 justa
1839 5953 1949 6021 Etange
