4509 6850
284 633 366 715 ιιιι

836 628 1012 687 COEMENT.
1034 630 1067 687 tt
1085 629 1246 689 otuesttt.
1267 657 1303 673 -
1319 629 1383 687 tttt.
1403 629 1447 685 lh'.

1891 637 1943 693 058

312 760 376 818 gere
389 744 498 802 valebit.
520 744 616 800 Tutrrnt
627 751 717 800 autem
728 759 777 815 per
790 746 977 816 metaphoram
991 759 1102 814 serpen-
1116 753 1140 811 pt
1154 740 1208 796 lata
1230 749 1302 796 sunt.
1318 740 1422 813 Lupum
1446 742 1663 814 sanguinarium,
1686 743 1776 814 qurmn
1803 764 1943 818 voracem,

313 839 348 895 tis
360 847 389 893 et
401 837 501 907 equitis
515 836 642 906 loquitur.
656 836 754 891 Vidcns
766 844 857 892 autem
873 846 928 891 tum
941 835 1038 892 sortem
1053 835 1103 890 Na-

311 945 430 987 rnraeunr
458 937 548 994 tuom,
574 928 645 998 quod
667 937 695 984 et
718 929 775 999 ipse
797 940 907 1001 pmpter
932 932 1102 987 meretricem

309 1117 376 1182 tavi,
390 1117 500 1182 oDeus,
514 1116 600 1186 ipsum
615 1130 675 1171 esse
696 1114 833 1171 Christum
844 1115 941 1170 Filium
954 1127 1038 1171 tuum.
1053 1117 1104 1172 Ve-

306 1223 371 1265 rum
381 1209 445 1279 quia
460 1216 582 1262 mortuus
594 1215 635 1263 est
645 1216 671 1262 et
683 1221 736 1262 non
751 1206 881 1271 surrexit,
896 1217 924 1262 et
939 1222 1045 1261 rursum
1059 1222 1105 1261 ca·

305 1301 400 1371 ptirus
413 1301 511 1357 ductus
523 1307 566 1355 est
577 1300 670 1364 lsrael,
679 1300 749 1355 alius
763 1300 829 1355 milri
841 1299 967 1355 Salvator
979 1299 1069 1354 rutundi
1077 1310 1104 1354 et

306 1392 363 1448 mei
377 1391 486 1462 generis
510 1390 704 1462 praestolandus
723 1401 775 1456 est,
789 1399 817 1445 ut
830 1392 920 1447 veniet
934 1393 977 1447 eui
1001 1392 1103 1455 reposi-

307 1493 367 1538 ιιιιιι
382 1492 446 1539 est:
462 1482 496 1537 Et
510 1483 565 1552 ipse
582 1483 631 1536 erit
646 1485 801 1552 exspectatio
817 1485 942 1553 pestium.

345 1574 408 1631 God
429 1575 561 1630 remeetur
574 1574 739 1644 protrahitur
751 1585 812 1630 aute
827 1592 898 1641 eum,
910 1586 933 1631 et
948 1578 1001 1646 ipae
1014 1577 1103 1631 accin-

308 1677 387 1737 peter
400 1675 553 1721 retrorsum.
569 1665 712 1737 Significat
732 1667 804 1737 quod
830 1676 892 1723 ente
907 1667 1002 1722 Euhen
1021 1676 1048 1723 et
1062 1668 1104 1722 di-

308 1757 424 1813 midiam
441 1757 540 1813 tritum
555 1756 688 1822 iterasse,
701 1760 734 1813 ad
749 1758 818 1814 iiiios
836 1775 905 1829 quos
920 1770 994 1815 trans
1010 1759 1105 1815 iorda-

309 1848 417 1904 nemin
439 1849 636 1919 possessionem
651 1849 799 1914 dimiserat,
815 1860 875 1919 post
901 1850 1104 1921 quatuordeeim

310 1956 399 1996 annos
422 1950 581 2007 revertens,
604 1942 725 2013 praelium
750 1942 893 1998 adversum
915 1959 962 1998 eos
985 1945 1104 2013 gentium

310 2032 462 2088 vicinamm
475 2033 577 2104 grande
592 2034 732 2103 repererit,
748 2042 776 2088 et
787 2034 866 2089 victis
881 2034 1014 2094 hostilius,
1030 2033 1105 2089 lorti-

1155 850 1236 905 super
1250 835 1343 890 alteris
1354 837 1577 907 interpretatione
1600 848 1740 910 ponentes,
1756 852 1783 896 et
1796 843 1944 911 spoliorum

1154 924 1313 979 divisionem
1327 941 1407 996 snper
1418 929 1612 994 sucerdotihns
1624 930 1680 999 qui,
1693 932 1843 987 servientes
1854 932 1943 998 altari,

1154 1014 1248 1068 vivunt
1264 1015 1297 1069 de
1309 1014 1397 1070 altari.
1417 1015 1479 1072 lime
1502 1020 1649 1073 seeundum
1677 1021 1817 1075 historiam
1831 1022 1947 1091 qualiter

1154 1104 1308 1174 accipienda
1320 1107 1384 1171 sint,
1402 1108 1473 1162 dicta
1498 1107 1639 1165 sufficient.
1655 1110 1766 1182 Mystioe
1780 1124 1868 1168 erotem
1878 1129 1947 1185 qua·

1155 1195 1216 1250 liter
1229 1196 1430 1255 benedic-iones
1450 1199 1508 1255 iste
1530 1203 1745 1271 patriarcharum
1767 1205 1947 1277 intelligenda·

1155 1285 1218 1351 sint,
1233 1286 1359 1357 deinceps
1379 1289 1510 1345 dicemus.
1538 1290 1628 1346 Ruhen
1649 1295 1837 1366 primoqerritus
1862 1314 1946 1364 meua,

1154 1384 1207 1432 ete.
1224 1376 1253 1433 ln
1277 1378 1372 1435 liuhan
1401 1383 1500 1451 prioris
1530 1385 1619 1455 populi
1646 1387 1771 1443 videatur
1795 1391 1947 1447 ostendisse
2001 1397 2005 1404 '

1155 1485 1308 1540 personam,
1323 1474 1366 1527 cui
1378 1475 1487 1530 etiamn
1505 1476 1619 1533 Danrino
1639 1494 1688 1548 per
1707 1482 1865 1551 proplietam
1880 1483 1948 1539 dici·

1157 1572 1219 1618 tur:
1240 1563 1324 1619 larue!
1338 1567 1525 1637 primogenitus
1547 1586 1629 1623 meus.
1659 1571 1763 1626 Etenim
1785 1571 1860 1641 juxta
1875 1576 1948 1644 quod

1156 1655 1350 1727 primogenitus
1363 1658 1522 1724 debehatur,
1537 1661 1622 1730 ipsius
1637 1669 1696 1717 eret
1712 1664 1893 1718 saeerdotium
1907 1674 1949 1719 at·

1156 1763 1210 1819 que
1225 1765 1346 1818 regnum.
1374 1750 1507 1806 Additur:
1530 1752 1567 1806 Tu
1580 1755 1661 1809 uir-tue
1680 1771 1748 1820 meo,
1764 1757 1866 1826 utique,
1883 1758 1947 1827 quia

1156 1851 1188 1891 er
1214 1838 1272 1907 ipso
1285 1839 1382 1908 populo
1405 1838 1607 1894 tundamentum
1629 1841 1708 1906 llrlei,
1735 1857 1767 1897 er
1790 1843 1949 1912 ipsovivtus

1157 1927 1215 1993 Dei,
1227 1929 1271 1998 qui
1290 1940 1332 1984 est
1350 1929 1484 1995 Christum,
1496 1932 1612 1986 advenit.
1635 1932 1775 2000 Quomodo
1789 1943 1878 1990 autem
1891 1936 1948 2007 ipse

1157 2021 1192 2075 sit
1207 2022 1368 2091 principium
1391 2023 1523 2088 «lotarum,
1536 2025 1588 2078 nisi
1605 2026 1667 2080 dom
1683 2025 1756 2080 Patri
1772 2027 1827 2081 llum
1839 2043 1946 2099 semper

311 2117 509 2174 wedimicapit,
525 2118 704 2189 Legetibpum
717 2116 780 2174 ipsu
795 2119 867 2175 Naro,
879 2128 906 2175 ρι
921 2119 1103 2191 pap-alimum.
1119 2118 1143 2177 Β
1158 2110 1257 2181 irroget
1269 2111 1404 2179 itrjuriant,
1418 2113 1481 2167 dum
1500 2115 1633 2168 convertit
1655 2116 1688 2168 ad
1701 2132 1762 2170 enm
1787 2117 1897 2172 dorsum
1918 2128 1947 2174 et

311 2222 380 2263 non.

348 2297 520 2370 Erphtholim
526 2317 614 2354 ceruus
621 2301 740 2366 emireus,
748 2312 770 2355 et
777 2301 843 2356 dous
850 2300 953 2373 eloquio
964 2302 1108 2374 pulchritu-

310 2389 394 2456 dr‘nir,
405 2392 462 2446 sive
475 2390 715 2462 lieplrtlrulimeger
725 2391 851 2462 irriguus.
865 2391 1004 2461 Significat
1017 2403 1106 2449 autem

311 2479 385 2549 quod
398 2494 477 2551 aque
490 2480 583 2536 calidae
597 2482 623 2536 iu
638 2482 695 2551 ipsa
709 2491 853 2537 nascantur
872 2482 1021 2547 tribusne
1035 2484 1107 2554 quod

312 2586 396 2641 snper
410 2571 498 2628 lacrum
513 2571 679 2628 Gerresaretlr
693 2572 792 2628 llrrento
810 2572 935 2630 iordanis
949 2575 1049 2646 irrigua
1061 2576 1105 2631 sit.

314 2660 344 2715 lh
353 2661 420 2717 urei
445 2670 534 2717 autem
550 2663 642 2717 volrrut
654 2672 765 2733 propter
778 2663 948 2720 Tiberiadem
961 2681 1021 2734 qum
1042 2667 1108 2737 legis

312 2755 456 2810 videratur
477 2755 576 2810 hahere
599 2756 730 2820 notitiam,
745 2772 838 2827 agrrrm
862 2758 993 2828 irriguum
1008 2766 1036 2813 et
1050 2760 1108 2814 elo·

313 2847 376 2917 quia
391 2846 599 2915 pulchritudinis
612 2847 775 2917 prophetari.
792 2847 893 2903 Cervus
916 2857 1005 2904 antem
1028 2850 1108 2906 eruis·

314 2945 561 3007 sustemporaneas
577 2936 668 3006 irriges
679 2946 708 2991 et
717 2938 887 2995 velocitatem
908 2948 987 2995 terrae
1000 2942 1108 2997 uherio·

314 3031 353 3087 ris
367 3031 496 3085 ostendit.
513 3030 567 3086 Sed
586 3031 682 3087 nrclius
699 3032 720 3085 si
736 3033 770 3086 ad
792 3033 944 3088 doctrinam
959 3032 1108 3090 Salvatoris

314 3126 412 3174 ennete
427 3117 588 3182 referamus,
598 3120 669 3189 quod
681 3121 716 3177 ihi
728 3121 770 3175 vel
781 3123 898 3177 maxime
910 3122 1033 3178 docuerit
1046 3122 1108 3178 Sal-

314 3220 403 3276 rator,
419 3220 450 3265 nt
464 3211 491 3266 iu
502 3211 647 3283 Evangelio
660 3229 767 3283 quoque
788 3215 917 3285 scriptum
932 3225 983 3271 est.

350 3299 439 3356 Filius
453 3319 602 3359 accrescens
616 3304 723 3374 loseph,
739 3304 810 3374 filius
827 3323 986 3371 recrescens,
998 3317 1022 3360 et
1034 3306 1109 3360 dero·

314 3411 359 3450 rur
375 3407 492 3467 repectu.
506 3392 584 3451 Filio
594 3395 771 3452 discurrerunt
787 3414 990 3469 superaturum,
1006 3398 1052 3453 sed
1062 3414 1107 3453 ee-

1159 2215 1211 2255 non
1236 2199 1350 2255 ide-iem?
1369 2200 1422 2255 iste
1437 2203 1510 2272 prior
1525 2203 1552 2256 in
1569 2204 1661 2270 druis,
1682 2206 1744 2275 quia
1763 2206 1829 2277 ipsis
1855 2209 1950 2279 [trinnis

1159 2291 1219 2345 data
1235 2300 1297 2346 suut
1313 2292 1418 2361 eloquia
1437 2292 1493 2357 Dei,
1514 2295 1609 2364 primis
1630 2296 1694 2365 ipsis
1709 2296 1842 2366 legislatio
1859 2309 1886 2357 et
1898 2300 1950 2357 'le

1158 2394 1332 2450 stamentum,
1349 2386 1405 2439 sive
1419 2387 1570 2456 promissio.
1590 2386 1644 2442 lete
1664 2389 1749 2460 niujor
1764 2391 1884 2462 imperio,
1899 2396 1951 2450 uti·

1158 2487 1211 2542 qne
1227 2487 1276 2542 pro
1289 2474 1473 2545 magnitudine
1488 2476 1598 2542 virium,
1613 2479 1676 2548 quia
1694 2480 1830 2550 copiosius
1844 2487 1950 2540 ueteris
2010 2549 2012 2553 ,

1158 2561 1355 2633 ilempopulus
1374 2565 1497 2635 regnarit
1525 2565 1551 2620 in
1575 2567 1626 2622 hoe
1652 2568 1759 2623 suenio.
1775 2570 1882 2627 Eliusus
1909 2582 1952 2629 est

1159 2661 1247 2706 autem
1262 2653 1333 2709 sieut
1349 2669 1418 2724 aqua
1442 2657 1578 2726 peccando
1593 2657 1619 2711 in
1637 2658 1763 2723 Christo,
1786 2662 1864 2730 qnasi
1878 2679 1949 2732 :rqua

1158 2760 1218 2814 qum
1230 2744 1338 2800 vasculo
1360 2761 1412 2801 uon
1436 2756 1552 2812 tenetur,
1563 2748 1708 2821 voluptatis
1719 2751 1820 2807 ellusus
1841 2762 1882 2809 est
1899 2756 1950 2810 im-

1159 2847 1238 2907 petu,
1257 2838 1399 2893 etidcirco
1416 2838 1509 2893 addit:
1527 2838 1602 2894 Ultro
1624 2858 1675 2895 non
1698 2858 1810 2910 crearer,
1824 2845 1887 2914 quia
1900 2863 1950 2917 po-

1158 2929 1237 2999 pulus
1254 2930 1304 2985 iste
1328 2937 1470 3000 postquam
1487 2931 1514 2986 in
1529 2933 1654 2987 universo
1668 2934 1734 2988 orbe
1748 2934 1886 3005 dispersus
1896 2947 1948 3003 cst,

1159 3018 1236 3074 valde
1260 3019 1419 3075 imminutus
1439 3031 1520 3091 atque
1538 3023 1713 3079 alrhreviatus
1728 3034 1779 3080 est.
1796 3024 1849 3081 Sed
1864 3043 1949 3097 quare

1159 3111 1221 3165 talia
1237 3111 1345 3179 meruit,
1359 3112 1395 3166 ita
1407 3112 1542 3181 subjecitr
1558 3114 1627 3181 Quia
1640 3117 1781 3172 necerudirti
1805 3118 1890 3175 cubile
1902 3138 1950 3189 po-

1158 3201 1206 3254 tris
1217 3202 1265 3254 tiri.
1279 3200 1335 3257 Non
1349 3203 1512 3259 sieutludui
1529 3205 1690 3277 intelligunt,
1706 3207 1758 3262 hoe
1778 3209 1891 3278 proinde
1905 3211 1948 3265 di-

1158 3301 1230 3344 ctum
1253 3301 1304 3355 est,
1324 3295 1441 3363 eoquod
1463 3311 1524 3350 eum
1552 3296 1615 3351 Bala
1630 3299 1782 3354 concubina
1804 3302 1949 3369 patrissui

1158 3382 1344 3439 eurrrcrrlurerit.
1365 3383 1509 3455 Prophetis
1531 3387 1603 3443 enim
1626 3388 1716 3446 latina
1740 3394 1949 3461 pronuntiabat,

313 3497 499 3558 seperaverunt
520 3505 580 3543 eum
602 3497 627 3542 et
639 3489 743 3560 jurpoti
765 3501 837 3556 eruut,
850 3492 1047 3560 invideruntque
1068 3491 1106 3544 iili
1121 3464 1143 3526 C
1160 3493 1211 3529 111111
1228 3477 1950 3552 111111[11111111811911195091111111-111111111111θί1111·

314 3577 437 3633 patema
444 3578 548 3649 jacula,
566 3578 640 3635 septe
655 3580 682 3633 f„
694 3580 757 3650 [⁰⁸¹¹
772 3581 925 3652 premij
940 3591 965 3636 ep
977 3581 1106 3638 gemtum
1159 3569 1250 3623 rrrrutio
1265 3571 1334 3624 rtohis
1351 3587 1409 3642 qum
1424 3581 1532 3625 uenturo
1551 3584 1611 3627 eunt
1625 3576 1771 3631 nouissimis
1789 3579 1896 3643 diebus:
1922 3590 1950 3636 ct

312 3681 373 3726 ,nm
384 3671 490 3726 tempta
506 3672 670 3727 praelusorum
690 3682 714 3727 ep
728 3689 852 3728 manuum
867 3673 935 3744 epm,
947 3690 994 3745 per
1013 3691 1106 3728 manu,
1159 3661 1219 3717 ideo
1232 3663 1258 3716 in
1270 3663 1407 3731 praeterito
1426 3679 1479 3718 non
1492 3673 1534 3719 est
1547 3664 1718 3721 referendum
1731 3669 1804 3738 quod
1824 3670 1868 3726 ille
1878 3669 1950 3726 lutu-

311 3762 423 3833 ppremt,
435 3761 529 3817 Jacob,
545 3761 612 3818 pute
632 3773 722 3833 pueros
733 3782 850 3834 effrem,
864 3775 912 3832 ep,
926 3765 993 3836 1⁰95,
1011 3765 1103 3820 umet,
1159 3768 1218 3807 rum
1233 3754 1366 3822 praedixit.
1388 3754 1555 3811 Praedieahat
1567 3758 1639 3811 enim
1661 3757 1765 3814 Donrirri
1784 3762 1948 3829 passionem,

312 3851 458 3922 Oloseph,
473 3854 518 3924 qui
541 3854 600 3908 idco
613 3856 652 3910 sie.
666 3857 784 3922 vocaris,
800 3856 861 3925 quia
876 3856 987 3911 adauxit
1000 3866 1025 3912 te
1041 3857 1105 3911 mihi
1158 3847 1949 3921 11[11111108111111391011311111111111ι11111118111111111111111

313 3943 460 4010 Dominus,
480 3946 537 4000 sive
548 3948 610 4016 quia
628 3947 698 4002 inter
713 3948 809 4003 iratres
827 3956 887 4003 tuos
900 3949 987 4019 major
1001 3948 1106 4004 lotrrrus
1158 3938 1205 3993 1111
1221 3939 1319 4005 Pullis»
1341 3951 1369 3996 θῑ
1388 3942 1663 3998 111101111118111111111
1682 3945 1750 4012 ejus,
1762 3948 1869 4016 quando
1888 3963 1949 4002 tor·

312 4046 343 4090 es
360 4033 520 4107 (tordssima
534 4036 667 4104 siquidem
683 4039 768 4094 trihus
793 4039 842 4094 luit
864 4040 1008 4110 Ephraim,
1025 4052 1054 4095 ιιι
1079 4042 1105 4095 in
1158 4046 1208 4101 pus
1221 4032 1340 4100 Domini,
1355 4035 1382 4089 i¹¹
1397 4035 1602 4104 (Ι11θι11θ111111ι10
1625 4037 1773 4093 divinitatis
1794 4039 1947 4108 requiesce·

313 4126 467 4199 Regnorum
479 4137 507 4182 et
521 4127 743 4198 Parrotipomenoo
766 4130 842 4186 lituis
856 4130 999 4202 legirnrrs);
1021 4147 1047 4197 ο,
1068 4133 1106 4186 ιιι-
1159 4126 1214 4188 tat,
1229 4135 1334 4196 ruptum
1354 4128 1381 4180 iu
1405 4144 1485 4181 cruce
1500 4128 1650 4197 suspendit,
1666 4138 1689 4182 et
1705 4128 1777 4183 ferro
1791 4145 1947 4185 cammaro-

313 4234 408 4289 quam,·
418 4218 454 4273 fili
476 4219 513 4273 mi
531 4218 641 4291 Joscplr,
655 4221 701 4290 qui
716 4230 770 4275 tam
793 4222 904 4292 pulcher
916 4236 957 4286 es,
971 4231 999 4275 nt
1012 4231 1036 4277 te
1049 4231 1103 4278 tota
1159 4216 1234 4272 lavit.
1247 4216 1312 4271 Post
1333 4217 1390 4272 lime
1405 4219 1573 4273 convertitur
1593 4219 1627 4274 ad
1641 4219 1752 4275 Simeon
1772 4231 1799 4276 et
1814 4220 1890 4284 Levi,
1907 4222 1946 4277 di-

312 4310 348 4367 de
360 4311 445 4366 moris
457 4319 486 4365 et
497 4312 617 4367 turrihus
631 4328 662 4367 ac
676 4311 802 4368 fenestris
823 4312 972 4383 puellarnrrr
998 4311 1106 4384 [Egypti
1158 4323 1223 4364 cens
1237 4327 1243 4361 :

313 4403 392 4459 turba
402 4403 558 4472 prospiciat,
571 4403 723 4459 inviderunt
735 4406 795 4471 tihi,
810 4413 837 4460 et
853 4413 878 4460 te
892 4405 925 4459 ad
939 4404 1106 4461 iracundiam
1195 4397 1302 4454 Simeon
1315 4408 1338 4452 et
1352 4397 1412 4452 Leti
1432 4398 1545 4468 iratres,
1569 4417 1631 4455 uuae
1646 4402 1791 4471 iniquitatis
1815 4401 1948 4459 odlando.

313 4501 528 4563 provomverunt
550 4493 648 4551 iratres
664 4495 714 4561 tui,
727 4495 857 4550 hahentes
871 4495 963 4550 livoris
984 4496 1106 4566 sagittas,
1159 4490 1211 4545 Per
1224 4489 1334 4545 Simeon
1356 4499 1384 4545 et
1403 4491 1485 4557 Levi,
1501 4492 1603 4547 Scrihm
1625 4501 1653 4546 et
1675 4495 1831 4549 sacerdotes
1844 4492 1950 4552 irrrlaici

313 4585 403 4639 etzeli
417 4583 517 4654 juerrlis
530 4586 673 4641 uulnerati.
694 4587 792 4642 Verum
815 4596 841 4641 tu
869 4603 962 4642 areum
982 4596 1057 4642 tuum
1080 4596 1108 4643 et
1158 4581 1247 4652 populi
1267 4580 1462 4652 intelliguntur·
1481 4583 1517 4636 De
1531 4581 1657 4637 Stultuue
1670 4583 1742 4638 enim
1755 4593 1834 4639 erunt
1848 4584 1949 4641 Serius·

312 4690 389 4730 artua
403 4676 542 4747 pugnandi
564 4677 679 4747 posuisti
693 4677 719 4732 in
736 4679 811 4743 lieo,
836 4679 881 4748 qui
897 4677 974 4734 lortis
987 4688 1030 4734 est
1041 4695 1105 4750 pro·
1158 4675 1328 4741 Judmorum3
1344 4675 1459 4731 detribu
1472 4675 1605 4731 veroLevi
1617 4677 1751 4747 principes
1765 4678 1947 4745 sacerdotum,

311 4775 457 4838 pugnator,
468 4775 497 4821 et
509 4767 614 4823 vincola
635 4767 789 4838 tuaquihus
806 4776 831 4823 te
844 4767 943 4825 iratres
957 4769 1106 4841 ligaverant
1159 4769 1192 4823 de
1206 4768 1303 4838 quilms
1325 4768 1453 4836 scriptum
1476 4774 1517 4822 est
1538 4768 1601 4838 quia
1623 4768 1761 4823 carradium
1782 4769 1898 4839 iecerunt
1921 4782 1949 4825 ut

312 4855 348 4910 alt
359 4854 419 4926 ipso
432 4854 519 4911 soluta
530 4865 594 4912 sunt
605 4866 631 4912 et
643 4857 775 4926 disrupta,
790 4866 820 4912 ut
831 4874 863 4913 ea
881 4871 927 4912 tuo
939 4859 1043 4914 semine
1057 4859 1105 4914 tri·
1158 4857 1249 4913 lesum
1263 4857 1341 4910 morti
1351 4856 1481 4910 truderent
1506 4855 1613 4928 (lluttlr.
1630 4856 1715 4929 xxvi).
1740 4859 1779 4913 [te
1793 4874 1848 4926 quo
1860 4859 1949 4915 eonsi-

311 4946 364 5001 hus
379 4955 509 5001 nascatur
522 4947 649 5017 Ephraim
662 4946 740 5002 lortis
750 4956 778 5004 et
791 4948 905 5015 stabilis,
921 4958 948 5005 et
963 4950 1050 5005 instar
1063 4951 1103 5004 la·
1158 4948 1195 5002 lio
1210 4947 1260 5002 iste
1274 4946 1438 5017 patriarcha,
1450 4947 1496 5016 qui
1503 4944 1561 5014 jem
1577 4956 1666 5002 mente
1677 4948 1785 5002 videbat
1798 4948 1893 5016 ileum,
1908 4950 1949 5004 di-

312 5035 382 5105 pidis
397 5036 515 5093 ciurioris
533 5037 643 5102 int'ieta,
658 5038 792 5109 imperans
813 5054 921 5110 quoqne
937 5041 1030 5095 decem
1053 5041 1103 5095 tri·
1158 5041 1214 5096 cit:
1232 5039 1267 5094 lu
1277 5038 1415 5093 carradium
1440 5054 1530 5092 eorum
1550 5055 1602 5091 uon
1618 5040 1702 5092 reniet
1717 5040 1806 5093 orrhuo
1821 5057 1896 5106 meu,
1921 5049 1950 5096 et

312 5124 504 5182 huhuslsrael.
1157 5130 1271 5200 reliqua.
1298 5130 1431 5186 llorrehat
1453 5130 1525 5184 enim
1547 5128 1604 5198 iam
1632 5130 1677 5185 illo
1702 5139 1822 5202 terrrpore
1839 5140 1949 5187 sanetus

345 5217 488 5288 Beniamin
498 5219 576 5289 lupius
590 5237 694 5291 rupae,
716 5239 792 5278 mune
807 5224 921 5278 consedet
939 5227 1102 5293 praeclamet
1158 5224 1208 5280 iste
1223 5223 1378 5294 patriarcha
1393 5222 1486 5278 videre
1511 5230 1647 5278 mutorum
1668 5224 1800 5280 scelerum
1824 5224 1947 5289 consiliu,

311 5324 415 5380 uespere
429 5307 524 5363 diridet
538 5309 633 5380 apelia.
656 5311 815 5382 Quanquam
834 5313 868 5368 de
884 5312 969 5369 Paulo
980 5313 1104 5384 apostolo
1156 5330 1216 5385 quse
1227 5315 1253 5369 in
1269 5314 1423 5369 novissimis
1437 5313 1604 5383 temporibus
1628 5312 1725 5370 lecturi
1748 5322 1826 5367 erant
1850 5311 1946 5368 tuder.
2043 5360 2046 5364 .

311 5398 535 5454 manifestissima
550 5401 585 5456 sit
599 5403 749 5472 prophetia,
762 5403 888 5459 omnihus
899 5412 974 5473 patet
986 5404 1057 5473 quod
1076 5404 1103 5458 in
1157 5402 1307 5474 Sequitur:
1323 5401 1392 5468 Quia
1415 5402 1442 5455 iu
1463 5402 1553 5470 surore
1567 5420 1614 5458 suo
1635 5404 1784 5458 occiderunt
1801 5403 1901 5465 uirum,
1921 5402 1948 5457 id

312 5490 492 5547 adolescentia
503 5504 664 5562 persecutus
673 5493 833 5560 Ecclesiam,
845 5493 872 5547 in
886 5503 1023 5550 senectute
1037 5509 1106 5565 prae-
1156 5504 1217 5559 est,
1241 5493 1396 5557 Christum,
1420 5493 1497 5563 juxta
1520 5494 1593 5562 quod
1625 5493 1709 5548 isaias
1728 5493 1766 5546 ait
1783 5490 1856 5564 (leo.
1884 5506 1947 5558 ιιι;

310 5582 416 5639 dicator
429 5582 568 5655 Evangelii
584 5583 674 5640 luerit.
698 5584 804 5639 Hebraei
831 5593 920 5639 temen
943 5585 981 5639 ita
1001 5584 1104 5639 edisse·
1158 5586 1222 5657 Sep.
1236 5586 1266 5656 ιι)
1281 5600 1288 5639 :
1311 5583 1354 5639 ιω
1367 5585 1462 5638 anirum
1484 5585 1683 5655 ipsorumque
1696 5582 1818 5654 capitulio
1829 5583 1946 5653 ipsorum

310 5681 374 5728 runt
389 5693 395 5729 :
411 5673 506 5731 ditare
528 5675 556 5729 in
578 5690 632 5745 quo
656 5675 864 5731 immolabantur
880 5675 987 5739 hostie,
1016 5682 1043 5729 et
1064 5673 1105 5728 vi·
1157 5677 1296 5732 eonsilium
1322 5675 1472 5742 ariolorum,
1498 5675 1634 5729 adeersum
1650 5691 1678 5729 re
1691 5673 1826 5729 dicenter:
1846 5672 1941 5743 dilige·

310 5765 456 5820 etimemm
482 5767 593 5837 sanguis
610 5767 643 5821 ad
667 5767 759 5822 irasem
781 5765 854 5821 illius
875 5765 1052 5831 illudebatur,
1077 5766 1104 5821 in
1156 5787 1215 5824 roua
1219 5769 1333 5841 jurtrrm,
1347 5770 1410 5841 quio
1421 5769 1522 5825 inutilis
1532 5777 1569 5823 est
1584 5767 1668 5821 uehis.

309 5863 388 5926 parte
402 5856 488 5911 trihus
501 5855 641 5926 Berrjanrin
665 5857 724 5911 luit.
751 5856 819 5922 lloc,
833 5855 969 5926 inquiunt,
984 5871 1049 5929 ergo
1068 5859 1106 5914 si·
1195 5861 1227 5916 Et
1242 5861 1269 5916 in
1284 5861 1373 5916 dolore
1383 5879 1431 5917 ruo
1448 5860 1612 5929 ertffoderuut
1623 5874 1739 5922 murum,
1754 5856 1864 5928 quando
1888 5854 1945 5910 larr-

308 5943 424 6017 gnificat
435 5947 506 6017 qnod
520 5949 675 6003 sacerdotes
689 5947 830 6005 immolant
850 5963 930 6005 niune
943 5949 1057 6015 hostias,
1070 5950 1105 6004 ad
1157 5968 1205 6008 eea
1219 5952 1397 6009 consederunt
1412 5952 1475 6006 illud
1487 5951 1627 6022 spirituale
1640 5959 1669 6005 et
1690 5949 1866 6006 fortissimum
1882 5964 1946 6019 pro·

310 6050 453 6109 vesperam
465 6038 587 6095 dividant
599 6055 632 6095 ea
646 6055 705 6111 qum
718 6039 769 6097 sihi
790 6040 917 6112 apopulo
928 6057 962 6098 ex
978 6043 1035 6115 lego
1049 6043 1105 6100 col-
1157 6045 1335 6116 prrgrmculum
1360 6046 1431 6114 quol
1450 6042 1568 6098 custodit
1589 6041 1681 6098 lsrael.
1699 6040 1855 6098 ldolrdictur
1870 6040 1947 6110 [uror
