4509 6850
275 685 327 745 889

745 685 922 745 comeus.
941 687 974 783 m
992 658 1211 749 sarlatensi.
1233 695 1350 751 -rm
1371 694 1412 751 m.
1497 716 1499 719 ·

1858 702 1910 760 tto

275 811 371 857 tartare
384 799 524 866 votrrtsset,
534 800 652 873 aecipse
664 813 761 871 capere
771 802 886 860 mundus
896 804 998 873 posset.
1013 801 1066 858 Sed
1079 805 1210 874 Aphaeae
1223 806 1305 861 etiam
1317 806 1450 877 cleophas
1462 810 1549 889 dictus
1561 817 1613 877 est,
1625 810 1667 867 rel
1682 811 1740 883 ipsa
1751 812 1848 883 llario,
1864 820 1909 874 de·

273 900 301 945 et
316 889 397 944 artabo
412 904 484 957 saepe
502 904 623 944 seorsum
638 898 665 944 et
674 889 703 944 in
721 892 991 952 nvontemaDoinino
1004 892 1066 949 duci
1116 891 1209 948 iuncto
1239 902 1300 964 post
1334 906 1426 953 natum
1455 897 1585 958 iacobum
1618 900 1751 971 hiphaao,
1786 904 1911 976 cleophas

274 990 303 1035 ct
326 978 472 1048 aliquando
501 990 598 1033 sottum
623 981 656 1035 de
671 980 742 1035 nahe
761 979 907 1037 terrificum
926 982 1067 1052 percipere
1116 984 1216 1054 nupsit.
1229 984 1278 1040 Cui
1294 984 1448 1043 Simeonem
1461 989 1545 1045 lilium
1564 994 1700 1062 genuisse,
1713 1011 1831 1068 eumque
1843 1015 1910 1054 con·

275 1082 453 1127 raserucrunt:
479 1068 530 1126 llic
554 1082 592 1126 cat
615 1070 702 1127 Filius
727 1090 799 1128 meus
821 1073 942 1128 dilectus.
973 1072 1066 1129 Prisca

275 1178 383 1232 qnoque
410 1163 520 1218 nomina
542 1163 644 1218 meritis
659 1164 799 1234 aptissima
813 1174 953 1236 gestarunt
966 1184 972 1220 :
985 1165 1066 1221 laco-

275 1253 415 1308 basanim
439 1251 635 1321 supplantator,
654 1250 771 1306 loannes
788 1255 815 1307 in
842 1271 893 1325 quo
918 1265 955 1308 est
980 1256 1067 1325 pratia

275 1344 319 1398 rel
333 1341 439 1397 Domini
450 1343 537 1411 qratia
547 1342 644 1396 dicitur
659 1360 665 1395 :
682 1356 744 1396 nam
757 1343 803 1414 ille
817 1352 845 1397 et
854 1339 946 1398 carnis
960 1359 1066 1411 curam,

276 1435 391 1490 Domino
420 1442 544 1494 vocante,
573 1433 758 1504 supplantare,
781 1443 809 1487 et
832 1434 917 1503 ipsam
944 1433 1068 1499 carnem,

276 1527 382 1582 Herode
410 1526 571 1585 trucidante,
596 1525 705 1595 gavisus
727 1534 770 1580 est
791 1537 983 1591 contemnere;
1015 1527 1067 1582 iste

276 1619 312 1673 oh
331 1617 431 1671 artioris
455 1616 583 1686 precipui
598 1616 724 1685 gratiam,
739 1631 819 1685 quam
839 1616 963 1687 virginali
981 1616 1066 1687 gloria

275 1715 424 1772 renouarat,
447 1722 528 1776 super
554 1706 742 1774 Dedeavptoris
765 1707 806 1762 sui
828 1714 921 1777 pectus
942 1707 968 1761 in
988 1721 1067 1762 coeaa

275 1800 411 1854 recubuit.
895 1809 897 1812 ·

314 1906 451 1978 Philippus
464 1915 487 1960 et
500 1904 721 1961 Bartholomaeus.
737 1904 875 1977 Philippus
894 1924 923 1961 os
937 1906 1066 1976 lampadis

275 1998 484 2066 interpretatur,
508 2005 537 2050 et
559 2007 653 2050 recte:
681 1998 745 2067 qaia
769 2007 880 2053 vocatus
902 2014 918 2052 a
942 1999 1065 2065 Domino,

274 2102 339 2142 aros
367 2087 476 2141 invento
503 2084 664 2142 Nathanaeli
689 2087 779 2143 lumen
816 2089 888 2157 quod
913 2099 1063 2159 agnoverat

1117 1075 1257 1131 sobrinum
1287 1079 1391 1134 Domini
1415 1082 1598 1150 existentem,
1625 1101 1657 1140 eo
1683 1089 1755 1157 qaod
1778 1090 1910 1162 Cleophas

1116 1164 1202 1222 irater
1228 1167 1310 1222 luerit
1334 1168 1446 1240 loseph,
1474 1172 1667 1246 Hierosolyma
1694 1188 1755 1246 post
1778 1177 1908 1236 iacolmm

1116 1259 1220 1314 rasisse
1234 1259 1392 1325 Ecclesiam,
1407 1264 1519 1319 historia
1532 1268 1716 1322 ecclesiastica
1731 1271 1812 1324 tradit
1828 1288 1835 1301 ·
1852 1272 1909 1327 sive

1117 1348 1162 1403 hic
1172 1351 1308 1419 apostolus
1318 1351 1423 1418 Simon,
1434 1337 1481 1409 seu
1493 1357 1605 1425 quilihet
1616 1358 1685 1412 alius
1697 1358 1806 1420 Simeon
1816 1359 1906 1416 luerit.

1118 1437 1194 1507 erod
1206 1457 1270 1496 vero
1283 1441 1400 1499 iacchus
1413 1446 1509 1500 merito
1523 1445 1594 1501 lilius
1608 1448 1722 1518 Alphei,
1736 1450 1761 1504 id
1775 1461 1817 1505 est
1827 1453 1906 1515 docti,

1118 1535 1153 1589 sit
1167 1538 1373 1609 cognominatps
1397 1540 1446 1609 ipsi
1474 1550 1608 1597 testantur
1623 1545 1755 1613 apostoli,
1771 1546 1818 1616 qui
1847 1562 1906 1601 eum

1117 1636 1178 1694 post
1212 1628 1317 1702 Domini
1343 1631 1496 1699 passionem
1534 1634 1626 1688 statim
1662 1634 1908 1707 Hierosolymorum

1118 1716 1313 1773 ordinaverunt
1323 1720 1480 1791 episcopam
1495 1724 1557 1792 qnia
1570 1734 1598 1779 et
1610 1735 1673 1780 ante
1687 1728 1827 1798 sanguinis
1841 1725 1908 1781 edn-

1118 1806 1222 1862 sionem
1240 1824 1320 1864 verns
1342 1812 1422 1865 etiam
1442 1813 1499 1882 ipse
1516 1816 1633 1870 carnaiis
1646 1818 1773 1872 desiderii
1788 1819 1824 1873 sit
1841 1835 1907 1889 sap·

1117 1897 1270 1967 piammon,
1283 1909 1399 1956 testatur
1413 1901 1588 1975 hegesippus.
1607 1908 1710 1962 vicinus
1725 1910 1909 1984 apostoloruum

1118 1996 1270 2060 tearporum
1294 1992 1448 2049 historicus.
1476 1996 1643 2067 «Suscepit,
1660 1999 1793 2069 inquiens,
1818 1999 1927 2055 Eccle-

1118 2080 1186 2133 siam
1200 2081 1391 2154 tlterosotymae
1406 2095 1467 2153 post
1489 2089 1626 2156 apostolos
1641 2088 1726 2143 irater
1740 2089 1846 2148 Domini
1864 2089 1910 2146 Ja-

273 2177 443 2249 praedlcarit‚
455 2177 567 2232 dicens:
585 2176 667 2242 Quem
687 2178 789 2247 scripsit
803 2176 907 2247 dlopses
925 2179 952 2231 in
974 2176 1029 2247 lege
1042 2187 1066 2231 et
1080 2166 1104 2226 B
1117 2170 1210 2235 cobus,
1220 2184 1398 2240 cognomento
1415 2174 1516 2231 iustus.
1530 2177 1604 2233 hiulti
1614 2180 1722 2248 quidem
1740 2178 1834 2241 iacobi
1858 2196 1907 2238 vo-

272 2269 415 2340 propheta,
440 2268 582 2323 invenimus
600 2266 704 2332 deseos,
725 2267 811 2338 filium
835 2250 959 2339 Ioseplro
974 2268 1066 2323 Naso·
1116 2262 1263 2327 cahantar,
1279 2266 1323 2320 hic
1346 2266 1553 2347 isarapopo'aprop
1569 2281 1678 2327 sanctus
1693 2282 1805 2328 vocatus
1830 2271 1881 2328 luit
1901 2291 1906 2330 ι

274 2361 331 2415 roth
351 2360 441 2431 (ioan.
458 2360 490 2431 t),
510 2368 537 2415 et
561 2369 622 2429 post
639 2360 747 2415 modam
766 2359 837 2430 quod
856 2375 885 2415 se
907 2361 940 2414 de
964 2360 1065 2415 lumine
1115 2355 1207 2408 vinam
1221 2363 1248 2410 et
1261 2356 1374 2411 siceram
1389 2374 1441 2413 non
1453 2359 1529 2425 hibit,
1543 2376 1651 2417 carnem
1666 2363 1766 2417 trullam
1779 2364 1897 2420 conredit

272 2452 366 2507 minus
387 2453 456 2507 scire
475 2454 619 2519 sentiebat,
630 2452 786 2525 suppliciter
797 2454 931 2522 quesivit,
944 2451 1064 2517 Domine,
1115 2459 1253 2514 nimquam
1269 2455 1393 2502 ssll⁰¹¹S¹¹⁸
1408 2456 1459 2511 ⁰⁸¹,
1480 2465 1566 2519 neque
1585 2460 1684 2506 tinctus
1695 2460 1737 2506 θδῑ
1759 2459 1899 2523 unguendi

273 2546 412 2615 inquiens,
425 2544 795 2615 0512n40p01f0m‚555uffi011
806 2546 878 2600 nott,
892 2545 983 2618 (toan,
996 2544 1063 2617 m),
1115 2550 1203 2605 neque
1215 2552 1279 2591 usus
1293 2548 1334 2591 est
1356 2537 1461 2592 balneo.
1484 2537 1553 2595 lluie
1565 2541 1614 2596 soli
1639 2552 1694 2596 tum
1718 2541 1778 2614 [soli
1791 2542 1907 2618 licitum}

273 2637 491 2694 Bartholomaeus
505 2639 603 2710 Syram
616 2650 667 2704 est,
693 2655 747 2694 non
768 2633 1065 2703 llehrmum,'ctintev·
1115 2632 1175 2678 ⁰¹³²
1201 2626 1303 2694 iflssissdi
1322 2636 1415 2681 Sinchi
1446 2640 1612 2716 ⁸³ss⁰²⁰i¹¹¹132
1635 2632 1767 2701 Siquidem
1787 2633 1919 2709 testibus,

273 2736 399 2799 pretatur
407 2728 479 2798 filius
488 2728 669 2799 suspendentis
681 2745 775 2798 oqrtas,
790 2729 840 2783 hoc
859 2737 911 2793 cst,
924 2728 1006 2784 Filius
1017 2728 1064 2784 Dei
1115 2715 1200 2772 lineis
1215 2733 1267 2773 ⁰01¹
1283 2718 1418 2783 mittitur,
1436 2722 1483 2775 ⁸01¹
1496 2721 1584 2783 lineis·
1599 2723 1725 2794 solus(1¹¹3
1738 2725 1909 2795 ingrediebi·

273 2817 321 2887 qpt
345 2819 550 2888 praeqoeromm
570 2835 680 2874 suorum
697 2829 800 2874 memes
821 2820 854 2873 ad
869 2819 1066 2893 coetesqaucon.
1115 2813 1161 2859 tar
1171 2807 1198 2860 in
1213 2805 1352 2877 templum,
1366 2817 1393 2862 ct
1407 2808 1468 2863 tisis
1482 2811 1595 2881 genihas
1605 2827 1658 2881 pro
1670 2812 1769 2884 populo
1780 2814 1908 2884 depreca-

271 2908 428 2979 templanda
439 2910 593 2979 suspendit,
607 2917 636 2964 ut
647 2925 700 2979 qno
712 2909 785 2965 celsa
795 2909 1064 2978 liheriuspervolant,
1115 2898 1196 2952 hatnr
1208 2899 1234 2953 5¹¹
1254 2908 1370 2965 lanium,
1385 2909 1415 2955 1¹²
1431 2903 1596 2959 0³¹¹¹⁰¹⁰t¹1¹1¹
1620 2905 1746 2961 dulmen}
1770 2905 1830 2975 elus
1851 2915 1907 2963 m·

272 3011 311 3053 eo
334 3007 502 3054 terrenorum
530 3000 611 3053 corda
645 3000 762 3055 feracius
790 3000 924 3054 dictorum
954 3014 1065 3054 suorum
1115 2990 1286 3061 xissegentta
1303 2992 1514 3047 crederemini.)
1540 2993 1673 3067 (llicron.)
1690 2997 1905 3054 Thaddaeusau·

273 3088 360 3157 guttis
387 3088 531 3144 inebrient,
561 3089 638 3144 unde
661 3090 730 3144 bene
758 3088 864 3159 Moyses
886 3090 919 3144 qe
944 3089 1065 3145 Ecclesia
1115 3088 1169 3136 tem
1187 3082 1332 3149 apostolus,
1344 3083 1390 3152 qui
1402 3083 1435 3136 ah
1449 3086 1614 3155 evangelista
1627 3082 1700 3142 Luca
1715 3085 1798 3145 ludas
1810 3088 1905 3148 Jacohi

272 3178 389 3249 mystice
402 3179 539 3234 disserens
553 3179 610 3233 ait:
628 3178 697 3244 Quia
716 3196 768 3233 non
781 3191 819 3236 esi
837 3190 919 3245 serra,
932 3181 968 3233 ad
986 3196 1065 3251 paam
1115 3171 1215 3227 dicitur
1233 3182 1259 3227 et
1273 3173 1336 3227 alihi
1351 3173 1501 3244 appellatur
1518 3175 1645 3242 Lihheus,
1658 3179 1729 3248 quod
1743 3177 1905 3251 iuterpreta-

270 3268 442 3337 ingredimini
464 3270 660 3340 possidendam,
683 3269 776 3323 sirnilis
795 3279 872 3325 terrae
892 3270 1012 3341 AEgppri‚
1033 3271 1065 3325 de
1116 3272 1161 3317 tur
1173 3264 1304 3330 corculus,
1324 3266 1350 3321 id
1364 3275 1404 3321 cst
1417 3267 1506 3321 cordis
1519 3268 1616 3332 cultor,
1636 3270 1854 3341 credendumque
1864 3278 1907 3328 est

269 3374 326 3430 qua
348 3360 455 3426 existis,
484 3360 528 3414 ribi
550 3361 624 3430 jacto
646 3362 744 3415 gemine
762 3361 789 3416 in
805 3363 942 3416 hortorum
965 3380 1064 3418 morem
1114 3366 1177 3407 eum
1205 3354 1288 3409 luisse
1308 3359 1467 3432 τριῶνιιμοιι,
1502 3356 1572 3412 sicut
1594 3356 1687 3413 Sinton
1704 3357 1800 3415 Pelius
1813 3369 1841 3415 El
1854 3357 1901 3415 liiii

270 3466 349 3520 aqnoe
374 3452 507 3505 ducuntur
519 3453 636 3522 irriguae,
654 3453 699 3507 ped
713 3453 744 3508 dg
762 3453 826 3508 goelo
844 3453 945 3524 plupp'pg
970 3472 1073 3524 puppes
1115 3442 1402 3516 zebssilaelssoalielsslis
1415 3461 1449 3502 ex
1464 3447 1592 3503 llrtttitale
1605 3451 1827 3530 Dimagliiludille
1843 3451 1906 3509 [idei

270 3540 1061 3615 ειιιιιι,ιιιιαιιι1)ιιιιιιιιιιιἰιιιιὶιοιιιιιίιιιιιροιι(οιιιι.ιιι.
1077 3519 1100 3579 C
1117 3540 1247 3594 nominati
1260 3549 1333 3595 sunt.
1347 3541 1411 3595 Erat
1422 3543 1494 3597 cnim
1516 3542 1600 3599 irater
1615 3543 1708 3602 iavcohi
1735 3545 1828 3603 lratris
1849 3546 1905 3607 Do·

271 3629 417 3693 Saecularis
429 3632 500 3685 enim
516 3633 648 3702 sapientia
662 3635 740 3704 quasi
758 3634 869 3690 coluber
891 3649 939 3705 per
950 3634 1063 3689 hamum
1115 3628 1194 3694 mini,
1209 3639 1239 3684 ut
1253 3631 1308 3699 ipse
1322 3631 1349 3685 in
1362 3630 1479 3700 Epistola
1491 3649 1540 3688 saa
1551 3634 1654 3689 sarihit.
1665 3632 1742 3690 Unde
1754 3636 1835 3691 etiam
1849 3637 1907 3707 ipse

269 3722 466 3791 serpit,divina
485 3731 573 3777 autem
586 3725 620 3778 de
636 3725 792 3781 coelestihus
807 3727 920 3781 intonat.

310 3832 421 3886 Thomas
444 3842 468 3886 ct
498 3831 640 3887 dlattltoeus
662 3836 827 3905 pellicanus.
849 3833 950 3908 (llice.)
965 3835 1062 3891 (laeteri

270 3923 485 3994 evangelistam
511 3925 700 3995 conjunctione
724 3928 863 3985 nontinam
886 3930 1003 3999 primum
1019 3945 1063 4001 po·

272 4025 342 4069 rrum
362 4014 527 4081 llatthaeum,
560 4024 588 4071 et
610 4027 703 4086 postea
724 4018 866 4085 Thomam,
880 4029 907 4074 et
927 4021 1062 4091 publicani

271 4122 372 4163 rrunmn
395 4108 620 4173 nonascrihunt,
645 4124 679 4163 ae
708 4111 825 4178 antiquae
851 4111 1063 4165 eorascrsationis

273 4200 464 4263 recordantes,
483 4199 627 4270 suggillare
642 4201 834 4270 evangelistam
844 4202 995 4256 videantur.
1011 4200 1063 4256 iste

275 4301 352 4358 tero,
367 4302 490 4364 utsupra
509 4294 635 4358 diximus,
655 4302 683 4347 et
705 4301 766 4361 post
786 4291 916 4347 Thomam
931 4307 960 4346 se
975 4292 1061 4361 pinsit,

271 4393 301 4438 et
324 4383 493 4455 publicanum
511 4384 636 4453 appellat,
658 4394 687 4435 ιιι
701 4383 745 4436 ulu'
758 4383 898 4436 ahandam't
914 4392 1062 4461 peccatum,

271 4471 494 4544 superabundaret
508 4476 604 4544 pratia.
631 4473 737 4546 (Beda.)
753 4473 871 4528 Thomas
885 4473 1004 4544 algarus,
1019 4472 1062 4527 vel

270 4565 408 4634 geminus,
445 4565 507 4619 inde
534 4563 627 4619 Gracc
662 4562 768 4634 δίδυμος
799 4561 948 4633 appellatur
971 4580 977 4615 :
1000 4561 1062 4631 quia

271 4668 327 4722 quo
339 4653 445 4708 ceteris
460 4653 560 4709 diutius
572 4652 715 4718 dubitavit,
726 4667 757 4708 eo
772 4652 916 4707 Dominicis
939 4666 1062 4707 resurre-

270 4744 371 4801 ctioais
380 4745 521 4800 veritatem
535 4743 615 4800 altius
634 4743 737 4798 didicit.
754 4744 853 4813 Deque
866 4743 977 4813 pulchre
992 4742 1063 4797 Pau·

270 4835 357 4900 linus,
374 4836 447 4892 Nota
465 4839 589 4913 antistes,
602 4840 713 4895 cecinit:

333 4992 380 5042 Hic
389 4992 478 5041 duilius
490 4993 590 5054 gemino
601 4993 718 5051 Didvmus
729 4993 874 5051 cognomine
885 4990 991 5040 Thotnss

334 5055 443 5114 Adiacet
459 5055 523 5103 husae
534 5054 644 5103 tttntuns
658 5055 748 5112 paride
758 5055 912 5102 cunctamine
924 5052 1015 5104 ineatis

333 5113 383 5163 Pro
395 5125 476 5163 irnstrs
489 5116 602 5164 «tietmare
615 5117 661 5163 tute
675 5117 795 5176 permisit,
807 5121 832 5164 at
845 5123 869 5163 et
883 5127 926 5162 uos

333 5175 386 5224 an
397 5177 460 5224 dirce
476 5178 572 5235 tirmstt,
585 5177 760 5237 Dominamque
773 5175 901 5235 Deumque
913 5178 1050 5226 trementes

333 5236 426 5284 Vivere
437 5247 487 5298 post
500 5246 603 5285 mortem
616 5250 676 5286 rero
688 5236 808 5286 ihteamur
823 5235 904 5285 lesum
960 5269 962 5271 -

334 5297 449 5360 (sarpere,
460 5303 512 5347 viva
520 5312 572 5348 sae
580 5306 754 5348 monstrantem
768 5297 867 5347 ruluers
878 5298 965 5346 curnis
981 5351 983 5355 ¹

305 5449 448 5506 ldatthaeas
470 5452 582 5505 deotatus
603 5449 713 5513 dicitur,
738 5448 864 5504 videlieet
881 5448 944 5519 quia
959 5461 1059 5518 magna

271 5539 379 5595 Domini
407 5555 518 5595 manere
546 5540 580 5594 de
608 5540 753 5595 teloneario
777 5538 921 5610 publicano
945 5540 971 5594 in
994 5554 1058 5610 apo-

268 5628 332 5686 stoli
349 5637 391 5684 est
404 5639 432 5685 et
452 5630 621 5699 evangelist-,e
635 5629 772 5697 delegatas
784 5627 910 5702 alliciam.

303 5717 422 5776 latoius
435 5720 520 5790 dlpha
529 5721 580 5784 i,et
593 5718 751 5774 Thuddaeas.
765 5716 879 5778 iacchus
890 5719 997 5788 quidem
1012 5718 1057 5774 hl·

267 5810 340 5885 phaei
351 5812 408 5882 ipse
421 5813 520 5880 estqui
533 5813 559 5864 in
578 5810 722 5880 Evangelio
735 5811 819 5865 lrater
840 5809 946 5865 Domini
972 5813 1058 5868 nomi·

268 5910 373 5959 tratur:
394 5904 456 5971 qaia
476 5901 569 5967 llaria,
585 5916 653 5956 uxor
666 5901 781 5971 Alphmi,
792 5915 869 5955 soror
891 5901 940 5954 luit
967 5900 1057 5957 llarlar

268 5994 365 6048 aratris
397 5992 512 6056 Domini,
539 6007 621 6063 quam
649 5990 760 6046 Mariam
788 5990 912 6061 Cleophze
936 5990 1056 6046 irvanncs

1115 3716 1196 3785 frater
1208 3720 1314 3775 Domini
1331 3723 1489 3788 vocabatur,
1499 3725 1689 3781 attestantibus
1708 3725 1907 3797 civihasipsius

1113 3811 1158 3881 qui
1170 3813 1202 3865 de
1212 3812 1357 3867 virtmibas
1379 3812 1438 3881 ejus
1449 3823 1589 3884 stupentes
1599 3816 1708 3871 aiebant
1724 3833 1731 3868 :
1751 3815 1847 3871 Noniae
1857 3818 1906 3873 iste

1113 3911 1151 3956 est
1162 3901 1236 3972 soher
1245 3903 1316 3972 filius
1331 3903 1436 3969 illaria,
1451 3904 1645 3974 frater-locali,
1658 3915 1683 3960 et
1694 3904 1804 3976 ioseph,
1817 3917 1841 3961 et
1854 3905 1905 3961 lu·

1120 3993 1172 4056 dm,
1190 4004 1213 4046 et
1225 3992 1340 4048 Simonis
1354 3996 1366 4049 ?
1382 3994 1479 4066 (llam.
1497 3995 1547 4065 vt.)

1150 4081 1243 4137 Simon
1265 4082 1441 4148 citationem,
1456 4094 1480 4136 et
1502 4083 1590 4137 ludas
1606 4083 1766 4147 Scariothes,
1787 4087 1831 4157 qui
1851 4099 1906 4139 tro-

1113 4173 1180 4226 didit
1194 4191 1263 4227 curra.
1278 4174 1312 4228 Et
1329 4173 1378 4229 hos
1388 4190 1449 4228 carn
1466 4175 1649 4229 additamento
1663 4177 1752 4246 posuit
1762 4179 1794 4232 ad
1807 4176 1903 4233 distin·

1113 4264 1229 4318 ctionem
1246 4260 1456 4329 Simonisl‘etri
1475 4273 1502 4319 ct
1514 4265 1589 4321 iudae
1612 4265 1726 4322 lacohi:
1743 4266 1836 4325 Simon
1853 4285 1903 4324 au·

1113 4360 1168 4408 tem
1195 4352 1363 4408 Cleananccns
1387 4370 1402 4409 a
1424 4355 1514 4411 Clenna
1537 4356 1596 4410 vico
1609 4356 1724 4412 Galilaea
1753 4373 1901 4428 cognomen

1113 4443 1226 4512 aceepit.
1241 4442 1316 4510 Quod
1332 4444 1495 4515 evangelista
1507 4445 1593 4501 Lucas
1607 4462 1668 4502 cum
1684 4448 1906 4517 interpretatione

1112 4537 1214 4606 posuit,
1233 4534 1326 4590 Sirrton
1347 4535 1451 4602 utores,
1479 4536 1571 4593 Gitana
1598 4538 1697 4607 qnippe
1728 4536 1810 4604 selus,
1833 4537 1907 4599 Char

1113 4641 1223 4681 naamam
1248 4626 1346 4681 dicitur
1371 4628 1502 4691 tatoris.
1529 4627 1557 4681 id
1580 4635 1621 4681 est
1646 4626 1795 4685 aenaulator.
1819 4625 1904 4683 laidas

1113 4727 1204 4773 autem
1223 4717 1347 4773 scarioth
1361 4728 1408 4772 aut
1420 4733 1435 4772 a
1449 4721 1509 4774 vico
1529 4718 1556 4773 in
1570 4734 1623 4788 quo
1644 4726 1721 4774 ortas
1738 4727 1788 4781 est,
1808 4731 1854 4774 aut
1868 4736 1902 4775 es

1113 4809 1184 4863 trihu
1199 4809 1308 4865 {sachar
1331 4810 1490 4880 praesagium
1509 4825 1565 4866 suae
1586 4811 1766 4867 damnationis
1789 4811 1903 4866 vocabu·

1074 4882 1170 4952 litam
1188 4898 1323 4968 sumpsit:
1339 4898 1447 4953 isachar
1464 4899 1571 4970 quippe,
1585 4900 1655 4969 quod
1676 4899 1774 4956 dicitur
1793 4917 1900 4966 enarres,

1110 4988 1226 5057 pretium
1249 4989 1409 5057 proditionis
1420 4989 1555 5055 insinuat,
1570 4988 1694 5045 Scurioth
1715 4999 1817 5057 antem,
1830 4993 1901 5060 qaod

1110 5080 1235 5134 manuario
1255 5082 1346 5135 mortis
1371 5082 1574 5154 interpretatur,
1596 5082 1686 5155 arguit
1702 5099 1763 5139 eum
1780 5100 1831 5142 non
1858 5101 1899 5140 re·

1109 5179 1190 5240 pente
1208 5184 1378 5239 persuasam,
1398 5173 1444 5227 sed
1460 5175 1617 5228 ineditatam
1632 5174 1734 5231 diutius
1754 5175 1899 5230 Dominicar

1110 5259 1261 5314 traditionis
1285 5267 1407 5330 [latrasse
1420 5260 1567 5331 flagitium.
1582 5261 1693 5334 (Amic.)
1708 5262 1759 5330 Qui
1776 5279 1830 5318 noa
1850 5277 1900 5334 per

1113 5349 1337 5421 imprudentiam,
1351 5351 1397 5406 scd
1407 5366 1456 5420 per
1465 5353 1659 5421 providentiam
1679 5354 1749 5409 inter
1763 5352 1898 5423 apostolor

1110 5442 1227 5514 eligitur.
1247 5442 1352 5509 Quanta
1367 5443 1440 5497 enim
1452 5453 1494 5499 est
1510 5445 1619 5512 veritas,
1633 5460 1714 5515 quam
1729 5460 1778 5499 aea
1799 5444 1897 5499 adver·

1110 5534 1198 5589 sarias
1214 5531 1488 5589 ministerinssrmatl
1502 5533 1607 5602 Quanta
1622 5532 1763 5589 moralitas
1776 5532 1896 5596 Drminl,

1109 5623 1156 5693 qui
1171 5621 1318 5693 periclitari
1337 5623 1406 5692 apud
1423 5637 1472 5678 nos
1487 5622 1617 5694 judiciam
1632 5638 1710 5678 suum
1730 5639 1811 5694 quam
1832 5622 1898 5680 alie·

1109 5723 1184 5768 ctum
1199 5712 1311 5768 maluit?
1326 5711 1489 5782 Susceperet
1503 5712 1575 5767 enim
1591 5712 1707 5769 hominis
1723 5711 1897 5783 lvagilitatcrt

1108 5817 1137 5863 et
1152 5808 1212 5863 ideo
1234 5821 1285 5861 nec
1305 5807 1354 5861 has
1368 5794 1460 5876 partes
1474 5806 1607 5864 recusavit
1625 5804 1779 5878 fragilitatis
1798 5807 1895 5869 hams·

1108 5914 1159 5953 aar.
1169 5897 1258 5953 Voluit
1271 5897 1462 5962 deseri,voluit
1476 5897 1563 5971 prodi,
1578 5897 1660 5952 soluit
1673 5898 1707 5953 ah
1717 5897 1837 5967 apostolo
1846 5911 1895 5952 suo

1107 5989 1187 6051 tradi,
1202 5996 1231 6043 ιιι
1245 5998 1272 6041 ιιι
1289 6004 1304 6042 a
1319 5989 1392 6045 socio
1413 5990 1545 6052 desertus,
1562 6004 1576 6041 a
1595 5986 1669 6042 socio
1692 5986 1822 6057 proditas,
1838 6002 1894 6042 arru-

270 6082 433 6154 ovangelistu
460 6082 640 6154 ergerotuinat,
655 6082 767 6136 tareisa·
783 6083 844 6151 quia
870 6081 911 6135 vel
927 6082 995 6135 idem
1012 6082 1056 6134 ‚tt-
1105 6080 1181 6134 deste
1193 6075 1709 6146 liunstrivamevrarsseimiicivmrpevisse
1722 6074 1892 6132 ltenellciutu.
