4509 6850
272 633 321 693 xi
594 627 626 686 B.
648 628 777 687 hanam
795 627 906 685 linum
924 627 1084 684 necuter.
1106 627 1262 685 nonest.
1283 628 1426 685 oehtstit
1445 626 1535 685 teins
1553 629 1575 685 l.
1858 637 1911 694 5611

268 767 345 824 onem
355 752 505 808 ostenderat
518 746 543 802 ei
556 744 638 803 Deua.
657 745 690 801 ln
704 762 756 818 guo
769 745 910 816 oedifieonit
927 745 1022 814 nitore,
1036 755 1061 802 et
1075 759 1100 819 Α
1113 763 1173 803 esse
1187 747 1362 820 Septuaginta
1386 757 1414 805 et
1436 749 1617 820 'lheodotiom
1633 759 1678 826 qui
1697 737 1786 828 ipsum
1808 776 1911 820 nomen

268 846 380 918 desuper
400 841 473 913 ligno
495 838 649 910 composuit.
669 836 787 909 Cumque
810 837 957 909 colligasset
982 837 1062 894 leone
1111 838 1207 893 sobech
1219 848 1281 919 ’ρει
1294 848 1444 909 posuerunt
1464 841 1603 898 dicentes:
1618 843 1652 899 ln
1668 847 1781 918 uirgulta
1805 849 1911 912 sebert.

267 938 354 1008 filium
367 932 551 1005 retemperant
563 948 622 987 eum
634 931 662 987 in
674 930 759 986 nitore
772 947 851 1001 super
868 941 965 986 struem
978 931 1062 1002 ligno·
1112 927 1236 983 cornibus
1247 928 1310 983 mie.
1326 929 1433 984 Etenim
1447 933 1644 1003 auguremsive
1659 945 1716 992 rete
1726 939 1797 1007 quod
1809 941 1910 1012 Aquila

269 1043 328 1082 rum
348 1042 358 1082 ι
378 1024 543 1092 extenditque
565 1037 682 1086 ιιιιιιιιιι,
706 1029 731 1076 et
756 1019 868 1094 arripnit
890 1018 1062 1092 gladiumin
1111 1018 1213 1089 posuit,
1230 1027 1258 1074 et
1269 1017 1449 1092 Symmachus
1466 1037 1517 1092 per
1526 1022 1606 1084 sinti
1618 1023 1737 1082 litteram
1751 1028 1859 1097 scribit,
1880 1031 1911 1090 hi

268 1116 416 1174 immolaret
435 1115 520 1187 filium
538 1129 626 1169 suum.
639 1111 675 1166 Et
695 1128 754 1167 eece
769 1110 876 1183 angelus
896 1111 1003 1166 Domini
1028 1112 1061 1168 de
1111 1121 1177 1162 vero
1191 1109 1324 1169 eumerio
1337 1108 1457 1167 litteram
1469 1114 1596 1183 positam.
1609 1114 1650 1170 Ex
1664 1133 1719 1186 quo
1732 1120 1910 1180 manifestum

268 1212 332 1266 ereio
347 1209 470 1265 elemonit
489 1206 577 1262 dicem
595 1218 605 1258 .·
620 1205 766 1269 Abrohom,
785 1202 929 1257 Abrohom.
944 1202 996 1270 Qui
1017 1219 1059 1259 re·
1111 1213 1181 1264 esse,
1195 1200 1510 1272 ooninterpretatioucm
1523 1206 1648 1276 stirpium
1660 1211 1870 1283 condensarum,
1882 1227 1911 1276 er

177 1352 178 1358 ,
267 1300 384 1372 spondit,
398 1299 508 1356 Adsum.
521 1297 646 1368 Dicitque
658 1297 682 1352 ei
700 1310 709 1347 :
726 1294 789 1351 Non
809 1293 935 1351 extendas
952 1312 1061 1351 menum
1111 1292 1140 1348 io
1159 1294 1269 1350 modum
1290 1296 1358 1352 retis
1371 1297 1443 1352 iuter
1463 1313 1494 1353 se
1510 1300 1627 1372 virgulta
1648 1313 1776 1362 contexta
1794 1310 1912 1368 uerbum

268 1405 341 1448 tuom
352 1409 432 1465 euper
442 1407 565 1464 puerum,
577 1406 659 1461 neque
673 1388 757 1460 socios
771 1387 795 1442 ei
808 1387 962 1459 guidonum.
982 1387 1061 1443 Nune
1111 1386 1222 1452 sabech,
1231 1389 1279 1445 seul
1293 1405 1499 1448 uomensouare
1511 1393 1713 1466 virgulti,quovl
1726 1400 1766 1456 ita
1776 1401 1913 1462 Hebraico

220 1511 227 1524 ·
267 1485 459 1557 cognoviqued
481 1484 574 1538 tirneue
594 1481 690 1544 Deum,
711 1490 735 1535 ιι
762 1496 814 1534 non
836 1479 980 1550 peperceris
1006 1476 1060 1534 tilio
1112 1479 1220 1534 dicitur.

267 1586 313 1633 tuo
336 1578 469 1649 unigenito
487 1572 761 1647 propinantium
787 1570 839 1626 ista
853 1569 968 1640 quaestio
979 1569 1060 1625 simili
1146 1570 1342 1642 Appollonitpue
1366 1589 1459 1628 nomeu
1485 1574 1537 1631 loci
1558 1576 1651 1645 illiue,
1677 1579 1808 1638 Dominus
1827 1585 1912 1643 nider,

266 1667 403 1727 locutione
424 1667 549 1723 solvitur.
577 1664 635 1720 lloc
659 1673 702 1721 est
726 1661 799 1717 enim
825 1658 930 1715 :Nunc
953 1659 1061 1730 cognovi
1113 1658 1188 1717 Unde
1208 1678 1288 1734 suamve
1308 1663 1385 1719 hodie
1399 1664 1497 1720 dicitnr
1511 1680 1520 1719 .·
1534 1665 1568 1722 ln
1588 1679 1674 1724 monte
1690 1670 1820 1732 Dominus
1834 1675 1911 1732 etde·

267 1764 337 1833 eund
360 1765 454 1819 timeae
477 1760 562 1815 Deum
582 1770 627 1820 ιιι,·
655 1756 728 1827 quod
753 1752 911 1828 significat:
927 1752 1004 1808 Nune
1034 1761 1061 1808 te
1111 1751 1159 1807 ιιι.
1174 1751 1227 1808 Pro
1245 1755 1363 1825 eoquod
1376 1755 1422 1811 hic
1435 1756 1526 1825 habet,
1541 1758 1618 1825 nider,
1633 1760 1662 1816 iu
1676 1761 1789 1819 liehraeo
1809 1766 1914 1823 esaar.

268 1853 319 1908 ieci
335 1864 507 1923 cognoscere.
520 1848 551 1903 ln
569 1843 798 1916 consequentibus
810 1851 901 1898 ιιιιιιιι
911 1843 963 1898 noe
975 1856 1061 1913 genus
1111 1851 1164 1910 tur,
1181 1845 1314 1915 seriptum
1336 1854 1388 1901 est.
1405 1846 1462 1903 lloe
1476 1859 1566 1904 autem
1586 1852 1658 1919 apud
1681 1850 1810 1910 llelrraeos
1823 1856 1915 1914 exivit

268 1945 413 2001 locutionis
423 1944 563 2000 evidenter
577 1949 691 2012 apparet
709 1937 890 1995 ubidicitur:
906 1936 940 1991 Et
961 1936 1060 1991 ιιιιιιιι
1110 1934 1140 1991 in
1153 1937 1335 2005 proverbium,
1359 1946 1389 1994 ut
1415 1940 1560 2009 siquando
1576 1943 1604 1996 iu
1623 1946 1749 2015 augustia
1761 1949 1910 2006 constituti

268 2041 402 2094 Abrohom
421 2054 515 2092 nomen
525 2035 576 2091 ioei
595 2034 679 2100 iiiive,
693 2032 824 2089 Damione
840 2031 1061 2096 nidst,utdieaut
1111 2034 1185 2093 suut,
1205 2035 1232 2082 ct
1244 2028 1351 2084 Domini
1376 2037 1473 2100 optant
1500 2030 1601 2088 auxilio
1622 2034 1770 2101 sublevari,
1794 2038 1914 2098 dicante

267 2131 349 2186 hodie
365 2148 372 2185 ι
388 2126 422 2184 ln
444 2135 532 2182 morvte
556 2125 685 2180 Dominus
709 2121 841 2194 opposuit.
864 2121 938 2177 vion
953 2136 1002 2191 pro
1026 2136 1060 2176 eo
1074 2117 1098 2178 B
1111 2116 1146 2172 ln
1169 2127 1256 2172 monte
1274 2117 1403 2173 Dominus
1425 2120 1531 2186 uidebit,
1547 2121 1600 2180 lroe
1624 2131 1676 2190 est,
1692 2124 1764 2181 sieut
1790 2127 1915 2188 Abrahae

266 2222 339 2291 quod
360 2226 419 2285 est;
444 2217 580 2290 appamit,
601 2218 654 2271 hoe
668 2222 726 2280 est,
746 2214 830 2281 vidit,
853 2228 904 2284 pro
930 2228 964 2269 eo
988 2212 1060 2284 quod
1111 2210 1239 2267 misertus
1253 2220 1306 2279 est,
1319 2213 1493 2270 miserebitur
1510 2222 1539 2271 ct
1553 2218 1650 2272 nostri.
1675 2217 1765 2293 (leid.)
1782 2219 1861 2278 Unde
1884 2229 1917 2280 et

266 2320 326 2377 est;
352 2308 439 2392 videti
465 2306 549 2374 iecit,
574 2305 731 2378 significans
760 2320 810 2376 per
839 2303 1004 2361 efficientem
1032 2303 1060 2360 id
1110 2302 1138 2358 in
1163 2305 1270 2376 signum
1292 2306 1350 2362 dati
1377 2307 1482 2375 arietis,
1509 2308 1596 2365 solent
1620 2312 1704 2367 etiam
1727 2329 1801 2371 nune
1823 2332 1916 2376 cornu

266 2404 340 2477 qviod
365 2401 502 2470 eliieitur,
531 2399 602 2456 siout
626 2397 714 2470 irigus
743 2398 850 2470 pigrum
873 2397 946 2469 quod
969 2399 1061 2471 pigros
1109 2392 1246 2466 clangere.
1260 2394 1326 2468 Age,
1343 2398 1564 2455 uunevideamus
1578 2402 1914 2477 quidaubhnjussaera·

266 2495 342 2551 iacit.
357 2492 456 2548 litorea
468 2490 621 2563 pepercisti,
636 2489 735 2560 inquit,
755 2487 869 2559 filioteo
887 2487 982 2544 diiecto
996 2506 1059 2561 pro·
1110 2486 1194 2542 menti
1210 2487 1293 2542 lateat
1307 2490 1448 2561 mysterio.
1473 2490 1526 2547 lste
1543 2493 1617 2548 enirn
1640 2493 1778 2551 Abraham
1798 2500 1915 2569 quando

265 2598 323 2659 pter
344 2603 395 2641 me.
412 2584 540 2654 liuuquid
563 2581 701 2638 Abraham
721 2590 834 2653 propter
855 2580 980 2653 angelum
1004 2597 1059 2637 non
1110 2575 1195 2632 iulium
1211 2592 1290 2634 suum
1305 2580 1472 2651 unigenitum
1497 2583 1624 2652 perduxit
1644 2585 1678 2640 ad
1700 2586 1913 2656 immolandum,

266 2677 387 2750 pepercit
402 2676 457 2732 filio
470 2690 532 2741 suo,
545 2683 574 2729 et
587 2688 642 2729 nou
666 2681 777 2745 propter
797 2672 903 2728 Deuml
925 2681 971 2729 ant
994 2687 1060 2744 ergo
1110 2670 1229 2727 habebat
1249 2685 1395 2741 personam
1416 2674 1465 2730 liei
1482 2673 1583 2732 Patris.
1609 2675 1664 2732 Sed
1684 2679 1750 2748 quid
1772 2690 1816 2736 est
1836 2683 1913 2752 qood

265 2770 377 2826 somine
392 2767 481 2839 augeli
506 2765 636 2821 Dominus
653 2763 732 2820 lesus
752 2763 877 2820 Christus
893 2762 1061 2836 significatus
1110 2774 1173 2815 eum
1187 2776 1271 2818 senex
1292 2763 1422 2834 suscepit.
1448 2763 1507 2821 Nou
1529 2766 1603 2821 enim
1626 2770 1744 2824 senescit
1756 2769 1845 2839 Deuea
1862 2773 1914 2831 sevi

265 2870 318 2928 est,
331 2860 449 2932 quisine
461 2858 542 2915 dubio
554 2857 727 2921 Deusest,et
740 2852 885 2910 manifeste
898 2870 913 2909 a
928 2855 1060 2926 propheta
1110 2851 1169 2921 ipsa
1187 2854 1372 2922 pronuntiatio
1386 2855 1422 2912 de
1436 2855 1546 2914 Christo
1565 2856 1623 2927 jam
1644 2861 1846 2929 quodammodo
1868 2879 1915 2923 ae-

266 2953 355 3008 dictus
368 2950 456 3023 magni
470 2948 573 3005 convitii
600 2946 708 3019 onpeiue
734 2945 807 3019 (leo.
824 2944 891 3017 m),
916 2953 963 3001 aut
987 2945 1060 3017 quod
1110 2952 1217 3012 nuerat,
1230 2946 1340 3016 quando
1358 2956 1439 3004 natus
1460 2958 1502 3005 est
1518 2949 1654 3007 Christus.
1672 2952 1858 3012 ltreboataest
1873 2958 1911 3015 ab

267 3046 340 3100 Deus
357 3041 456 3099 eratin
471 3044 576 3113 angelo,
590 3048 619 3095 et
639 3055 671 3094 ex
690 3053 807 3110 persona
824 3038 998 3111 Deiangclue
1020 3038 1059 3094 lo·
1109 3034 1197 3091 Adam
1221 3035 1268 3092 ubi
1292 3037 1393 3093 dietum
1416 3047 1476 3095 est.
1492 3038 1712 3096 Etemntdeo
1702 3059 1731 3097 m
1753 3060 1835 3101 eume
1850 3062 1911 3104 ιιιιιι

251 3141 409 3237 emebatur
435 3138 507 3195 sieut
532 3138 560 3191 iu
582 3134 722 3206 prophetis
739 3133 823 3189 etiam
842 3131 921 3189 solet.
946 3131 1038 3187 Nam·
1031 3149 1058 3187 ιῃ
1110 3123 1188 3196 (Gen.
1211 3126 1253 3200 ιι).
1277 3126 1480 3185 Sacramentum
1494 3130 1562 3186 illud
1589 3150 1714 3205 magnum
1728 3145 1767 3190 ιιι
1790 3135 1913 3194 inGltri·

251 3203 494 3302 'consequentibus
511 3228 564 3285 boo
579 3226 666 3299 magis
686 3226 793 3282 videtur
807 3239 939 3295 apparere
957 3224 1001 3280 nbi
1021 3223 1061 3279 ie·
1108 3225 1150 3272 tto
1165 3227 1189 3273 et
1210 3220 1238 3273 in
1261 3218 1380 3276 Ecclesia
1395 3221 1504 3293 (Epire.
1518 3224 1562 3296 v);
1578 3234 1605 3281 et
1618 3227 1750 3298 completa
1774 3238 1913 3288 estsevta

267 3322 363 3393 gitur:
1109 3317 1190 3366 etate
1207 3311 1309 3378 seculi,
1325 3328 1385 3383 que
1399 3326 1509 3373 senecta
1520 3318 1689 3389 svguriieatnr
1700 3320 1830 3390 Abrahae
1845 3325 1916 3395 (guia

303 3412 338 3468 m
364 3412 462 3468 ιοιιιιι
489 3408 596 3481 engaine
621 3407 728 3465 Domini
755 3407 890 3463 Abrohom
912 3406 1006 3462 iterum
1025 3406 1058 3461 de
1110 3401 1199 3472 ipsum
1210 3413 1410 3461 sacramentum
1422 3405 1495 3463 Dei
1485 3408 1704 3480 gamlongaevum
1725 3420 1802 3477 erut,
1825 3422 1855 3470 et
1870 3430 1917 3471 ao·

266 3502 354 3559 roelo:
370 3500 423 3557 Per
436 3502 614 3572 memetipsum
629 3501 731 3571 jurani,
749 3498 812 3554 dicit
835 3498 974 3555 Dominus.
1000 3498 1059 3555 Non
1073 3477 1095 3540 C
1111 3501 1207 3549 necitis
1226 3492 1322 3550 Sittae
1314 3511 1342 3549 tn
1362 3496 1440 3566 plebe
1453 3498 1511 3564 Dei,
1534 3500 1587 3556 boc
1607 3509 1659 3566 est,
1680 3501 1707 3556 in
1734 3503 1914 3563 multitudine

266 3595 347 3651 iacile
377 3593 450 3649 enim
485 3592 621 3647 invenitur
646 3591 777 3648 Dominus
799 3589 927 3646 Christus
951 3588 1061 3644 Patrem
1110 3585 1313 3655 prophetarum,
1326 3587 1619 3663 hoeidemsigniileat‚
1643 3594 1748 3663 quiaiu
1765 3595 1822 3651 line
1838 3604 1914 3653 tem·

267 3685 412 3740 Ιιοιιιιιιιιιιι
426 3683 749 3752 diceretauquamsuum
765 3679 1060 3751 Dominum,illoprar·
1110 3689 1218 3745 potunt,
1240 3692 1275 3733 ex
1296 3678 1354 3747 ipsa
1373 3680 1452 3750 plebe
1470 3692 1627 3740 sanctarum
1651 3687 1805 3743 animarum
1828 3697 1914 3749 narn.

267 3777 361 3833 sertim
377 3784 516 3846 ternpore,
541 3782 687 3844 antequam
708 3778 827 3828 sumeret
843 3786 965 3827 earnem.
993 3769 1061 3825 Nam
1110 3773 1153 3820 est
1166 3765 1301 3824 Christus.
1317 3768 1454 3827 Sterilitas
1475 3783 1567 3830 autem
1591 3775 1652 3847 ejus
1666 3777 1775 3834 intimat
1793 3781 1869 3849 quod
1884 3782 1914 3838 in

267 3868 416 3926 seeundum
438 3867 465 3923 id
483 3866 554 3937 quod
577 3864 693 3921 iorrnam
716 3863 788 3920 svrrvi
811 3863 927 3933 aceepit,
943 3878 997 3918 non
1021 3863 1061 3916 in·
1110 3855 1162 3911 hoo
1184 3857 1283 3913 secuto
1298 3873 1346 3928 spe
1362 3859 1429 3917 salvi
1444 3860 1607 3931 ductisunt,
1619 3875 1646 3922 ct
1669 3867 1697 3922 in
1723 3866 1836 3925 Christo
1852 3878 1915 3927 tarr·

268 3968 451 4032 congruengep
464 3959 516 4015 1100
531 3958 585 4013 diei
600 3957 718 4012 uidetur,
734 3955 801 4010 Nam
818 3954 966 4010 secundum
980 3953 1061 4024 hujus
1110 3961 1192 4016 qttant
1207 3948 1234 4002 in
1248 3948 1324 4004 isaac
1336 3954 1499 4009 oliliieslliiii
1515 3970 1619 4021 sutntts,
1632 3971 1713 4027 quelli
1733 3967 1845 4028 pitirum
1860 3960 1914 4017 Ee·

268 4054 307 4109 rei
326 4052 424 4108 inturre
437 4051 617 4123 prophetiam,
641 4046 703 4104 illud
718 4056 760 4101 est
775 4048 802 4103 in
818 4045 922 4117 psalmo
944 4045 1060 4099 :Domi-
1110 4038 1193 4094 eletio
1213 4040 1240 4095 in
1262 4042 1316 4097 line
1337 4051 1497 4113 tempomm,
1514 4048 1631 4103 mirabili
1655 4049 1702 4106 Dei
1723 4051 1831 4122 gratia,
1857 4067 1915 4109 non

268 4141 445 4196 mendicitati
460 4156 521 4194 me:
537 4137 623 4193 l'ilinv
645 4152 758 4192 ιιιιιιιιι
776 4145 805 4190 tu
827 4133 914 4207 (Pani.
931 4134 1061 4205 trhNan
1111 4131 1228 4186 naturali
1257 4130 1425 4190 iocunditate
1453 4139 1617 4206 procreavit.
1647 4138 1707 4194 lam
1740 4139 1839 4196 deinde
1870 4156 1915 4199 ae·

267 4247 355 4303 neque
378 4232 405 4286 in
422 4233 480 4303 ipso
494 4228 639 4300 Evangelio
654 4226 929 4283 laeiieinvenimusn
951 4225 1061 4282 Christo
1111 4221 1218 4289 quernis
1244 4222 1365 4279 historiae
1395 4236 1619 4295 sacramentum,
1653 4230 1718 4300 quid
1746 4229 1914 4301 imaginarie

267 4327 352 4381 Dorum
365 4325 474 4379 Patrem
492 4322 669 4394 appeliatum,
682 4320 753 4391 qrrod
765 4319 823 4386 ejus
836 4318 967 4375 Dominus
977 4327 1060 4383 esset,
1110 4316 1299 4386 portendebat,
1320 4317 1517 4390 inspiciendum
1533 4330 1584 4378 est.
1599 4322 1665 4389 Quis
1681 4338 1747 4395 ergo
1769 4323 1798 4378 in
1821 4322 1914 4383 aare

268 4416 393 4488 utramvis
415 4415 585 4470 inveniamus
598 4412 683 4466 ιιιιιιιι
701 4410 747 4465 illo
770 4410 828 4465 loeo
843 4409 889 4465 ubi
907 4410 966 4465 ait:
988 4407 1061 4464 Vodo
1111 4410 1184 4475 ham,
1210 4420 1241 4464 ut
1265 4411 1423 4482 predictum
1447 4422 1498 4479 est,
1519 4429 1569 4485 per
1594 4414 1669 4469 illam
1696 4414 1914 4473 immolationem

267 4516 303 4565 ert
315 4510 422 4565 Putrem
435 4524 539 4573 meum,
555 4515 579 4561 ιι
599 4502 706 4559 Patrem
720 4512 851 4569 neutrum,
866 4502 950 4557 Deum
963 4520 1060 4569 meone,
1112 4499 1256 4571 ingruebat,
1276 4502 1329 4557 nisi
1342 4501 1423 4559 Pater
1437 4504 1581 4561 excelsus?
1603 4505 1669 4574 Quis
1697 4506 1726 4561 ιιι
1749 4505 1843 4572 isaac,
1859 4506 1914 4564 ulei

272 4613 297 4656 ιι
311 4602 394 4656 Deum
408 4610 520 4654 nestrum
532 4597 624 4671 (donn.
639 4594 705 4668 rvr).
728 4593 805 4661 Quod
825 4601 915 4647 autem
931 4593 1061 4663 scriptum
1111 4590 1256 4648 Christus?
1267 4591 1334 4648 Nam
1359 4595 1430 4650 siout
1449 4595 1587 4652 Abraham
1609 4597 1720 4652 unicum
1734 4605 1762 4651 ιι
1781 4598 1914 4655 dilectum

269 4701 331 4758 est,
350 4692 424 4745 Dixit
449 4689 578 4745 Dominus
605 4686 718 4741 Domino
739 4702 796 4739 meo
820 4682 906 4754 (Pani.
933 4683 1007 4756 ιιι),
1028 4685 1063 4740 ad
1113 4683 1197 4740 tilium
1220 4685 1426 4743 Deovietimam
1442 4689 1553 4754 obtulit,
1569 4691 1605 4743 ita
1632 4689 1764 4746 Dominus
1787 4690 1915 4764 unigeni·

270 4787 357 4855 ipsum
370 4782 416 4852 qui
433 4779 594 4850 loquebatur
608 4776 735 4837 reiertur,
756 4773 782 4830 ld
797 4785 849 4839 est,
874 4773 949 4829 Dicit
971 4774 1061 4828 Domi·
1114 4782 1171 4830 tum
1200 4775 1284 4831 illium
1309 4793 1388 4833 suum
1412 4794 1461 4850 pro
1482 4781 1560 4836 nobis
1579 4780 1706 4837 ornnibns
1731 4782 1856 4839 tradidit.
1879 4782 1915 4839 m

269 4890 320 4928 arus
333 4871 445 4925 Domino
457 4885 514 4923 meo
531 4885 538 4921 :
555 4866 635 4920 later
647 4864 750 4920 scilieet
760 4862 843 4928 Fillo;
862 4871 909 4918 et:
923 4860 997 4916 Piuit
1008 4862 1062 4917 Do·
1114 4867 1185 4922 sieut
1196 4867 1273 4924 lsaac
1288 4869 1346 4940 ipse
1362 4871 1414 4925 sihi
1427 4870 1499 4943 ligna
1522 4874 1640 4943 portavit
1661 4873 1760 4944 quibus
1774 4884 1836 4931 erat
1861 4866 1915 4933 i'ttt·

268 4964 357 5016 enimn
373 4977 388 5014 u
404 4958 530 5024 Domino,
554 4957 600 5026 qui
618 4956 755 5011 scribebat
781 4956 858 5022 dixit,
874 4964 905 5011 ut
931 4955 1061 5013 Dominus
1114 4960 1264 5034 ponendus,
1292 4963 1331 5018 ita
1359 4972 1387 5018 et
1412 4963 1537 5020 Christus
1562 4966 1678 5035 gestavit
1694 4966 1721 5021 iu
1738 4966 1862 5023 humeris
1884 4966 1915 5024 li·

270 5052 360 5123 ejusa
381 5048 496 5104 Domino
517 5046 586 5115 ejus,
607 5045 634 5100 id
656 5055 708 5110 est,
723 5045 853 5105 Dominus
876 5045 1062 5123 nosteraDo-
1114 5066 1196 5122 gnum
1210 5052 1300 5108 emeis
1320 5068 1385 5119 suae,
1412 5053 1438 5107 in
1463 5070 1518 5125 qrro
1541 5063 1601 5110 erat
1626 5054 1837 5128 emcillgendns.
1853 5056 1916 5115 lino

269 5145 346 5200 ritino
363 5151 459 5198 nostro
476 5140 577 5213 pluisse
592 5138 758 5211 intelligatur
772 5138 870 5194 nliusa
886 5138 977 5197 Patre.
1113 5150 1204 5197 autem
1223 5144 1295 5198 servi
1321 5143 1359 5199 illi
1383 5144 1498 5208 dimissi,
1514 5154 1542 5200 et
1558 5161 1612 5201 nou
1635 5147 1757 5216 perducti
1772 5146 1807 5202 ad
1821 5147 1914 5205 locrtm

306 5234 556 5292 monitdbroimm
573 5230 661 5287 oculos
682 5246 744 5285 euos
757 5230 871 5301 uiditque
884 5238 942 5300 poet
959 5239 1060 5301 tergum
1113 5231 1241 5289 sacrificii
1264 5232 1372 5291 Judaeos
1395 5235 1595 5307 significabant,
1619 5237 1666 5308 qui
1688 5251 1750 5293 eum
1774 5238 1916 5295 serviliter

270 5331 379 5387 arietem
402 5327 472 5381 inter
489 5342 575 5401 nepree
589 5325 729 5380 insontem
748 5323 880 5390 condius,
898 5339 974 5394 quem
988 5338 1063 5378 oaeu·
1114 5323 1237 5380 viverent
1249 5332 1277 5380 et
1289 5324 1437 5381 carnaliter
1450 5335 1586 5396 saperent,
1598 5344 1651 5383 nou
1666 5326 1851 5399 intelligebant
1862 5330 1916 5387 Ιιιι-

273 5435 344 5476 mens
358 5417 451 5473 obtulit
464 5415 647 5472 holocaustum
660 5431 707 5487 pro
725 5413 792 5484 filio.
812 5414 966 5470 Notandum
979 5415 1062 5485 quod,
1113 5414 1256 5471 militatem
1268 5414 1368 5471 Christi
1384 5416 1475 5481 tideo,
1492 5417 1622 5487 quianon
1639 5416 1827 5488 intelligebant
1846 5434 1913 5491 pae-

271 5511 420 5569 secuudum
443 5508 546 5585 Aquilae
567 5507 832 5581 interpretationem,
857 5515 996 5578 vepretum
1020 5506 1063 5565 vel
1114 5505 1218 5561 sionem
1228 5505 1339 5571 Christi,
1353 5522 1407 5562 non
1421 5517 1603 5578 pervenerunt
1620 5509 1655 5565 ad
1668 5508 1756 5564 locum
1769 5508 1912 5567 monent.

272 5607 407 5677 spinetum
421 5604 560 5663 babemus.
577 5601 623 5672 qui
640 5610 670 5655 nt
688 5600 763 5656 verbi
776 5600 829 5654 vim
842 5599 1062 5671 interpretemur,
1114 5592 1169 5651 Cur
1184 5603 1276 5651 autem
1288 5598 1341 5652 duo
1354 5597 1436 5662 servi,
1450 5596 1502 5651 nisi
1517 5597 1580 5667 quia
1594 5585 1708 5668 populus
1721 5597 1779 5668 ipse
1799 5595 1828 5652 in
1842 5596 1914 5655 duee

273 5696 354 5752 'verbo
364 5694 508 5755 iiraecoeo
493 5696 594 5766 υχιιῶι
607 5691 744 5747 condensa
769 5700 797 5747 et
813 5691 885 5746 inter
899 5704 929 5746 se
946 5690 1063 5761 implexa
1116 5696 1209 5755 partes
1231 5686 1391 5743 dividendus
1412 5687 1487 5744 erati
1501 5687 1574 5758 quod
1590 5686 1692 5743 iactum
1706 5696 1749 5743 est
1763 5686 1915 5747 Salomone

271 5786 387 5859 virgulta
411 5784 582 5856 significavit.
604 5783 679 5840 Unde
695 5791 723 5839 et
745 5781 947 5854 Symmachus
941 5797 968 5836 m
987 5797 1063 5839 eam·
1097 5783 1245 5866 percaute
1264 5778 1371 5847 quaudo
1388 5778 1491 5835 divisus
1509 5786 1551 5833 cst
1569 5777 1639 5833 idem
1661 5776 1851 5849 populusloco
1867 5792 1915 5851 ga-

273 5880 334 5937 tlem
348 5877 445 5932 duetus
462 5876 638 5950 opinionem:
662 5873 696 5927 Et
716 5873 849 5944 opposuit,
865 5872 913 5936 ait,
925 5871 1063 5941 oneepoet
1115 5868 1171 5939 gui,
1192 5867 1523 5940 uouerroreimpietatis.
1539 5867 1642 5934 Quibus
1659 5867 1741 5923 etiam
1765 5883 1840 5939 saepe
1861 5880 1914 5939 per

272 5971 321 6023 hoe
336 5978 451 6023 retentus
460 5983 487 6020 m
499 5976 551 6021 rete
562 5965 684 6020 cennius
702 5966 767 6018 ruis.
784 5963 883 6018 Verum
902 5962 1064 6031 quibusdam
1116 5959 1262 6029 propbetas
1277 5959 1397 6015 dicitur:
1413 5944 1566 6013 ieersotrro
1580 5956 1666 6013 lenaei
1676 5967 1700 6013 ιι
1710 5958 1913 6029 prmaemcutrre

274 6060 300 6115 lu
327 6060 377 6114 ivor
399 6059 530 6115 duntaxat
547 6055 605 6113 loco
630 6055 727 6113 melius
744 6055 869 6111 videntur
892 6051 1064 6125 interpretati
1116 6051 1188 6106 indu
1200 6052 1267 6126 (ier.
1281 6050 1332 6122 ιιι).
1347 6051 1445 6107 ,ιιιιιιιι
1465 6059 1555 6107 autem
1569 6047 1636 6107 iile
1630 6062 1766 6109 truscnsata
1778 6060 1821 6109 est
1837 6050 1910 6109 stul
