<?xml version="1.0" encoding="UTF-8"?>
<!DOCTYPE html PUBLIC "-//W3C//DTD XHTML 1.0 Transitional//EN"
    "http://www.w3.org/TR/xhtml1/DTD/xhtml1-transitional.dtd">
<html xmlns="http://www.w3.org/1999/xhtml" xml:lang="en" lang="en">
 <head>
  <title>
</title>
<meta http-equiv="Content-Type" content="text/html;charset=utf-8" />
  <meta name='ocr-system' content='tesseract 3.04.00' />
  <meta name='ocr-capabilities' content='ocr_page ocr_carea ocr_par ocr_line ocrx_word'/>
</head>
<body>
  <div class='ocr_page' id='page_1' title='image "./patrologiaecurs88unkngoog_0316.png"; bbox 0 0 4509 6850; ppageno 0'>
   <div class='ocr_carea' id='block_1_1' title="bbox 359 626 1987 705">
    <p class='ocr_par' dir='ltr' id='par_1_1' title="bbox 359 626 1987 705">
     <span class='ocr_line' id='line_1_1' title="bbox 359 626 1987 705; baseline -0.014 0"><span class='ocrx_word' id='word_1_1' title='bbox 359 648 413 705; x_wconf 69' lang='grc' dir='ltr'>(ὤ</span> <span class='ocrx_word' id='word_1_2' title='bbox 676 640 707 695; x_wconf 90' lang='lat' dir='ltr'>b.</span> <span class='ocrx_word' id='word_1_3' title='bbox 727 640 853 696; x_wconf 69' lang='lat' dir='ltr'>hahart</span> <span class='ocrx_word' id='word_1_4' title='bbox 872 638 980 695; x_wconf 78' lang='lat' dir='ltr'>babiti</span> <span class='ocrx_word' id='word_1_5' title='bbox 998 635 1157 691; x_wconf 60' lang='lat' dir='ltr'>alteruter.</span> <span class='ocrx_word' id='word_1_6' title='bbox 1179 633 1332 690; x_wconf 67' lang='lat' dir='ltr'>profluxu.</span> <span class='ocrx_word' id='word_1_7' title='bbox 1354 632 1495 689; x_wconf 75' lang='lat' dir='ltr'>obnubit</span> <span class='ocrx_word' id='word_1_8' title='bbox 1514 629 1604 686; x_wconf 71' lang='lat' dir='ltr'>PARS</span> <span class='ocrx_word' id='word_1_9' title='bbox 1622 628 1643 683; x_wconf 90' lang='lat' dir='ltr'>l.</span> <span class='ocrx_word' id='word_1_10' title='bbox 1933 626 1987 684; x_wconf 65' lang='lat'>⁶54</span> 
     </span>
    </p>
   </div>
   <div class='ocr_carea' id='block_1_2' title="bbox 327 744 2040 4813">
    <p class='ocr_par' dir='ltr' id='par_1_2' title="bbox 360 744 1997 1725">
     <span class='ocr_line' id='line_1_2' title="bbox 361 744 1989 827; baseline -0.01 -17"><span class='ocrx_word' id='word_1_11' title='bbox 361 760 460 815; x_wconf 79' lang='lat' dir='ltr'>structis</span> <span class='ocrx_word' id='word_1_12' title='bbox 473 754 535 827; x_wconf 67' lang='lat' dir='ltr'>filiis</span> <span class='ocrx_word' id='word_1_13' title='bbox 549 761 691 818; x_wconf 86' lang='lat' dir='ltr'>amaretur,</span> <span class='ocrx_word' id='word_1_14' title='bbox 704 752 812 806; x_wconf 84' lang='lat' dir='ltr'>aderant</span> <span class='ocrx_word' id='word_1_15' title='bbox 826 766 896 816; x_wconf 81' lang='lat' dir='ltr'>enni,</span> <span class='ocrx_word' id='word_1_16' title='bbox 912 767 957 805; x_wconf 83' lang='lat' dir='ltr'>uer</span> <span class='ocrx_word' id='word_1_17' title='bbox 981 758 1098 819; x_wconf 85' lang='lat' dir='ltr'>poteraut</span> <span class='ocrx_word' id='word_1_18' title='bbox 1127 764 1149 800; x_wconf 86' lang='lat' dir='ltr'>er</span> <span class='ocrx_word' id='word_1_19' title='bbox 1165 752 1188 810; x_wconf 77' lang='grc' dir='ltr'>Α</span> <span class='ocrx_word' id='word_1_20' title='bbox 1202 756 1295 799; x_wconf 74' lang='lat' dir='ltr'>currere</span> <span class='ocrx_word' id='word_1_21' title='bbox 1310 760 1434 815; x_wconf 85' lang='lat' dir='ltr'>prospera</span> <span class='ocrx_word' id='word_1_22' title='bbox 1447 748 1498 798; x_wconf 85' lang='lat' dir='ltr'>shrt</span> <span class='ocrx_word' id='word_1_23' title='bbox 1509 759 1570 813; x_wconf 79' lang='lat' dir='ltr'>erpa</span> <span class='ocrx_word' id='word_1_24' title='bbox 1586 744 1785 812; x_wconf 72' lang='lat' dir='ltr'>fratrestantae</span> <span class='ocrx_word' id='word_1_25' title='bbox 1797 754 1904 808; x_wconf 84' lang='lat' dir='ltr'>pecore,</span> <span class='ocrx_word' id='word_1_26' title='bbox 1914 755 1938 794; x_wconf 85' lang='lat' dir='ltr'>et</span> <span class='ocrx_word' id='word_1_27' title='bbox 1948 757 1989 797; x_wconf 56' lang='lat' dir='ltr'>re</span> 
     </span>
     <span class='ocr_line' id='line_1_3' title="bbox 360 830 1991 922; baseline -0.009 -18"><span class='ocrx_word' id='word_1_28' title='bbox 360 850 502 922; x_wconf 83' lang='lat' dir='ltr'>quidquem</span> <span class='ocrx_word' id='word_1_29' title='bbox 518 844 626 917; x_wconf 72' lang='lat' dir='ltr'>perspice</span> <span class='ocrx_word' id='word_1_30' title='bbox 644 844 725 914; x_wconf 83' lang='lat' dir='ltr'>loqui.</span> <span class='ocrx_word' id='word_1_31' title='bbox 748 842 858 897; x_wconf 82' lang='lat' dir='ltr'>Fratres</span> <span class='ocrx_word' id='word_1_32' title='bbox 872 840 973 897; x_wconf 85' lang='lat' dir='ltr'>Christi</span> <span class='ocrx_word' id='word_1_33' title='bbox 1001 839 1148 896; x_wconf 83' lang='lat' dir='ltr'>seeundum</span> <span class='ocrx_word' id='word_1_34' title='bbox 1199 839 1291 892; x_wconf 84' lang='lat' dir='ltr'>nuntia</span> <span class='ocrx_word' id='word_1_35' title='bbox 1309 836 1372 890; x_wconf 88' lang='lat' dir='ltr'>mihi</span> <span class='ocrx_word' id='word_1_36' title='bbox 1382 836 1446 907; x_wconf 86' lang='lat' dir='ltr'>quid</span> <span class='ocrx_word' id='word_1_37' title='bbox 1461 830 1901 905; x_wconf 78' lang='lat' dir='ltr'>apatur,ete.iaeobnrittitiiliutn</span> <span class='ocrx_word' id='word_1_38' title='bbox 1910 845 1991 889; x_wconf 78' lang='lat' dir='ltr'>suum</span> 
     </span>
     <span class='ocr_line' id='line_1_4' title="bbox 361 919 1992 1000; baseline -0.012 -5"><span class='ocrx_word' id='word_1_39' title='bbox 361 941 452 995; x_wconf 84' lang='lat' dir='ltr'>earnis</span> <span class='ocrx_word' id='word_1_40' title='bbox 477 937 644 993; x_wconf 72' lang='lat' dir='ltr'>nativitatem</span> <span class='ocrx_word' id='word_1_41' title='bbox 669 934 754 992; x_wconf 81' lang='lat' dir='ltr'>tadei</span> <span class='ocrx_word' id='word_1_42' title='bbox 768 942 857 997; x_wconf 89' lang='lat' dir='ltr'>erant,</span> <span class='ocrx_word' id='word_1_43' title='bbox 871 933 904 987; x_wconf 89' lang='lat' dir='ltr'>de</span> <span class='ocrx_word' id='word_1_44' title='bbox 921 943 1149 1000; x_wconf 77' lang='lat' dir='ltr'>quorumcoqna·</span> <span class='ocrx_word' id='word_1_45' title='bbox 1198 924 1310 993; x_wconf 79' lang='lat' dir='ltr'>loseph,</span> <span class='ocrx_word' id='word_1_46' title='bbox 1332 933 1363 979; x_wconf 91' lang='lat' dir='ltr'>ut</span> <span class='ocrx_word' id='word_1_47' title='bbox 1386 926 1419 980; x_wconf 89' lang='lat' dir='ltr'>de</span> <span class='ocrx_word' id='word_1_48' title='bbox 1446 922 1576 978; x_wconf 81' lang='lat' dir='ltr'>fratribus</span> <span class='ocrx_word' id='word_1_49' title='bbox 1590 919 1797 978; x_wconf 86' lang='lat' dir='ltr'>sollicitudinem</span> <span class='ocrx_word' id='word_1_50' title='bbox 1819 929 1948 992; x_wconf 57' lang='lat' dir='ltr'>gererem</span> <span class='ocrx_word' id='word_1_51' title='bbox 1962 926 1992 976; x_wconf 85' lang='lat' dir='ltr'>et</span> 
     </span>
     <span class='ocr_line' id='line_1_5' title="bbox 362 1010 1992 1098; baseline -0.01 -15"><span class='ocrx_word' id='word_1_52' title='bbox 362 1030 435 1083; x_wconf 85' lang='lat' dir='ltr'>tione</span> <span class='ocrx_word' id='word_1_53' title='bbox 447 1028 504 1098; x_wconf 89' lang='lat' dir='ltr'>ipsa</span> <span class='ocrx_word' id='word_1_54' title='bbox 513 1025 666 1081; x_wconf 91' lang='lat' dir='ltr'>humanitas</span> <span class='ocrx_word' id='word_1_55' title='bbox 677 1021 865 1091; x_wconf 85' lang='lat' dir='ltr'>Redemptoris</span> <span class='ocrx_word' id='word_1_56' title='bbox 879 1025 1080 1087; x_wconf 78' lang='lat' dir='ltr'>suscepta&#39;erat.</span> <span class='ocrx_word' id='word_1_57' title='bbox 1095 1015 1150 1070; x_wconf 84' lang='lat' dir='ltr'>Sed</span> <span class='ocrx_word' id='word_1_58' title='bbox 1200 1016 1272 1070; x_wconf 85' lang='lat' dir='ltr'>Deus</span> <span class='ocrx_word' id='word_1_59' title='bbox 1282 1015 1363 1070; x_wconf 87' lang='lat' dir='ltr'>Pater</span> <span class='ocrx_word' id='word_1_60' title='bbox 1373 1015 1447 1069; x_wconf 84' lang='lat' dir='ltr'>misit</span> <span class='ocrx_word' id='word_1_61' title='bbox 1460 1013 1557 1068; x_wconf 79' lang='lat' dir='ltr'>Filium</span> <span class='ocrx_word' id='word_1_62' title='bbox 1571 1028 1649 1068; x_wconf 93' lang='lat' dir='ltr'>suum</span> <span class='ocrx_word' id='word_1_63' title='bbox 1671 1010 1848 1081; x_wconf 75' lang='lat' dir='ltr'>unigenitum,</span> <span class='ocrx_word' id='word_1_64' title='bbox 1863 1018 1894 1063; x_wconf 94' lang='lat' dir='ltr'>ut</span> <span class='ocrx_word' id='word_1_65' title='bbox 1906 1025 1992 1081; x_wconf 71' lang='lat' dir='ltr'>genus</span> 
     </span>
     <span class='ocr_line' id='line_1_6' title="bbox 363 1100 1993 1185; baseline -0.011 -11"><span class='ocrx_word' id='word_1_66' title='bbox 363 1121 427 1184; x_wconf 84' lang='lat' dir='ltr'>quia</span> <span class='ocrx_word' id='word_1_67' title='bbox 443 1113 754 1185; x_wconf 69' lang='lat' dir='ltr'>uiderant,quodura10r</span> <span class='ocrx_word' id='word_1_68' title='bbox 767 1112 854 1182; x_wconf 75' lang='lat' dir='ltr'>qratia</span> <span class='ocrx_word' id='word_1_69' title='bbox 867 1111 996 1165; x_wconf 85' lang='lat' dir='ltr'>virtutum</span> <span class='ocrx_word' id='word_1_70' title='bbox 1014 1108 1040 1161; x_wconf 93' lang='lat' dir='ltr'>in</span> <span class='ocrx_word' id='word_1_71' title='bbox 1055 1121 1088 1161; x_wconf 88' lang='lat' dir='ltr'>eo</span> <span class='ocrx_word' id='word_1_72' title='bbox 1104 1104 1150 1161; x_wconf 85' lang='lat' dir='ltr'>fie-</span> <span class='ocrx_word' id='word_1_73' title='bbox 1200 1107 1348 1162; x_wconf 82' lang='lat' dir='ltr'>burrianum</span> <span class='ocrx_word' id='word_1_74' title='bbox 1360 1106 1477 1176; x_wconf 84' lang='lat' dir='ltr'>peccatis</span> <span class='ocrx_word' id='word_1_75' title='bbox 1496 1103 1651 1174; x_wconf 83' lang='lat' dir='ltr'>languidum</span> <span class='ocrx_word' id='word_1_76' title='bbox 1674 1101 1805 1155; x_wconf 74' lang='lat' dir='ltr'>visitaret.</span> <span class='ocrx_word' id='word_1_77' title='bbox 1821 1100 1939 1155; x_wconf 87' lang='lat' dir='ltr'>liittitur</span> <span class='ocrx_word' id='word_1_78' title='bbox 1959 1100 1993 1156; x_wconf 89' lang='lat' dir='ltr'>ab</span> 
     </span>
     <span class='ocr_line' id='line_1_7' title="bbox 362 1190 1993 1280; baseline -0.015 -12"><span class='ocrx_word' id='word_1_79' title='bbox 362 1212 419 1276; x_wconf 88' lang='lat' dir='ltr'>bat,</span> <span class='ocrx_word' id='word_1_80' title='bbox 443 1224 503 1280; x_wconf 82' lang='lat' dir='ltr'>quae</span> <span class='ocrx_word' id='word_1_81' title='bbox 524 1207 673 1263; x_wconf 80' lang='lat' dir='ltr'>testabatur</span> <span class='ocrx_word' id='word_1_82' title='bbox 689 1206 737 1262; x_wconf 85' lang='lat' dir='ltr'>Dei</span> <span class='ocrx_word' id='word_1_83' title='bbox 758 1200 1150 1273; x_wconf 82' lang='lat' dir='ltr'>Patrispraeeipuamdilectio-</span> <span class='ocrx_word' id='word_1_84' title='bbox 1199 1197 1245 1252; x_wconf 90' lang='lat' dir='ltr'>illo</span> <span class='ocrx_word' id='word_1_85' title='bbox 1263 1198 1356 1267; x_wconf 92' lang='lat' dir='ltr'>utique</span> <span class='ocrx_word' id='word_1_86' title='bbox 1377 1197 1455 1251; x_wconf 85' lang='lat' dir='ltr'>Patre</span> <span class='ocrx_word' id='word_1_87' title='bbox 1468 1197 1502 1251; x_wconf 91' lang='lat' dir='ltr'>de</span> <span class='ocrx_word' id='word_1_88' title='bbox 1521 1208 1576 1264; x_wconf 89' lang='lat' dir='ltr'>quo</span> <span class='ocrx_word' id='word_1_89' title='bbox 1598 1193 1729 1262; x_wconf 88' lang='lat' dir='ltr'>seriptum</span> <span class='ocrx_word' id='word_1_90' title='bbox 1742 1198 1801 1246; x_wconf 85' lang='lat' dir='ltr'>est:</span> <span class='ocrx_word' id='word_1_91' title='bbox 1827 1190 1901 1245; x_wconf 74' lang='lat' dir='ltr'>Misit</span> <span class='ocrx_word' id='word_1_92' title='bbox 1922 1192 1993 1244; x_wconf 81' lang='lat' dir='ltr'>Deus</span> 
     </span>
     <span class='ocr_line' id='line_1_8' title="bbox 365 1281 1992 1384; baseline -0.014 -25"><span class='ocrx_word' id='word_1_93' title='bbox 365 1319 437 1365; x_wconf 83' lang='lat' dir='ltr'>near,</span> <span class='ocrx_word' id='word_1_94' title='bbox 452 1299 606 1356; x_wconf 84' lang='lat' dir='ltr'>inridebant</span> <span class='ocrx_word' id='word_1_95' title='bbox 617 1299 654 1363; x_wconf 91' lang='lat' dir='ltr'>ei,</span> <span class='ocrx_word' id='word_1_96' title='bbox 668 1312 717 1351; x_wconf 91' lang='lat' dir='ltr'>nec</span> <span class='ocrx_word' id='word_1_97' title='bbox 732 1296 877 1364; x_wconf 84' lang='lat' dir='ltr'>quidquam</span> <span class='ocrx_word' id='word_1_98' title='bbox 889 1282 1001 1363; x_wconf 75' lang='lat' dir='ltr'>paci&#39;lrca</span> <span class='ocrx_word' id='word_1_99' title='bbox 1011 1298 1101 1345; x_wconf 90' lang='lat' dir='ltr'>mente</span> <span class='ocrx_word' id='word_1_100' title='bbox 1112 1289 1151 1344; x_wconf 90' lang='lat' dir='ltr'>lo·</span> <span class='ocrx_word' id='word_1_101' title='bbox 1200 1285 1301 1341; x_wconf 85' lang='lat' dir='ltr'>Filium</span> <span class='ocrx_word' id='word_1_102' title='bbox 1323 1303 1400 1341; x_wconf 88' lang='lat' dir='ltr'>suum</span> <span class='ocrx_word' id='word_1_103' title='bbox 1415 1288 1442 1340; x_wconf 90' lang='lat' dir='ltr'>in</span> <span class='ocrx_word' id='word_1_104' title='bbox 1462 1284 1660 1340; x_wconf 84' lang='lat' dir='ltr'>similitudinem</span> <span class='ocrx_word' id='word_1_105' title='bbox 1679 1283 1767 1336; x_wconf 83' lang='lat' dir='ltr'>curnis</span> <span class='ocrx_word' id='word_1_106' title='bbox 1777 1282 1878 1351; x_wconf 77' lang='lat' dir='ltr'>peceati</span> <span class='ocrx_word' id='word_1_107' title='bbox 1893 1281 1992 1384; x_wconf 54' lang='lat' dir='ltr'>lilani.</span> 
     </span>
     <span class='ocr_line' id='line_1_9' title="bbox 365 1371 1995 1475; baseline -0.012 -28"><span class='ocrx_word' id='word_1_108' title='bbox 365 1394 410 1462; x_wconf 94' lang='lat' dir='ltr'>qui</span> <span class='ocrx_word' id='word_1_109' title='bbox 421 1399 555 1463; x_wconf 88' lang='lat' dir='ltr'>poterant,</span> <span class='ocrx_word' id='word_1_110' title='bbox 569 1404 648 1458; x_wconf 89' lang='lat' dir='ltr'>quem</span> <span class='ocrx_word' id='word_1_111' title='bbox 659 1388 755 1456; x_wconf 86' lang='lat' dir='ltr'>saepius</span> <span class='ocrx_word' id='word_1_112' title='bbox 770 1385 874 1440; x_wconf 84' lang='lat' dir='ltr'>insidiis</span> <span class='ocrx_word' id='word_1_113' title='bbox 885 1384 1022 1453; x_wconf 86' lang='lat' dir='ltr'>petebant,</span> <span class='ocrx_word' id='word_1_114' title='bbox 1046 1390 1074 1437; x_wconf 88' lang='lat' dir='ltr'>et</span> <span class='ocrx_word' id='word_1_115' title='bbox 1102 1395 1152 1450; x_wconf 91' lang='lat' dir='ltr'>pa·</span> <span class='ocrx_word' id='word_1_116' title='bbox 1201 1375 1270 1449; x_wconf 82' lang='grc' dir='ltr'>ιἰιι).</span> <span class='ocrx_word' id='word_1_117' title='bbox 1284 1376 1316 1433; x_wconf 89' lang='lat' dir='ltr'>Ut</span> <span class='ocrx_word' id='word_1_118' title='bbox 1332 1377 1437 1431; x_wconf 82' lang='lat' dir='ltr'>rideret</span> <span class='ocrx_word' id='word_1_119' title='bbox 1456 1376 1479 1431; x_wconf 90' lang='lat' dir='ltr'>si</span> <span class='ocrx_word' id='word_1_120' title='bbox 1493 1385 1566 1430; x_wconf 86' lang='lat' dir='ltr'>recte</span> <span class='ocrx_word' id='word_1_121' title='bbox 1577 1382 1670 1475; x_wconf 83' lang='lat' dir='ltr'>essent</span> <span class='ocrx_word' id='word_1_122' title='bbox 1682 1387 1757 1438; x_wconf 82' lang='lat' dir='ltr'>oves,</span> <span class='ocrx_word' id='word_1_123' title='bbox 1774 1380 1803 1426; x_wconf 91' lang='lat' dir='ltr'>et</span> <span class='ocrx_word' id='word_1_124' title='bbox 1820 1371 1954 1475; x_wconf 76' lang='grc' dir='ltr'>ὓοιιιιιιιιι</span> <span class='ocrx_word' id='word_1_125' title='bbox 1968 1389 1995 1427; x_wconf 90' lang='grc' dir='ltr'>ιιι</span> 
     </span>
     <span class='ocr_line' id='line_1_10' title="bbox 368 1462 1995 1545; baseline -0.011 -12"><span class='ocrx_word' id='word_1_126' title='bbox 368 1480 553 1535; x_wconf 86' lang='lat' dir='ltr'>tremiamilias</span> <span class='ocrx_word' id='word_1_127' title='bbox 567 1479 593 1532; x_wconf 94' lang='lat' dir='ltr'>in</span> <span class='ocrx_word' id='word_1_128' title='bbox 604 1476 754 1531; x_wconf 81' lang='lat' dir='ltr'>Beelzebub</span> <span class='ocrx_word' id='word_1_129' title='bbox 763 1476 886 1545; x_wconf 81' lang='lat' dir='ltr'>principe</span> <span class='ocrx_word' id='word_1_130' title='bbox 898 1474 1093 1529; x_wconf 72' lang='lat' dir='ltr'>demoniorum</span> <span class='ocrx_word' id='word_1_131' title='bbox 1102 1470 1152 1541; x_wconf 82' lang='lat' dir='ltr'>eji·</span> <span class='ocrx_word' id='word_1_132' title='bbox 1201 1466 1349 1537; x_wconf 77' lang='lat' dir='ltr'>Evangelio</span> <span class='ocrx_word' id='word_1_133' title='bbox 1364 1467 1466 1536; x_wconf 86' lang='lat' dir='ltr'>inquit:</span> <span class='ocrx_word' id='word_1_134' title='bbox 1481 1465 1542 1519; x_wconf 83' lang='lat' dir='ltr'>Non</span> <span class='ocrx_word' id='word_1_135' title='bbox 1557 1464 1613 1518; x_wconf 88' lang='lat' dir='ltr'>ueni</span> <span class='ocrx_word' id='word_1_136' title='bbox 1624 1462 1782 1517; x_wconf 81' lang='lat' dir='ltr'>meludeues</span> <span class='ocrx_word' id='word_1_137' title='bbox 1792 1478 1852 1530; x_wconf 80' lang='lat' dir='ltr'>que</span> <span class='ocrx_word' id='word_1_138' title='bbox 1861 1473 1995 1533; x_wconf 74' lang='lat' dir='ltr'>perierunt</span> 
     </span>
     <span class='ocr_line' id='line_1_11' title="bbox 366 1555 1968 1658; baseline -0.01 -36"><span class='ocrx_word' id='word_1_139' title='bbox 366 1584 427 1625; x_wconf 83' lang='lat' dir='ltr'>cere</span> <span class='ocrx_word' id='word_1_140' title='bbox 442 1567 572 1624; x_wconf 75' lang='lat' dir='ltr'>demetria</span> <span class='ocrx_word' id='word_1_141' title='bbox 587 1564 819 1635; x_wconf 86' lang='lat' dir='ltr'>blasphemabant.</span> <span class='ocrx_word' id='word_1_142' title='bbox 1202 1558 1294 1612; x_wconf 80' lang='lat' dir='ltr'>domur</span> <span class='ocrx_word' id='word_1_143' title='bbox 1306 1557 1391 1612; x_wconf 86' lang='lat' dir='ltr'>lsrael</span> <span class='ocrx_word' id='word_1_144' title='bbox 1404 1557 1511 1628; x_wconf 76' lang='lat' dir='ltr'>(Matris.</span> <span class='ocrx_word' id='word_1_145' title='bbox 1523 1555 1582 1628; x_wconf 74' lang='lat' dir='ltr'>xri.</span> <span class='ocrx_word' id='word_1_146' title='bbox 1962 1646 1968 1658; x_wconf 34' lang='grc' dir='ltr'>ι</span> 
     </span>
     <span class='ocr_line' id='line_1_12' title="bbox 400 1644 1997 1725; baseline -0.007 -15"><span class='ocrx_word' id='word_1_147' title='bbox 400 1656 500 1710; x_wconf 81' lang='lat' dir='ltr'>Accidit</span> <span class='ocrx_word' id='word_1_148' title='bbox 515 1671 617 1725; x_wconf 88' lang='lat' dir='ltr'>qnoque</span> <span class='ocrx_word' id='word_1_149' title='bbox 627 1664 653 1707; x_wconf 91' lang='lat' dir='ltr'>ut</span> <span class='ocrx_word' id='word_1_150' title='bbox 666 1652 885 1707; x_wconf 79' lang='lat' dir='ltr'>uisumsomninm</span> <span class='ocrx_word' id='word_1_151' title='bbox 897 1651 1002 1723; x_wconf 74' lang='lat' dir='ltr'>referret</span> <span class='ocrx_word' id='word_1_152' title='bbox 1013 1652 1152 1722; x_wconf 72' lang='lat' dir='ltr'>fratribus,</span> <span class='ocrx_word' id='word_1_153' title='bbox 1237 1648 1339 1705; x_wconf 78' lang='lat' dir='ltr'>inuenit</span> <span class='ocrx_word' id='word_1_154' title='bbox 1355 1666 1416 1721; x_wconf 80' lang='lat' dir='ltr'>erqo</span> <span class='ocrx_word' id='word_1_155' title='bbox 1428 1648 1525 1719; x_wconf 64' lang='lat' dir='ltr'>«ioseph</span> <span class='ocrx_word' id='word_1_156' title='bbox 1545 1648 1641 1717; x_wconf 71' lang='lat' dir='ltr'>fratres</span> <span class='ocrx_word' id='word_1_157' title='bbox 1668 1651 1696 1701; x_wconf 90' lang='lat' dir='ltr'>ht</span> <span class='ocrx_word' id='word_1_158' title='bbox 1720 1645 1855 1700; x_wconf 69' lang='lat' dir='ltr'>batlinias.</span> <span class='ocrx_word' id='word_1_159' title='bbox 1870 1644 1997 1700; x_wconf 78' lang='lat' dir='ltr'>bethaum</span> 
     </span>
    </p>

    <p class='ocr_par' dir='ltr' id='par_1_3' title="bbox 365 1736 2009 2176">
     <span class='ocr_line' id='line_1_13' title="bbox 365 1736 2000 1822; baseline -0.006 -19"><span class='ocrx_word' id='word_1_160' title='bbox 365 1746 636 1822; x_wconf 82' lang='lat' dir='ltr'>quaeeausnntujoris</span> <span class='ocrx_word' id='word_1_161' title='bbox 657 1744 710 1798; x_wconf 84' lang='lat' dir='ltr'>odii</span> <span class='ocrx_word' id='word_1_162' title='bbox 727 1743 894 1797; x_wconf 83' lang='lat' dir='ltr'>smuiuarium</span> <span class='ocrx_word' id='word_1_163' title='bbox 909 1742 968 1812; x_wconf 76' lang='lat' dir='ltr'>suit.</span> <span class='ocrx_word' id='word_1_164' title='bbox 984 1741 1153 1813; x_wconf 76' lang='lat' dir='ltr'>dixitquead</span> <span class='ocrx_word' id='word_1_165' title='bbox 1203 1742 1395 1813; x_wconf 88' lang='lat' dir='ltr'>interpretatur</span> <span class='ocrx_word' id='word_1_166' title='bbox 1417 1741 1543 1797; x_wconf 83' lang='lat' dir='ltr'>deiectio.</span> <span class='ocrx_word' id='word_1_167' title='bbox 1567 1738 1638 1794; x_wconf 75' lang='lat' dir='ltr'>Vere</span> <span class='ocrx_word' id='word_1_168' title='bbox 1661 1738 1687 1792; x_wconf 90' lang='lat' dir='ltr'>in</span> <span class='ocrx_word' id='word_1_169' title='bbox 1713 1737 1810 1809; x_wconf 74' lang='lat' dir='ltr'>grandi</span> <span class='ocrx_word' id='word_1_170' title='bbox 1845 1736 2000 1793; x_wconf 85' lang='lat' dir='ltr'>deiectione</span> 
     </span>
     <span class='ocr_line' id='line_1_14' title="bbox 366 1827 1738 1904; baseline -0.011 -9"><span class='ocrx_word' id='word_1_171' title='bbox 366 1853 431 1896; x_wconf 87' lang='lat' dir='ltr'>eos:</span> <span class='ocrx_word' id='word_1_172' title='bbox 446 1837 541 1894; x_wconf 78' lang='lat' dir='ltr'>Audite</span> <span class='ocrx_word' id='word_1_173' title='bbox 553 1837 684 1892; x_wconf 86' lang='lat' dir='ltr'>somnium</span> <span class='ocrx_word' id='word_1_174' title='bbox 696 1852 782 1890; x_wconf 85' lang='lat' dir='ltr'>meum</span> <span class='ocrx_word' id='word_1_175' title='bbox 802 1833 872 1904; x_wconf 86' lang='lat' dir='ltr'>qued</span> <span class='ocrx_word' id='word_1_176' title='bbox 888 1833 950 1886; x_wconf 86' lang='lat' dir='ltr'>uidi.</span> <span class='ocrx_word' id='word_1_177' title='bbox 971 1831 1101 1886; x_wconf 82' lang='lat' dir='ltr'>Putabam</span> <span class='ocrx_word' id='word_1_178' title='bbox 1121 1832 1156 1886; x_wconf 80' lang='lat' dir='ltr'>li·</span> <span class='ocrx_word' id='word_1_179' title='bbox 1203 1840 1293 1897; x_wconf 83' lang='lat' dir='ltr'>erent,</span> <span class='ocrx_word' id='word_1_180' title='bbox 1306 1831 1397 1901; x_wconf 92' lang='lat' dir='ltr'>quide</span> <span class='ocrx_word' id='word_1_181' title='bbox 1415 1828 1563 1884; x_wconf 77' lang='lat' dir='ltr'>fratricidio</span> <span class='ocrx_word' id='word_1_182' title='bbox 1573 1827 1738 1897; x_wconf 72' lang='lat' dir='ltr'>rogitabant.</span> 
     </span>
     <span class='ocr_line' id='line_1_15' title="bbox 367 1912 2002 1997; baseline -0.01 -14"><span class='ocrx_word' id='word_1_183' title='bbox 367 1942 429 1993; x_wconf 87' lang='lat' dir='ltr'>qare</span> <span class='ocrx_word' id='word_1_184' title='bbox 442 1944 488 1983; x_wconf 87' lang='lat' dir='ltr'>nes</span> <span class='ocrx_word' id='word_1_185' title='bbox 501 1924 649 1997; x_wconf 83' lang='lat' dir='ltr'>manipulos</span> <span class='ocrx_word' id='word_1_186' title='bbox 660 1925 688 1979; x_wconf 85' lang='lat' dir='ltr'>in</span> <span class='ocrx_word' id='word_1_187' title='bbox 698 1941 773 1995; x_wconf 82' lang='lat' dir='ltr'>apro,</span> <span class='ocrx_word' id='word_1_188' title='bbox 785 1933 809 1977; x_wconf 88' lang='lat' dir='ltr'>et</span> <span class='ocrx_word' id='word_1_189' title='bbox 822 1924 1060 1994; x_wconf 80' lang='lat' dir='ltr'>qnosieousurpere</span> <span class='ocrx_word' id='word_1_190' title='bbox 1070 1924 1155 1979; x_wconf 88' lang='lat' dir='ltr'>moni-</span> <span class='ocrx_word' id='word_1_191' title='bbox 1241 1920 1293 1987; x_wconf 79' lang='lat' dir='ltr'>Qut</span> <span class='ocrx_word' id='word_1_192' title='bbox 1305 1936 1364 1974; x_wconf 86' lang='lat' dir='ltr'>cnm</span> <span class='ocrx_word' id='word_1_193' title='bbox 1380 1919 1502 1974; x_wconf 84' lang='lat' dir='ltr'>uidissent</span> <span class='ocrx_word' id='word_1_194' title='bbox 1516 1915 1613 1987; x_wconf 70' lang='lat' dir='ltr'>loseph</span> <span class='ocrx_word' id='word_1_195' title='bbox 1628 1916 1736 1985; x_wconf 74' lang='lat' dir='ltr'>fratrem</span> <span class='ocrx_word' id='word_1_196' title='bbox 1750 1929 1827 1968; x_wconf 82' lang='lat' dir='ltr'>sunm</span> <span class='ocrx_word' id='word_1_197' title='bbox 1838 1912 1945 1984; x_wconf 77' lang='lat' dir='ltr'>procul,</span> <span class='ocrx_word' id='word_1_198' title='bbox 1954 1929 2002 1968; x_wconf 84' lang='lat' dir='ltr'>ee-</span> 
     </span>
     <span class='ocr_line' id='line_1_16' title="bbox 366 1986 2008 2090; baseline -0.008 -18"><span class='ocrx_word' id='word_1_199' title='bbox 366 1986 457 2090; x_wconf 71' lang='lat' dir='ltr'>pulnnt</span> <span class='ocrx_word' id='word_1_200' title='bbox 480 2033 565 2071; x_wconf 89' lang='lat' dir='ltr'>meum</span> <span class='ocrx_word' id='word_1_201' title='bbox 589 2026 613 2071; x_wconf 87' lang='lat' dir='ltr'>et</span> <span class='ocrx_word' id='word_1_202' title='bbox 635 2025 715 2079; x_wconf 85' lang='lat' dir='ltr'>stare,</span> <span class='ocrx_word' id='word_1_203' title='bbox 728 2023 875 2084; x_wconf 81' lang='lat' dir='ltr'>uestraeque</span> <span class='ocrx_word' id='word_1_204' title='bbox 885 2012 1033 2082; x_wconf 85' lang='lat' dir='ltr'>manipulos</span> <span class='ocrx_word' id='word_1_205' title='bbox 1043 2013 1156 2068; x_wconf 85' lang='lat' dir='ltr'>circnm-</span> <span class='ocrx_word' id='word_1_206' title='bbox 1206 2011 1364 2065; x_wconf 80' lang='lat' dir='ltr'>cidereeum</span> <span class='ocrx_word' id='word_1_207' title='bbox 1378 2004 1680 2079; x_wconf 60' lang='lat' dir='ltr'>constantinensium</span> <span class='ocrx_word' id='word_1_208' title='bbox 1697 2004 1820 2062; x_wconf 86' lang='lat' dir='ltr'>ridentes</span> <span class='ocrx_word' id='word_1_209' title='bbox 1840 2018 1937 2058; x_wconf 81' lang='lat' dir='ltr'>rerum</span> <span class='ocrx_word' id='word_1_210' title='bbox 1955 2002 2008 2059; x_wconf 73' lang='lat' dir='ltr'>Jo-</span> 
     </span>
     <span class='ocr_line' id='line_1_17' title="bbox 368 2095 2009 2176; baseline -0.008 -13"><span class='ocrx_word' id='word_1_211' title='bbox 368 2120 477 2171; x_wconf 86' lang='lat' dir='ltr'>atantes‚</span> <span class='ocrx_word' id='word_1_212' title='bbox 488 2108 599 2161; x_wconf 84' lang='lat' dir='ltr'>adorare</span> <span class='ocrx_word' id='word_1_213' title='bbox 610 2104 772 2176; x_wconf 71' lang='lat' dir='ltr'>martineium</span> <span class='ocrx_word' id='word_1_214' title='bbox 783 2120 878 2158; x_wconf 79' lang='lat' dir='ltr'>merens.</span> <span class='ocrx_word' id='word_1_215' title='bbox 897 2101 1091 2173; x_wconf 78' lang='lat' dir='ltr'>Responderunt</span> <span class='ocrx_word' id='word_1_216' title='bbox 1099 2101 1155 2171; x_wconf 77' lang='lat' dir='ltr'>fra·</span> <span class='ocrx_word' id='word_1_217' title='bbox 1169 2095 1193 2155; x_wconf 87' lang='lat' dir='ltr'>B</span> <span class='ocrx_word' id='word_1_218' title='bbox 1208 2103 1273 2171; x_wconf 83' lang='lat' dir='ltr'>seph</span> <span class='ocrx_word' id='word_1_219' title='bbox 1288 2101 1430 2157; x_wconf 84' lang='lat' dir='ltr'>llonrinum</span> <span class='ocrx_word' id='word_1_220' title='bbox 1444 2098 1536 2154; x_wconf 85' lang='lat' dir='ltr'>lesum</span> <span class='ocrx_word' id='word_1_221' title='bbox 1548 2097 1698 2163; x_wconf 82' lang='lat' dir='ltr'>Christum,</span> <span class='ocrx_word' id='word_1_222' title='bbox 1719 2105 1750 2151; x_wconf 91' lang='lat' dir='ltr'>ut</span> <span class='ocrx_word' id='word_1_223' title='bbox 1769 2112 1832 2152; x_wconf 88' lang='lat' dir='ltr'>eum</span> <span class='ocrx_word' id='word_1_224' title='bbox 1855 2096 2009 2164; x_wconf 74' lang='lat' dir='ltr'>crucilige·</span> 
     </span>
    </p>

    <p class='ocr_par' dir='ltr' id='par_1_4' title="bbox 327 2165 2040 4813">
     <span class='ocr_line' id='line_1_18' title="bbox 327 2165 2005 2269; baseline -0.007 -17"><span class='ocrx_word' id='word_1_225' title='bbox 327 2165 331 2173; x_wconf 15' lang='grc' dir='ltr'>ἱ</span> <span class='ocrx_word' id='word_1_226' title='bbox 368 2200 512 2269; x_wconf 76' lang='lat' dir='ltr'>tresejus:</span> <span class='ocrx_word' id='word_1_227' title='bbox 531 2194 658 2264; x_wconf 81' lang='lat' dir='ltr'>Numquid</span> <span class='ocrx_word' id='word_1_228' title='bbox 681 2212 726 2249; x_wconf 82' lang='lat' dir='ltr'>rex</span> <span class='ocrx_word' id='word_1_229' title='bbox 747 2204 834 2250; x_wconf 84' lang='lat' dir='ltr'>noster</span> <span class='ocrx_word' id='word_1_230' title='bbox 855 2192 1158 2261; x_wconf 82' lang='lat' dir='ltr'>eris,nutsnbjiet&#39;enrur</span> <span class='ocrx_word' id='word_1_231' title='bbox 1208 2202 1279 2259; x_wconf 89' lang='lat' dir='ltr'>rent,</span> <span class='ocrx_word' id='word_1_232' title='bbox 1290 2207 1374 2248; x_wconf 88' lang='lat' dir='ltr'>unum</span> <span class='ocrx_word' id='word_1_233' title='bbox 1393 2191 1535 2247; x_wconf 86' lang='lat' dir='ltr'>eonsilium</span> <span class='ocrx_word' id='word_1_234' title='bbox 1557 2203 1653 2244; x_wconf 89' lang='lat' dir='ltr'>omnes</span> <span class='ocrx_word' id='word_1_235' title='bbox 1680 2195 1835 2243; x_wconf 86' lang='lat' dir='ltr'>statuerunt</span> <span class='ocrx_word' id='word_1_236' title='bbox 1861 2187 2005 2243; x_wconf 83' lang='lat' dir='ltr'>diceutes:</span> 
     </span>
     <span class='ocr_line' id='line_1_19' title="bbox 369 2283 1630 2360; baseline -0.003 -17"><span class='ocrx_word' id='word_1_237' title='bbox 369 2292 461 2346; x_wconf 78' lang='lat' dir='ltr'>ditiora</span> <span class='ocrx_word' id='word_1_238' title='bbox 473 2288 544 2344; x_wconf 86' lang='lat' dir='ltr'>ture?</span> <span class='ocrx_word' id='word_1_239' title='bbox 562 2285 627 2342; x_wconf 82' lang='lat' dir='ltr'>lloee</span> <span class='ocrx_word' id='word_1_240' title='bbox 639 2303 698 2356; x_wconf 81' lang='lat' dir='ltr'>erqo</span> <span class='ocrx_word' id='word_1_241' title='bbox 712 2304 792 2340; x_wconf 86' lang='lat' dir='ltr'>causo</span> <span class='ocrx_word' id='word_1_242' title='bbox 802 2289 962 2341; x_wconf 78' lang='lat' dir='ltr'>romariorum</span> <span class='ocrx_word' id='word_1_243' title='bbox 974 2294 1051 2355; x_wconf 86' lang='lat' dir='ltr'>atque</span> <span class='ocrx_word' id='word_1_244' title='bbox 1060 2301 1158 2339; x_wconf 84' lang='lat' dir='ltr'>sermo·</span> <span class='ocrx_word' id='word_1_245' title='bbox 1207 2287 1336 2360; x_wconf 71' lang='lat' dir='ltr'>Crueipipe</span> <span class='ocrx_word' id='word_1_246' title='bbox 1347 2304 1405 2342; x_wconf 88' lang='lat' dir='ltr'>eum</span> <span class='ocrx_word' id='word_1_247' title='bbox 1416 2283 1630 2358; x_wconf 75' lang='lat' dir='ltr'>(Matthurn).</span> 
     </span>
     <span class='ocr_line' id='line_1_20' title="bbox 370 2372 2022 2450; baseline -0.001 -17"><span class='ocrx_word' id='word_1_248' title='bbox 370 2378 595 2442; x_wconf 71' lang='lat' dir='ltr'>sturmionidbeet</span> <span class='ocrx_word' id='word_1_249' title='bbox 610 2375 790 2444; x_wconf 68' lang='lat' dir='ltr'>odiisonritens</span> <span class='ocrx_word' id='word_1_250' title='bbox 815 2373 980 2428; x_wconf 83' lang='lat' dir='ltr'>ministrarit.</span> <span class='ocrx_word' id='word_1_251' title='bbox 1001 2372 1080 2434; x_wconf 81' lang='lat' dir='ltr'>Aliud</span> <span class='ocrx_word' id='word_1_252' title='bbox 1095 2390 1160 2444; x_wconf 83' lang='lat' dir='ltr'>quo-</span> <span class='ocrx_word' id='word_1_253' title='bbox 1246 2379 1313 2436; x_wconf 82' lang='lat' dir='ltr'>Feru</span> <span class='ocrx_word' id='word_1_254' title='bbox 1337 2381 1449 2450; x_wconf 84' lang='lat' dir='ltr'>pessima</span> <span class='ocrx_word' id='word_1_255' title='bbox 1471 2378 1602 2433; x_wconf 72' lang='lat' dir='ltr'>denorum!</span> <span class='ocrx_word' id='word_1_256' title='bbox 1624 2392 1693 2441; x_wconf 85' lang='lat' dir='ltr'>cum,</span> <span class='ocrx_word' id='word_1_257' title='bbox 1709 2376 1737 2432; x_wconf 90' lang='lat' dir='ltr'>id</span> <span class='ocrx_word' id='word_1_258' title='bbox 1749 2383 1801 2442; x_wconf 83' lang='lat' dir='ltr'>est,</span> <span class='ocrx_word' id='word_1_259' title='bbox 1821 2374 1939 2430; x_wconf 69' lang='lat' dir='ltr'>ludrica</span> <span class='ocrx_word' id='word_1_260' title='bbox 1959 2374 2022 2430; x_wconf 75' lang='lat' dir='ltr'>bo-</span> 
     </span>
     <span class='ocr_line' id='line_1_21' title="bbox 369 2460 2014 2539; baseline -0.009 -18"><span class='ocrx_word' id='word_1_261' title='bbox 369 2467 556 2539; x_wconf 82' lang='lat' dir='ltr'>qneromniunt</span> <span class='ocrx_word' id='word_1_262' title='bbox 569 2466 644 2529; x_wconf 84' lang='lat' dir='ltr'>uidit,</span> <span class='ocrx_word' id='word_1_263' title='bbox 656 2464 724 2535; x_wconf 85' lang='lat' dir='ltr'>quod</span> <span class='ocrx_word' id='word_1_264' title='bbox 739 2462 989 2533; x_wconf 69' lang='lat' dir='ltr'>narrentanorum</span> <span class='ocrx_word' id='word_1_265' title='bbox 1015 2464 1051 2516; x_wconf 86' lang='lat' dir='ltr'>uit</span> <span class='ocrx_word' id='word_1_266' title='bbox 1070 2480 1078 2517; x_wconf 90' lang='lat'><em>:</em></span> <span class='ocrx_word' id='word_1_267' title='bbox 1099 2460 1158 2516; x_wconf 78' lang='lat' dir='ltr'>Vtut</span> <span class='ocrx_word' id='word_1_268' title='bbox 1208 2469 1259 2525; x_wconf 65' lang='lat' dir='ltr'>gria</span> <span class='ocrx_word' id='word_1_269' title='bbox 1271 2468 1491 2533; x_wconf 64' lang='lat' dir='ltr'>inperfectam,</span> <span class='ocrx_word' id='word_1_270' title='bbox 1505 2467 1538 2523; x_wconf 75' lang='lat' dir='ltr'>de</span> <span class='ocrx_word' id='word_1_271' title='bbox 1553 2482 1606 2536; x_wconf 66' lang='lat' dir='ltr'>qua</span> <span class='ocrx_word' id='word_1_272' title='bbox 1619 2466 1748 2522; x_wconf 74' lang='lat' dir='ltr'>Dominus</span> <span class='ocrx_word' id='word_1_273' title='bbox 1762 2466 1790 2520; x_wconf 73' lang='lat' dir='ltr'>in</span> <span class='ocrx_word' id='word_1_274' title='bbox 1802 2465 1954 2536; x_wconf 63' lang='lat' dir='ltr'>Evangelio</span> <span class='ocrx_word' id='word_1_275' title='bbox 1963 2464 2014 2519; x_wconf 59' lang='lat'>411.</span> 
     </span>
     <span class='ocr_line' id='line_1_22' title="bbox 369 2551 2019 2631; baseline -0.003 -20"><span class='ocrx_word' id='word_1_276' title='bbox 369 2575 414 2628; x_wconf 87' lang='lat' dir='ltr'>per</span> <span class='ocrx_word' id='word_1_277' title='bbox 428 2559 554 2611; x_wconf 79' lang='lat' dir='ltr'>sorrrnium</span> <span class='ocrx_word' id='word_1_278' title='bbox 569 2556 645 2627; x_wconf 88' lang='lat' dir='ltr'>quasi</span> <span class='ocrx_word' id='word_1_279' title='bbox 667 2553 747 2609; x_wconf 84' lang='lat' dir='ltr'>solens</span> <span class='ocrx_word' id='word_1_280' title='bbox 760 2562 782 2607; x_wconf 86' lang='lat' dir='ltr'>et</span> <span class='ocrx_word' id='word_1_281' title='bbox 798 2551 888 2606; x_wconf 85' lang='lat' dir='ltr'>lurtum</span> <span class='ocrx_word' id='word_1_282' title='bbox 901 2561 925 2607; x_wconf 89' lang='lat' dir='ltr'>et</span> <span class='ocrx_word' id='word_1_283' title='bbox 938 2551 1026 2608; x_wconf 83' lang='lat' dir='ltr'>stelias</span> <span class='ocrx_word' id='word_1_284' title='bbox 1038 2553 1159 2606; x_wconf 79' lang='lat' dir='ltr'>undecim</span> <span class='ocrx_word' id='word_1_285' title='bbox 1208 2563 1262 2617; x_wconf 68' lang='lat'>0112</span> <span class='ocrx_word' id='word_1_286' title='bbox 1277 2561 1345 2616; x_wconf 64' lang='lat' dir='ltr'>Ecce</span> <span class='ocrx_word' id='word_1_287' title='bbox 1356 2577 1403 2631; x_wconf 71' lang='lat'>090</span> <span class='ocrx_word' id='word_1_288' title='bbox 1415 2560 1488 2614; x_wconf 71' lang='lat' dir='ltr'>mirre</span> <span class='ocrx_word' id='word_1_289' title='bbox 1499 2576 1542 2614; x_wconf 68' lang='lat' dir='ltr'>nne</span> <span class='ocrx_word' id='word_1_290' title='bbox 1551 2560 1619 2614; x_wconf 62' lang='lat' dir='ltr'>sient</span> <span class='ocrx_word' id='word_1_291' title='bbox 1640 2573 1699 2614; x_wconf 77' lang='lat' dir='ltr'>ones</span> <span class='ocrx_word' id='word_1_292' title='bbox 1710 2558 1738 2613; x_wconf 78' lang='lat' dir='ltr'>ia</span> <span class='ocrx_word' id='word_1_293' title='bbox 1756 2557 1844 2615; x_wconf 72' lang='lat' dir='ltr'>medio</span> <span class='ocrx_word' id='word_1_294' title='bbox 1868 2556 2019 2629; x_wconf 68' lang='lat' dir='ltr'>lupanas.</span> 
     </span>
     <span class='ocr_line' id='line_1_23' title="bbox 370 2633 1369 2723; baseline -0.004 -22"><span class='ocrx_word' id='word_1_295' title='bbox 370 2650 481 2703; x_wconf 68' lang='lat' dir='ltr'>indurare</span> <span class='ocrx_word' id='word_1_296' title='bbox 493 2665 542 2704; x_wconf 86' lang='lat' dir='ltr'>rne.</span> <span class='ocrx_word' id='word_1_297' title='bbox 555 2647 630 2714; x_wconf 83' lang='lat' dir='ltr'>Qrtod</span> <span class='ocrx_word' id='word_1_298' title='bbox 639 2663 696 2701; x_wconf 85' lang='lat' dir='ltr'>eunt</span> <span class='ocrx_word' id='word_1_299' title='bbox 709 2647 778 2719; x_wconf 83' lang='lat' dir='ltr'>petri</span> <span class='ocrx_word' id='word_1_300' title='bbox 789 2663 835 2700; x_wconf 85' lang='lat' dir='ltr'>ruo</span> <span class='ocrx_word' id='word_1_301' title='bbox 845 2655 869 2699; x_wconf 87' lang='lat' dir='ltr'>et</span> <span class='ocrx_word' id='word_1_302' title='bbox 882 2645 1007 2716; x_wconf 72' lang='lat' dir='ltr'>frutribus</span> <span class='ocrx_word' id='word_1_303' title='bbox 1019 2633 1158 2710; x_wconf 71' lang='lat' dir='ltr'>retulisset,</span> <span class='ocrx_word' id='word_1_304' title='bbox 1201 2649 1317 2723; x_wconf 57' lang='lat' dir='ltr'>(hauh.</span> <span class='ocrx_word' id='word_1_305' title='bbox 1331 2649 1369 2723; x_wconf 66' lang='grc' dir='ltr'>ι),</span> 
     </span>
     <span class='ocr_line' id='line_1_24' title="bbox 371 2736 2028 2812; baseline 0.002 -19"><span class='ocrx_word' id='word_1_306' title='bbox 371 2742 512 2812; x_wconf 80' lang='lat' dir='ltr'>increparit</span> <span class='ocrx_word' id='word_1_307' title='bbox 525 2758 583 2795; x_wconf 89' lang='lat' dir='ltr'>enrn</span> <span class='ocrx_word' id='word_1_308' title='bbox 595 2749 669 2810; x_wconf 87' lang='lat' dir='ltr'>pater</span> <span class='ocrx_word' id='word_1_309' title='bbox 679 2748 703 2793; x_wconf 83' lang='lat' dir='ltr'>et</span> <span class='ocrx_word' id='word_1_310' title='bbox 721 2738 805 2792; x_wconf 77' lang='lat' dir='ltr'>nisit:</span> <span class='ocrx_word' id='word_1_311' title='bbox 819 2738 890 2803; x_wconf 85' lang='lat' dir='ltr'>Quid</span> <span class='ocrx_word' id='word_1_312' title='bbox 901 2738 950 2792; x_wconf 83' lang='lat' dir='ltr'>sibi</span> <span class='ocrx_word' id='word_1_313' title='bbox 964 2736 1017 2792; x_wconf 83' lang='lat' dir='ltr'>uult</span> <span class='ocrx_word' id='word_1_314' title='bbox 1029 2737 1078 2792; x_wconf 85' lang='lat' dir='ltr'>lroe</span> <span class='ocrx_word' id='word_1_315' title='bbox 1090 2753 1160 2792; x_wconf 80' lang='lat' dir='ltr'>tons·</span> <span class='ocrx_word' id='word_1_316' title='bbox 1245 2740 1386 2811; x_wconf 71' lang='lat' dir='ltr'>Confestim</span> <span class='ocrx_word' id='word_1_317' title='bbox 1398 2740 1478 2812; x_wconf 77' lang='lat' dir='ltr'>iqitnr</span> <span class='ocrx_word' id='word_1_318' title='bbox 1490 2749 1517 2795; x_wconf 91' lang='lat' dir='ltr'>ut</span> <span class='ocrx_word' id='word_1_319' title='bbox 1527 2741 1639 2812; x_wconf 79' lang='lat' dir='ltr'>peruenit</span> <span class='ocrx_word' id='word_1_320' title='bbox 1657 2742 1692 2795; x_wconf 86' lang='lat' dir='ltr'>ad</span> <span class='ocrx_word' id='word_1_321' title='bbox 1711 2744 1819 2812; x_wconf 71' lang='lat' dir='ltr'>fratres,</span> <span class='ocrx_word' id='word_1_322' title='bbox 1840 2742 2028 2797; x_wconf 72' lang='lat' dir='ltr'>auderem</span> 
     </span>
     <span class='ocr_line' id='line_1_25' title="bbox 372 2829 2036 2902; baseline 0 -16"><span class='ocrx_word' id='word_1_323' title='bbox 372 2838 442 2886; x_wconf 73' lang='lat' dir='ltr'>ericam</span> <span class='ocrx_word' id='word_1_324' title='bbox 454 2832 522 2901; x_wconf 84' lang='lat' dir='ltr'>quod</span> <span class='ocrx_word' id='word_1_325' title='bbox 533 2831 620 2885; x_wconf 86' lang='lat' dir='ltr'>uidisti</span> <span class='ocrx_word' id='word_1_326' title='bbox 632 2832 644 2885; x_wconf 79' lang='lat' dir='ltr'>l</span> <span class='ocrx_word' id='word_1_327' title='bbox 656 2830 681 2884; x_wconf 85' lang='lat' dir='ltr'><strong><em>N</em></strong></span> <span class='ocrx_word' id='word_1_328' title='bbox 684 2848 726 2885; x_wconf 89' lang='lat' dir='ltr'>nru</span> <span class='ocrx_word' id='word_1_329' title='bbox 738 2847 795 2901; x_wconf 82' lang='lat' dir='ltr'>epo,</span> <span class='ocrx_word' id='word_1_330' title='bbox 818 2840 842 2886; x_wconf 88' lang='lat' dir='ltr'>et</span> <span class='ocrx_word' id='word_1_331' title='bbox 855 2841 938 2885; x_wconf 79' lang='lat' dir='ltr'>uenter</span> <span class='ocrx_word' id='word_1_332' title='bbox 951 2840 1008 2897; x_wconf 86' lang='lat' dir='ltr'>tun,</span> <span class='ocrx_word' id='word_1_333' title='bbox 1026 2841 1050 2886; x_wconf 86' lang='lat' dir='ltr'>et</span> <span class='ocrx_word' id='word_1_334' title='bbox 1065 2831 1160 2901; x_wconf 69' lang='lat' dir='ltr'>[ratres</span> <span class='ocrx_word' id='word_1_335' title='bbox 1209 2846 1268 2885; x_wconf 84' lang='lat' dir='ltr'>enm</span> <span class='ocrx_word' id='word_1_336' title='bbox 1282 2831 1370 2883; x_wconf 83' lang='lat' dir='ltr'>tunica</span> <span class='ocrx_word' id='word_1_337' title='bbox 1381 2829 1461 2884; x_wconf 82' lang='lat' dir='ltr'>talari</span> <span class='ocrx_word' id='word_1_338' title='bbox 1472 2839 1496 2884; x_wconf 89' lang='lat' dir='ltr'>et</span> <span class='ocrx_word' id='word_1_339' title='bbox 1509 2829 1647 2900; x_wconf 74' lang='lat' dir='ltr'>polymite,</span> <span class='ocrx_word' id='word_1_340' title='bbox 1658 2831 1836 2902; x_wconf 85' lang='lat' dir='ltr'>miseruntque</span> <span class='ocrx_word' id='word_1_341' title='bbox 1862 2831 1893 2886; x_wconf 77' lang='lat' dir='ltr'>in</span> <span class='ocrx_word' id='word_1_342' title='bbox 1917 2832 2036 2887; x_wconf 73' lang='lat' dir='ltr'>mater-</span> 
     </span>
     <span class='ocr_line' id='line_1_26' title="bbox 371 2918 2040 2992; baseline 0.001 -17"><span class='ocrx_word' id='word_1_343' title='bbox 371 2925 420 2982; x_wconf 78' lang='lat' dir='ltr'>n-i,</span> <span class='ocrx_word' id='word_1_344' title='bbox 436 2923 602 2975; x_wconf 76' lang='lat' dir='ltr'>adarabinrns</span> <span class='ocrx_word' id='word_1_345' title='bbox 615 2923 848 2991; x_wconf 82' lang='lat' dir='ltr'>tesnperterrnm?</span> <span class='ocrx_word' id='word_1_346' title='bbox 870 2920 925 2976; x_wconf 87' lang='lat' dir='ltr'>Nisi</span> <span class='ocrx_word' id='word_1_347' title='bbox 948 2922 976 2977; x_wconf 90' lang='lat' dir='ltr'>in</span> <span class='ocrx_word' id='word_1_348' title='bbox 1000 2922 1089 2991; x_wconf 87' lang='lat' dir='ltr'>ailquo</span> <span class='ocrx_word' id='word_1_349' title='bbox 1102 2935 1161 2992; x_wconf 82' lang='lat' dir='ltr'>my·</span> <span class='ocrx_word' id='word_1_350' title='bbox 1211 2935 1338 2990; x_wconf 80' lang='lat' dir='ltr'>namque</span> <span class='ocrx_word' id='word_1_351' title='bbox 1350 2935 1400 2973; x_wconf 87' lang='lat' dir='ltr'>non</span> <span class='ocrx_word' id='word_1_352' title='bbox 1411 2918 1519 2973; x_wconf 80' lang='lat' dir='ltr'>liniebat</span> <span class='ocrx_word' id='word_1_353' title='bbox 1537 2936 1642 2990; x_wconf 86' lang='lat' dir='ltr'>uquam,</span> <span class='ocrx_word' id='word_1_354' title='bbox 1658 2930 1681 2973; x_wconf 90' lang='lat' dir='ltr'>et</span> <span class='ocrx_word' id='word_1_355' title='bbox 1695 2920 1816 2975; x_wconf 81' lang='lat' dir='ltr'>sederunt</span> <span class='ocrx_word' id='word_1_356' title='bbox 1833 2930 1863 2975; x_wconf 89' lang='grc' dir='ltr'>ιιι</span> <span class='ocrx_word' id='word_1_357' title='bbox 1885 2921 2040 2978; x_wconf 77' lang='lat' dir='ltr'>comede-</span> 
     </span>
     <span class='ocr_line' id='line_1_27' title="bbox 372 3008 2039 3084; baseline 0.002 -18"><span class='ocrx_word' id='word_1_358' title='bbox 372 3013 455 3066; x_wconf 74' lang='lat' dir='ltr'>sterio</span> <span class='ocrx_word' id='word_1_359' title='bbox 468 3013 570 3066; x_wconf 89' lang='lat' dir='ltr'>dietum</span> <span class='ocrx_word' id='word_1_360' title='bbox 581 3012 738 3080; x_wconf 86' lang='lat' dir='ltr'>accipiatur,</span> <span class='ocrx_word' id='word_1_361' title='bbox 752 3012 1092 3084; x_wconf 79' lang='lat' dir='ltr'>quomodnintelligiturde</span> <span class='ocrx_word' id='word_1_362' title='bbox 1105 3028 1161 3067; x_wconf 89' lang='lat' dir='ltr'>ma·</span> <span class='ocrx_word' id='word_1_363' title='bbox 1211 3021 1266 3065; x_wconf 85' lang='lat' dir='ltr'>rent</span> <span class='ocrx_word' id='word_1_364' title='bbox 1284 3027 1387 3081; x_wconf 84' lang='lat' dir='ltr'>panem.</span> <span class='ocrx_word' id='word_1_365' title='bbox 1401 3008 1577 3065; x_wconf 89' lang='lat' dir='ltr'>Nudaverunt</span> <span class='ocrx_word' id='word_1_366' title='bbox 1599 3010 1698 3083; x_wconf 83' lang='lat' dir='ltr'>loseph</span> <span class='ocrx_word' id='word_1_367' title='bbox 1723 3012 1822 3069; x_wconf 85' lang='lat' dir='ltr'>batres</span> <span class='ocrx_word' id='word_1_368' title='bbox 1849 3013 1892 3069; x_wconf 84' lang='lat' dir='ltr'>sui</span> <span class='ocrx_word' id='word_1_369' title='bbox 1917 3014 2039 3069; x_wconf 71' lang='lat' dir='ltr'>unica</span> 
     </span>
     <span class='ocr_line' id='line_1_28' title="bbox 373 3100 2040 3175; baseline 0.005 -21"><span class='ocrx_word' id='word_1_370' title='bbox 373 3114 412 3155; x_wconf 84' lang='lat' dir='ltr'>tre</span> <span class='ocrx_word' id='word_1_371' title='bbox 428 3100 536 3171; x_wconf 78' lang='lat' dir='ltr'>ioseph,</span> <span class='ocrx_word' id='word_1_372' title='bbox 551 3116 610 3170; x_wconf 68' lang='lat' dir='ltr'>que</span> <span class='ocrx_word' id='word_1_373' title='bbox 620 3100 676 3169; x_wconf 83' lang='lat' dir='ltr'>jum</span> <span class='ocrx_word' id='word_1_374' title='bbox 690 3103 878 3158; x_wconf 82' lang='lat' dir='ltr'>eratmortual</span> <span class='ocrx_word' id='word_1_375' title='bbox 894 3102 970 3159; x_wconf 89' lang='lat' dir='ltr'>Unde</span> <span class='ocrx_word' id='word_1_376' title='bbox 980 3118 1029 3158; x_wconf 89' lang='lat' dir='ltr'>nee</span> <span class='ocrx_word' id='word_1_377' title='bbox 1041 3103 1067 3157; x_wconf 91' lang='lat' dir='ltr'>in</span> <span class='ocrx_word' id='word_1_378' title='bbox 1079 3102 1162 3173; x_wconf 81' lang='lat' dir='ltr'><strong>AEgy·</strong></span> <span class='ocrx_word' id='word_1_379' title='bbox 1211 3102 1341 3173; x_wconf 81' lang='lat' dir='ltr'>polymita</span> <span class='ocrx_word' id='word_1_380' title='bbox 1356 3110 1383 3157; x_wconf 91' lang='lat' dir='ltr'>et</span> <span class='ocrx_word' id='word_1_381' title='bbox 1395 3102 1474 3157; x_wconf 90' lang='lat' dir='ltr'>talari</span> <span class='ocrx_word' id='word_1_382' title='bbox 1483 3120 1490 3168; x_wconf 90' lang='lat'>;</span> <span class='ocrx_word' id='word_1_383' title='bbox 1500 3102 1636 3159; x_wconf 88' lang='lat' dir='ltr'>Christum</span> <span class='ocrx_word' id='word_1_384' title='bbox 1648 3103 1732 3160; x_wconf 78' lang='lat' dir='ltr'>ludaei</span> <span class='ocrx_word' id='word_1_385' title='bbox 1752 3120 1802 3175; x_wconf 91' lang='lat' dir='ltr'>per</span> <span class='ocrx_word' id='word_1_386' title='bbox 1813 3113 1935 3162; x_wconf 86' lang='lat' dir='ltr'>mortem</span> <span class='ocrx_word' id='word_1_387' title='bbox 1949 3121 2040 3162; x_wconf 66' lang='lat' dir='ltr'>eru-</span> 
     </span>
     <span class='ocr_line' id='line_1_29' title="bbox 372 3190 2034 3266; baseline 0.005 -22"><span class='ocrx_word' id='word_1_388' title='bbox 372 3203 418 3260; x_wconf 68' lang='lat' dir='ltr'>pso</span> <span class='ocrx_word' id='word_1_389' title='bbox 434 3207 494 3246; x_wconf 89' lang='lat' dir='ltr'>cum</span> <span class='ocrx_word' id='word_1_390' title='bbox 510 3190 711 3256; x_wconf 84' lang='lat' dir='ltr'>sublimaretur,</span> <span class='ocrx_word' id='word_1_391' title='bbox 735 3193 883 3261; x_wconf 88' lang='lat' dir='ltr'>putandum</span> <span class='ocrx_word' id='word_1_392' title='bbox 905 3201 947 3248; x_wconf 91' lang='lat' dir='ltr'>est</span> <span class='ocrx_word' id='word_1_393' title='bbox 970 3207 1030 3248; x_wconf 89' lang='lat' dir='ltr'>esse</span> <span class='ocrx_word' id='word_1_394' title='bbox 1044 3192 1162 3261; x_wconf 86' lang='lat' dir='ltr'>eoruple·</span> <span class='ocrx_word' id='word_1_395' title='bbox 1211 3193 1250 3247; x_wconf 90' lang='lat' dir='ltr'>eis</span> <span class='ocrx_word' id='word_1_396' title='bbox 1265 3192 1486 3263; x_wconf 78' lang='lat' dir='ltr'>exspoliaverunt</span> <span class='ocrx_word' id='word_1_397' title='bbox 1496 3194 1586 3249; x_wconf 91' lang='lat' dir='ltr'>tuuiea</span> <span class='ocrx_word' id='word_1_398' title='bbox 1596 3194 1740 3265; x_wconf 88' lang='lat' dir='ltr'>corporali.</span> <span class='ocrx_word' id='word_1_399' title='bbox 1755 3194 1892 3266; x_wconf 83' lang='lat' dir='ltr'>Polyrnita</span> <span class='ocrx_word' id='word_1_400' title='bbox 1906 3205 2034 3261; x_wconf 82' lang='lat' dir='ltr'>autem,</span> 
     </span>
     <span class='ocr_line' id='line_1_30' title="bbox 373 3283 2040 3357; baseline 0.005 -20"><span class='ocrx_word' id='word_1_401' title='bbox 373 3296 440 3347; x_wconf 82' lang='lat' dir='ltr'>turn,</span> <span class='ocrx_word' id='word_1_402' title='bbox 455 3284 517 3353; x_wconf 91' lang='lat' dir='ltr'>quia</span> <span class='ocrx_word' id='word_1_403' title='bbox 541 3299 591 3338; x_wconf 91' lang='lat' dir='ltr'>nee</span> <span class='ocrx_word' id='word_1_404' title='bbox 614 3294 692 3354; x_wconf 90' lang='lat' dir='ltr'>pater</span> <span class='ocrx_word' id='word_1_405' title='bbox 714 3300 775 3339; x_wconf 86' lang='lat' dir='ltr'>cunr</span> <span class='ocrx_word' id='word_1_406' title='bbox 790 3286 922 3352; x_wconf 85' lang='lat' dir='ltr'>adorauit,</span> <span class='ocrx_word' id='word_1_407' title='bbox 935 3288 1043 3357; x_wconf 91' lang='lat' dir='ltr'>qnando</span> <span class='ocrx_word' id='word_1_408' title='bbox 1054 3287 1087 3341; x_wconf 90' lang='lat' dir='ltr'>ad</span> <span class='ocrx_word' id='word_1_409' title='bbox 1099 3302 1161 3341; x_wconf 86' lang='lat' dir='ltr'>euru</span> <span class='ocrx_word' id='word_1_410' title='bbox 1213 3284 1240 3338; x_wconf 85' lang='lat' dir='ltr'>id</span> <span class='ocrx_word' id='word_1_411' title='bbox 1258 3293 1309 3348; x_wconf 89' lang='lat' dir='ltr'>est,</span> <span class='ocrx_word' id='word_1_412' title='bbox 1325 3284 1452 3340; x_wconf 85' lang='lat' dir='ltr'>decorata</span> <span class='ocrx_word' id='word_1_413' title='bbox 1463 3283 1583 3339; x_wconf 89' lang='lat' dir='ltr'>omniurn</span> <span class='ocrx_word' id='word_1_414' title='bbox 1600 3284 1728 3341; x_wconf 83' lang='lat' dir='ltr'>uirtutum</span> <span class='ocrx_word' id='word_1_415' title='bbox 1754 3287 1929 3345; x_wconf 80' lang='lat' dir='ltr'>diuersitate.</span> <span class='ocrx_word' id='word_1_416' title='bbox 1961 3289 2040 3345; x_wconf 77' lang='lat' dir='ltr'>lle-</span> 
     </span>
     <span class='ocr_line' id='line_1_31' title="bbox 373 3370 2032 3451; baseline 0.009 -31"><span class='ocrx_word' id='word_1_417' title='bbox 373 3373 445 3426; x_wconf 81' lang='lat' dir='ltr'>renit</span> <span class='ocrx_word' id='word_1_418' title='bbox 462 3372 487 3425; x_wconf 92' lang='lat' dir='ltr'>iu</span> <span class='ocrx_word' id='word_1_419' title='bbox 503 3370 657 3442; x_wconf 77' lang='lat' dir='ltr'>AEgyptunr,</span> <span class='ocrx_word' id='word_1_420' title='bbox 674 3389 723 3428; x_wconf 91' lang='lat' dir='ltr'>nee</span> <span class='ocrx_word' id='word_1_421' title='bbox 735 3383 822 3430; x_wconf 90' lang='lat' dir='ltr'>mater</span> <span class='ocrx_word' id='word_1_422' title='bbox 833 3376 897 3431; x_wconf 90' lang='lat' dir='ltr'>olim</span> <span class='ocrx_word' id='word_1_423' title='bbox 911 3375 1036 3431; x_wconf 87' lang='lat' dir='ltr'>delunrta</span> <span class='ocrx_word' id='word_1_424' title='bbox 1062 3375 1159 3446; x_wconf 84' lang='lat' dir='ltr'>putuit.</span> <span class='ocrx_word' id='word_1_425' title='bbox 1212 3381 1468 3442; x_wconf 87' lang='lat' dir='ltr'>sparseruntautem</span> <span class='ocrx_word' id='word_1_426' title='bbox 1480 3375 1596 3431; x_wconf 83' lang='lat' dir='ltr'>tunicam</span> <span class='ocrx_word' id='word_1_427' title='bbox 1610 3376 1678 3432; x_wconf 75' lang='lat' dir='ltr'>haedi</span> <span class='ocrx_word' id='word_1_428' title='bbox 1693 3376 1833 3447; x_wconf 78' lang='lat' dir='ltr'>sauguine,</span> <span class='ocrx_word' id='word_1_429' title='bbox 1848 3379 1917 3451; x_wconf 88' lang='lat' dir='ltr'>quia</span> <span class='ocrx_word' id='word_1_430' title='bbox 1938 3379 2032 3436; x_wconf 78' lang='lat' dir='ltr'>lalsis</span> 
     </span>
     <span class='ocr_line' id='line_1_32' title="bbox 373 3443 2032 3538; baseline 0.008 -24"><span class='ocrx_word' id='word_1_431' title='bbox 373 3461 401 3514; x_wconf 92' lang='lat' dir='ltr'>lu</span> <span class='ocrx_word' id='word_1_432' title='bbox 416 3460 516 3515; x_wconf 87' lang='lat' dir='ltr'>Christi</span> <span class='ocrx_word' id='word_1_433' title='bbox 532 3476 596 3530; x_wconf 83' lang='lat' dir='ltr'>ergo</span> <span class='ocrx_word' id='word_1_434' title='bbox 609 3477 723 3531; x_wconf 86' lang='lat' dir='ltr'>persona</span> <span class='ocrx_word' id='word_1_435' title='bbox 735 3464 813 3520; x_wconf 89' lang='lat' dir='ltr'>laeile</span> <span class='ocrx_word' id='word_1_436' title='bbox 833 3466 946 3538; x_wconf 81' lang='lat' dir='ltr'>intelligi</span> <span class='ocrx_word' id='word_1_437' title='bbox 970 3476 1059 3537; x_wconf 89' lang='lat' dir='ltr'>potest</span> <span class='ocrx_word' id='word_1_438' title='bbox 1078 3469 1161 3522; x_wconf 91' lang='lat' dir='ltr'>etiam</span> <span class='ocrx_word' id='word_1_439' title='bbox 1175 3443 1197 3505; x_wconf 74' lang='lat' dir='ltr'>C</span> <span class='ocrx_word' id='word_1_440' title='bbox 1213 3479 1275 3519; x_wconf 90' lang='lat' dir='ltr'>eum</span> <span class='ocrx_word' id='word_1_441' title='bbox 1290 3465 1453 3521; x_wconf 87' lang='lat' dir='ltr'>testimoniis</span> <span class='ocrx_word' id='word_1_442' title='bbox 1466 3475 1636 3531; x_wconf 83' lang='lat' dir='ltr'>accusantes,</span> <span class='ocrx_word' id='word_1_443' title='bbox 1665 3469 1690 3522; x_wconf 90' lang='lat' dir='ltr'>in</span> <span class='ocrx_word' id='word_1_444' title='bbox 1714 3469 1844 3525; x_wconf 83' lang='lat' dir='ltr'>inuidiam</span> <span class='ocrx_word' id='word_1_445' title='bbox 1872 3471 2032 3528; x_wconf 78' lang='lat' dir='ltr'>deduxere</span> 
     </span>
     <span class='ocr_line' id='line_1_33' title="bbox 374 3550 2024 3628; baseline 0.008 -23"><span class='ocrx_word' id='word_1_446' title='bbox 374 3553 406 3605; x_wconf 88' lang='lat' dir='ltr'>de</span> <span class='ocrx_word' id='word_1_447' title='bbox 428 3550 553 3616; x_wconf 89' lang='lat' dir='ltr'>mortuis,</span> <span class='ocrx_word' id='word_1_448' title='bbox 578 3553 724 3606; x_wconf 84' lang='lat' dir='ltr'>seeundum</span> <span class='ocrx_word' id='word_1_449' title='bbox 745 3553 810 3608; x_wconf 93' lang='lat' dir='ltr'>illud</span> <span class='ocrx_word' id='word_1_450' title='bbox 832 3557 903 3625; x_wconf 91' lang='lat' dir='ltr'>quod</span> <span class='ocrx_word' id='word_1_451' title='bbox 924 3557 989 3611; x_wconf 87' lang='lat' dir='ltr'>dicit</span> <span class='ocrx_word' id='word_1_452' title='bbox 1018 3557 1162 3628; x_wconf 77' lang='lat' dir='ltr'>Apostolus</span> <span class='ocrx_word' id='word_1_453' title='bbox 1214 3556 1329 3627; x_wconf 85' lang='lat' dir='ltr'>peccati,</span> <span class='ocrx_word' id='word_1_454' title='bbox 1344 3557 1464 3612; x_wconf 83' lang='lat' dir='ltr'>uranium</span> <span class='ocrx_word' id='word_1_455' title='bbox 1480 3567 1590 3628; x_wconf 85' lang='lat' dir='ltr'>peecata</span> <span class='ocrx_word' id='word_1_456' title='bbox 1602 3560 1756 3615; x_wconf 89' lang='lat' dir='ltr'>donantem.</span> <span class='ocrx_word' id='word_1_457' title='bbox 1772 3559 1892 3616; x_wconf 86' lang='lat' dir='ltr'>llittitur</span> <span class='ocrx_word' id='word_1_458' title='bbox 1915 3564 2024 3619; x_wconf 81' lang='lat' dir='ltr'>dehine</span> 
     </span>
     <span class='ocr_line' id='line_1_34' title="bbox 375 3636 2019 3727; baseline 0.012 -35"><span class='ocrx_word' id='word_1_459' title='bbox 375 3638 458 3707; x_wconf 79' lang='lat' dir='ltr'>(tunt.</span> <span class='ocrx_word' id='word_1_460' title='bbox 473 3637 515 3710; x_wconf 88' lang='grc' dir='ltr'>ιι).</span> <span class='ocrx_word' id='word_1_461' title='bbox 532 3636 600 3703; x_wconf 81' lang='lat' dir='ltr'>erin</span> <span class='ocrx_word' id='word_1_462' title='bbox 614 3639 720 3694; x_wconf 76' lang='lat' dir='ltr'>detinuit</span> <span class='ocrx_word' id='word_1_463' title='bbox 736 3643 759 3695; x_wconf 85' lang='lat' dir='ltr'>ei</span> <span class='ocrx_word' id='word_1_464' title='bbox 770 3659 861 3698; x_wconf 78' lang='lat' dir='ltr'>ttamen</span> <span class='ocrx_word' id='word_1_465' title='bbox 881 3645 950 3715; x_wconf 86' lang='lat' dir='ltr'>quod</span> <span class='ocrx_word' id='word_1_466' title='bbox 961 3657 997 3699; x_wconf 84' lang='lat' dir='ltr'>est</span> <span class='ocrx_word' id='word_1_467' title='bbox 1013 3663 1092 3717; x_wconf 85' lang='lat' dir='ltr'>snper</span> <span class='ocrx_word' id='word_1_468' title='bbox 1105 3664 1162 3702; x_wconf 89' lang='lat' dir='ltr'>om·</span> <span class='ocrx_word' id='word_1_469' title='bbox 1215 3650 1241 3704; x_wconf 91' lang='lat' dir='ltr'>iu</span> <span class='ocrx_word' id='word_1_470' title='bbox 1252 3650 1443 3716; x_wconf 86' lang='lat' dir='ltr'>eisternant,id</span> <span class='ocrx_word' id='word_1_471' title='bbox 1453 3661 1505 3717; x_wconf 90' lang='lat' dir='ltr'>est,</span> <span class='ocrx_word' id='word_1_472' title='bbox 1517 3653 1545 3706; x_wconf 92' lang='lat' dir='ltr'>in</span> <span class='ocrx_word' id='word_1_473' title='bbox 1558 3652 1654 3716; x_wconf 91' lang='lat' dir='ltr'>laeum,</span> <span class='ocrx_word' id='word_1_474' title='bbox 1668 3662 1695 3708; x_wconf 91' lang='lat' dir='ltr'>et</span> <span class='ocrx_word' id='word_1_475' title='bbox 1705 3653 1832 3710; x_wconf 85' lang='lat' dir='ltr'>Christus</span> <span class='ocrx_word' id='word_1_476' title='bbox 1845 3655 2019 3727; x_wconf 81' lang='lat' dir='ltr'>exspoliatus</span> 
     </span>
     <span class='ocr_line' id='line_1_35' title="bbox 375 3730 1778 3807; baseline 0.012 -26"><span class='ocrx_word' id='word_1_477' title='bbox 375 3737 561 3791; x_wconf 66' lang='lat' dir='ltr'>nuntiauerant</span> <span class='ocrx_word' id='word_1_478' title='bbox 575 3731 601 3782; x_wconf 88' lang='lat' dir='ltr'>r&#39;n</span> <span class='ocrx_word' id='word_1_479' title='bbox 618 3730 720 3784; x_wconf 81' lang='lat' dir='ltr'>storninc</span> <span class='ocrx_word' id='word_1_480' title='bbox 732 3731 795 3786; x_wconf 71' lang='lat' dir='ltr'>lesu</span> <span class='ocrx_word' id='word_1_481' title='bbox 809 3749 884 3788; x_wconf 88' lang='lat' dir='ltr'>ourne</span> <span class='ocrx_word' id='word_1_482' title='bbox 896 3751 961 3804; x_wconf 73' lang='lat' dir='ltr'>penu</span> <span class='ocrx_word' id='word_1_483' title='bbox 973 3737 1102 3804; x_wconf 77' lang='lat' dir='ltr'>flectatur,</span> <span class='ocrx_word' id='word_1_484' title='bbox 1111 3753 1164 3790; x_wconf 85' lang='lat' dir='ltr'>roe-</span> <span class='ocrx_word' id='word_1_485' title='bbox 1214 3755 1295 3795; x_wconf 89' lang='lat' dir='ltr'>earne</span> <span class='ocrx_word' id='word_1_486' title='bbox 1309 3741 1434 3807; x_wconf 85' lang='lat' dir='ltr'>bourona,</span> <span class='ocrx_word' id='word_1_487' title='bbox 1449 3742 1587 3797; x_wconf 81' lang='lat' dir='ltr'>deseendit</span> <span class='ocrx_word' id='word_1_488' title='bbox 1598 3743 1624 3797; x_wconf 92' lang='lat' dir='ltr'>in</span> <span class='ocrx_word' id='word_1_489' title='bbox 1633 3741 1778 3798; x_wconf 76' lang='lat' dir='ltr'>infernum.</span> 
     </span>
     <span class='ocr_line' id='line_1_36' title="bbox 375 3817 2009 3902; baseline 0.013 -34"><span class='ocrx_word' id='word_1_490' title='bbox 375 3817 490 3881; x_wconf 79' lang='lat' dir='ltr'>lenium,</span> <span class='ocrx_word' id='word_1_491' title='bbox 501 3818 661 3870; x_wconf 83' lang='lat' dir='ltr'>terrestrium</span> <span class='ocrx_word' id='word_1_492' title='bbox 677 3828 699 3871; x_wconf 90' lang='lat' dir='ltr'>ct</span> <span class='ocrx_word' id='word_1_493' title='bbox 715 3819 888 3890; x_wconf 62' lang='lat' dir='ltr'>irrserrrornm,</span> <span class='ocrx_word' id='word_1_494' title='bbox 916 3823 1012 3895; x_wconf 72' lang='lat' dir='ltr'>(laid.)</span> <span class='ocrx_word' id='word_1_495' title='bbox 1024 3823 1163 3881; x_wconf 90' lang='lat' dir='ltr'>Somnium</span> <span class='ocrx_word' id='word_1_496' title='bbox 1254 3829 1432 3902; x_wconf 61' lang='lat' dir='ltr'>videruntque</span> <span class='ocrx_word' id='word_1_497' title='bbox 1456 3832 1567 3887; x_wconf 78' lang='lat' dir='ltr'>adureres</span> <span class='ocrx_word' id='word_1_498' title='bbox 1579 3830 1728 3888; x_wconf 81' lang='lat' dir='ltr'>Isrnuelitas</span> <span class='ocrx_word' id='word_1_499' title='bbox 1741 3834 1829 3888; x_wconf 85' lang='lat' dir='ltr'>uenire</span> <span class='ocrx_word' id='word_1_500' title='bbox 1841 3835 1876 3889; x_wconf 83' lang='lat' dir='ltr'>de</span> <span class='ocrx_word' id='word_1_501' title='bbox 1896 3834 2009 3900; x_wconf 78' lang='lat' dir='ltr'>Gelani,</span> 
     </span>
     <span class='ocr_line' id='line_1_37' title="bbox 376 3904 2009 3992; baseline 0.016 -37"><span class='ocrx_word' id='word_1_502' title='bbox 376 3920 440 3960; x_wconf 78' lang='lat' dir='ltr'>sero</span> <span class='ocrx_word' id='word_1_503' title='bbox 465 3904 528 3959; x_wconf 92' lang='lat' dir='ltr'>illud</span> <span class='ocrx_word' id='word_1_504' title='bbox 551 3919 600 3974; x_wconf 92' lang='lat' dir='ltr'>per</span> <span class='ocrx_word' id='word_1_505' title='bbox 628 3908 698 3975; x_wconf 89' lang='lat' dir='ltr'>quod</span> <span class='ocrx_word' id='word_1_506' title='bbox 718 3907 832 3964; x_wconf 76' lang='lat' dir='ltr'>hotrum</span> <span class='ocrx_word' id='word_1_507' title='bbox 844 3913 970 3982; x_wconf 87' lang='lat' dir='ltr'>manipuli</span> <span class='ocrx_word' id='word_1_508' title='bbox 985 3914 1166 3970; x_wconf 84' lang='lat' dir='ltr'>adoraverunt</span> <span class='ocrx_word' id='word_1_509' title='bbox 1215 3928 1239 3974; x_wconf 85' lang='lat' dir='ltr'>et</span> <span class='ocrx_word' id='word_1_510' title='bbox 1252 3921 1363 3974; x_wconf 83' lang='lat' dir='ltr'>eumelus</span> <span class='ocrx_word' id='word_1_511' title='bbox 1375 3937 1464 3975; x_wconf 88' lang='lat' dir='ltr'>eorum</span> <span class='ocrx_word' id='word_1_512' title='bbox 1478 3931 1611 3992; x_wconf 85' lang='lat' dir='ltr'>pertentes</span> <span class='ocrx_word' id='word_1_513' title='bbox 1637 3932 1813 3989; x_wconf 65' lang='lat' dir='ltr'>manutenet</span> <span class='ocrx_word' id='word_1_514' title='bbox 1834 3927 1966 3991; x_wconf 75' lang='lat' dir='ltr'>sennem,</span> <span class='ocrx_word' id='word_1_515' title='bbox 1990 3937 2009 3982; x_wconf 81' lang='lat' dir='ltr'>et</span> 
     </span>
     <span class='ocr_line' id='line_1_38' title="bbox 377 3995 2010 4084; baseline 0.014 -34"><span class='ocrx_word' id='word_1_516' title='bbox 377 3995 616 4066; x_wconf 71' lang='lat' dir='ltr'>triarnipulumejus,</span> <span class='ocrx_word' id='word_1_517' title='bbox 628 3996 691 4051; x_wconf 87' lang='lat' dir='ltr'>illud</span> <span class='ocrx_word' id='word_1_518' title='bbox 705 4007 746 4052; x_wconf 90' lang='lat' dir='ltr'>est</span> <span class='ocrx_word' id='word_1_519' title='bbox 759 4001 830 4068; x_wconf 91' lang='lat' dir='ltr'>quod</span> <span class='ocrx_word' id='word_1_520' title='bbox 841 4002 1165 4071; x_wconf 90' lang='lat' dir='ltr'>spiritualiterinChristo</span> <span class='ocrx_word' id='word_1_521' title='bbox 1216 4019 1335 4075; x_wconf 77' lang='lat' dir='ltr'>stactem,</span> <span class='ocrx_word' id='word_1_522' title='bbox 1345 4010 1372 4063; x_wconf 85' lang='lat' dir='ltr'>in</span> <span class='ocrx_word' id='word_1_523' title='bbox 1383 4010 1538 4081; x_wconf 77' lang='lat' dir='ltr'>AEqpptnm.</span> <span class='ocrx_word' id='word_1_524' title='bbox 1558 4011 1650 4083; x_wconf 69' lang='lat' dir='ltr'>(einp.)</span> <span class='ocrx_word' id='word_1_525' title='bbox 1664 4011 1802 4080; x_wconf 79' lang='lat' dir='ltr'>Quaeritur</span> <span class='ocrx_word' id='word_1_526' title='bbox 1812 4028 1902 4084; x_wconf 87' lang='lat' dir='ltr'>quare</span> <span class='ocrx_word' id='word_1_527' title='bbox 1912 4016 2010 4072; x_wconf 85' lang='lat' dir='ltr'>lsnsae·</span> 
     </span>
     <span class='ocr_line' id='line_1_39' title="bbox 377 4086 2010 4170; baseline 0.013 -28"><span class='ocrx_word' id='word_1_528' title='bbox 377 4086 515 4157; x_wconf 86' lang='lat' dir='ltr'>impletum</span> <span class='ocrx_word' id='word_1_529' title='bbox 526 4097 568 4143; x_wconf 91' lang='lat' dir='ltr'>est</span> <span class='ocrx_word' id='word_1_530' title='bbox 579 4107 585 4142; x_wconf 93' lang='lat'>:</span> <span class='ocrx_word' id='word_1_531' title='bbox 597 4089 631 4143; x_wconf 85' lang='lat' dir='ltr'>Et</span> <span class='ocrx_word' id='word_1_532' title='bbox 642 4090 789 4145; x_wconf 86' lang='lat' dir='ltr'>adorabunt</span> <span class='ocrx_word' id='word_1_533' title='bbox 800 4109 870 4158; x_wconf 88' lang='lat' dir='ltr'>eum,</span> <span class='ocrx_word' id='word_1_534' title='bbox 882 4095 978 4164; x_wconf 90' lang='lat' dir='ltr'>inquit,</span> <span class='ocrx_word' id='word_1_535' title='bbox 992 4113 1080 4151; x_wconf 77' lang='lat' dir='ltr'>enarres</span> <span class='ocrx_word' id='word_1_536' title='bbox 1094 4115 1165 4169; x_wconf 81' lang='lat' dir='ltr'>repes</span> <span class='ocrx_word' id='word_1_537' title='bbox 1216 4097 1278 4154; x_wconf 83' lang='lat' dir='ltr'>litas</span> <span class='ocrx_word' id='word_1_538' title='bbox 1290 4098 1430 4169; x_wconf 84' lang='lat' dir='ltr'>Scriptura</span> <span class='ocrx_word' id='word_1_539' title='bbox 1444 4101 1543 4170; x_wconf 88' lang='lat' dir='ltr'>quibus</span> <span class='ocrx_word' id='word_1_540' title='bbox 1566 4117 1580 4156; x_wconf 93' lang='lat' dir='ltr'>a</span> <span class='ocrx_word' id='word_1_541' title='bbox 1606 4102 1736 4158; x_wconf 84' lang='lat' dir='ltr'>iratribus</span> <span class='ocrx_word' id='word_1_542' title='bbox 1764 4105 1893 4162; x_wconf 81' lang='lat' dir='ltr'>venditus</span> <span class='ocrx_word' id='word_1_543' title='bbox 1920 4106 2010 4165; x_wconf 75' lang='lat' dir='ltr'>estin</span> 
     </span>
     <span class='ocr_line' id='line_1_40' title="bbox 376 4180 2011 4260; baseline 0.017 -32"><span class='ocrx_word' id='word_1_544' title='bbox 376 4185 462 4239; x_wconf 79' lang='lat' dir='ltr'>terre,</span> <span class='ocrx_word' id='word_1_545' title='bbox 477 4193 564 4232; x_wconf 84' lang='lat' dir='ltr'>earnes</span> <span class='ocrx_word' id='word_1_546' title='bbox 578 4188 664 4249; x_wconf 81' lang='lat' dir='ltr'>pentes</span> <span class='ocrx_word' id='word_1_547' title='bbox 678 4180 787 4234; x_wconf 84' lang='lat' dir='ltr'>seruient</span> <span class='ocrx_word' id='word_1_548' title='bbox 800 4183 823 4235; x_wconf 88' lang='lat' dir='ltr'>ei</span> <span class='ocrx_word' id='word_1_549' title='bbox 838 4180 925 4255; x_wconf 83' lang='lat' dir='ltr'>(l&#39;sul.</span> <span class='ocrx_word' id='word_1_550' title='bbox 950 4187 1037 4260; x_wconf 84' lang='lat' dir='ltr'>nxxr),</span> <span class='ocrx_word' id='word_1_551' title='bbox 1063 4188 1167 4244; x_wconf 89' lang='lat' dir='ltr'>seilicet</span> <span class='ocrx_word' id='word_1_552' title='bbox 1217 4189 1294 4258; x_wconf 88' lang='lat' dir='ltr'>seph,</span> <span class='ocrx_word' id='word_1_553' title='bbox 1319 4189 1401 4244; x_wconf 86' lang='lat' dir='ltr'>etiam</span> <span class='ocrx_word' id='word_1_554' title='bbox 1423 4189 1583 4247; x_wconf 84' lang='lat' dir='ltr'>lladianitas</span> <span class='ocrx_word' id='word_1_555' title='bbox 1607 4202 1703 4258; x_wconf 80' lang='lat' dir='ltr'>uocet,</span> <span class='ocrx_word' id='word_1_556' title='bbox 1722 4209 1784 4248; x_wconf 78' lang='lat' dir='ltr'>curm</span> <span class='ocrx_word' id='word_1_557' title='bbox 1813 4195 1915 4251; x_wconf 85' lang='lat' dir='ltr'>ismael</span> <span class='ocrx_word' id='word_1_558' title='bbox 1928 4199 1966 4253; x_wconf 93' lang='lat' dir='ltr'>sit</span> <span class='ocrx_word' id='word_1_559' title='bbox 1981 4201 2011 4255; x_wconf 86' lang='lat' dir='ltr'>de</span> 
     </span>
     <span class='ocr_line' id='line_1_41' title="bbox 376 4266 2010 4350; baseline 0.015 -30"><span class='ocrx_word' id='word_1_560' title='bbox 376 4282 425 4335; x_wconf 92' lang='lat' dir='ltr'>per</span> <span class='ocrx_word' id='word_1_561' title='bbox 439 4266 518 4322; x_wconf 79' lang='lat' dir='ltr'>fldem</span> <span class='ocrx_word' id='word_1_562' title='bbox 535 4267 653 4324; x_wconf 78' lang='lat' dir='ltr'>fructum</span> <span class='ocrx_word' id='word_1_563' title='bbox 671 4271 802 4326; x_wconf 89' lang='lat' dir='ltr'>bonorum</span> <span class='ocrx_word' id='word_1_564' title='bbox 814 4289 925 4343; x_wconf 92' lang='lat' dir='ltr'>operum</span> <span class='ocrx_word' id='word_1_565' title='bbox 937 4276 1089 4334; x_wconf 81' lang='lat' dir='ltr'>offerentes.</span> <span class='ocrx_word' id='word_1_566' title='bbox 1102 4279 1162 4350; x_wconf 87' lang='lat' dir='ltr'>lpse</span> <span class='ocrx_word' id='word_1_567' title='bbox 1217 4281 1289 4350; x_wconf 76' lang='lat' dir='ltr'>algar</span> <span class='ocrx_word' id='word_1_568' title='bbox 1310 4279 1380 4335; x_wconf 79' lang='lat' dir='ltr'>lilius</span> <span class='ocrx_word' id='word_1_569' title='bbox 1399 4279 1525 4347; x_wconf 73' lang='lat' dir='ltr'>Abrabae,</span> <span class='ocrx_word' id='word_1_570' title='bbox 1541 4282 1694 4338; x_wconf 75' lang='lat' dir='ltr'>Madianitae</span> <span class='ocrx_word' id='word_1_571' title='bbox 1706 4300 1771 4340; x_wconf 84' lang='lat' dir='ltr'>rere</span> <span class='ocrx_word' id='word_1_572' title='bbox 1789 4285 1823 4341; x_wconf 90' lang='lat' dir='ltr'>de</span> <span class='ocrx_word' id='word_1_573' title='bbox 1836 4287 1950 4343; x_wconf 77' lang='lat' dir='ltr'>(letnra.</span> <span class='ocrx_word' id='word_1_574' title='bbox 1974 4291 2010 4345; x_wconf 76' lang='lat' dir='ltr'>ha</span> 
     </span>
     <span class='ocr_line' id='line_1_42' title="bbox 378 4358 2014 4446; baseline 0.016 -36"><span class='ocrx_word' id='word_1_575' title='bbox 378 4365 420 4411; x_wconf 80' lang='lat' dir='ltr'>est</span> <span class='ocrx_word' id='word_1_576' title='bbox 432 4373 511 4427; x_wconf 90' lang='lat' dir='ltr'>quem</span> <span class='ocrx_word' id='word_1_577' title='bbox 525 4358 584 4425; x_wconf 92' lang='lat' dir='ltr'>sol,</span> <span class='ocrx_word' id='word_1_578' title='bbox 602 4369 629 4414; x_wconf 89' lang='lat' dir='ltr'>et</span> <span class='ocrx_word' id='word_1_579' title='bbox 643 4359 716 4426; x_wconf 90' lang='lat' dir='ltr'>luna,</span> <span class='ocrx_word' id='word_1_580' title='bbox 731 4369 758 4417; x_wconf 89' lang='lat' dir='ltr'>et</span> <span class='ocrx_word' id='word_1_581' title='bbox 772 4363 855 4429; x_wconf 72' lang='lat' dir='ltr'>stella&gt;</span> <span class='ocrx_word' id='word_1_582' title='bbox 866 4367 988 4432; x_wconf 91' lang='lat' dir='ltr'>adorant,</span> <span class='ocrx_word' id='word_1_583' title='bbox 1004 4370 1037 4424; x_wconf 90' lang='lat' dir='ltr'>de</span> <span class='ocrx_word' id='word_1_584' title='bbox 1048 4385 1100 4439; x_wconf 91' lang='lat' dir='ltr'>quo</span> <span class='ocrx_word' id='word_1_585' title='bbox 1111 4370 1167 4427; x_wconf 88' lang='lat' dir='ltr'>solo</span> <span class='ocrx_word' id='word_1_586' title='bbox 1218 4370 1281 4440; x_wconf 90' lang='lat' dir='ltr'>quia</span> <span class='ocrx_word' id='word_1_587' title='bbox 1293 4367 1743 4441; x_wconf 83' lang='lat' dir='ltr'>Scripturadixeratdellhrabam,</span> <span class='ocrx_word' id='word_1_588' title='bbox 1761 4378 1836 4446; x_wconf 90' lang='lat' dir='ltr'>quod</span> <span class='ocrx_word' id='word_1_589' title='bbox 1846 4381 2014 4437; x_wconf 86' lang='lat' dir='ltr'>munerade-</span> 
     </span>
     <span class='ocr_line' id='line_1_43' title="bbox 378 4449 2013 4543; baseline 0.016 -43"><span class='ocrx_word' id='word_1_590' title='bbox 378 4449 549 4504; x_wconf 87' lang='lat' dir='ltr'>dictumest:</span> <span class='ocrx_word' id='word_1_591' title='bbox 563 4449 682 4506; x_wconf 79' lang='lat' dir='ltr'>Laudare</span> <span class='ocrx_word' id='word_1_592' title='bbox 692 4469 761 4518; x_wconf 89' lang='lat' dir='ltr'>eum,</span> <span class='ocrx_word' id='word_1_593' title='bbox 773 4455 813 4508; x_wconf 85' lang='lat' dir='ltr'>rol</span> <span class='ocrx_word' id='word_1_594' title='bbox 821 4465 845 4518; x_wconf 82' lang='lat' dir='ltr'>et</span> <span class='ocrx_word' id='word_1_595' title='bbox 855 4455 930 4524; x_wconf 83' lang='lat' dir='ltr'>iuno,</span> <span class='ocrx_word' id='word_1_596' title='bbox 943 4469 966 4513; x_wconf 87' lang='lat' dir='ltr'>ct</span> <span class='ocrx_word' id='word_1_597' title='bbox 983 4478 1071 4517; x_wconf 80' lang='lat' dir='ltr'>omina</span> <span class='ocrx_word' id='word_1_598' title='bbox 1083 4462 1167 4518; x_wconf 74' lang='lat' dir='ltr'>stellae</span> <span class='ocrx_word' id='word_1_599' title='bbox 1218 4459 1294 4514; x_wconf 90' lang='lat' dir='ltr'>derat</span> <span class='ocrx_word' id='word_1_600' title='bbox 1306 4459 1369 4515; x_wconf 82' lang='lat' dir='ltr'>filiis</span> <span class='ocrx_word' id='word_1_601' title='bbox 1388 4463 1599 4519; x_wconf 85' lang='lat' dir='ltr'>concubinarum</span> <span class='ocrx_word' id='word_1_602' title='bbox 1611 4480 1731 4530; x_wconf 89' lang='lat' dir='ltr'>suarum,</span> <span class='ocrx_word' id='word_1_603' title='bbox 1758 4466 1835 4543; x_wconf 70' lang='lat' dir='ltr'>Agar</span> <span class='ocrx_word' id='word_1_604' title='bbox 1858 4469 1966 4525; x_wconf 85' lang='lat' dir='ltr'>seilicet</span> <span class='ocrx_word' id='word_1_605' title='bbox 1987 4480 2013 4526; x_wconf 83' lang='lat' dir='ltr'>et</span> 
     </span>
     <span class='ocr_line' id='line_1_44' title="bbox 379 4536 2012 4616; baseline 0.015 -25"><span class='ocrx_word' id='word_1_606' title='bbox 379 4536 464 4608; x_wconf 78' lang='lat' dir='ltr'>(Paul.</span> <span class='ocrx_word' id='word_1_607' title='bbox 492 4539 594 4612; x_wconf 80' lang='lat' dir='ltr'>cumis).</span> <span class='ocrx_word' id='word_1_608' title='bbox 617 4540 705 4610; x_wconf 89' lang='lat' dir='ltr'>ipsum</span> <span class='ocrx_word' id='word_1_609' title='bbox 729 4543 802 4598; x_wconf 90' lang='lat' dir='ltr'>enim</span> <span class='ocrx_word' id='word_1_610' title='bbox 823 4546 981 4603; x_wconf 83' lang='lat' dir='ltr'>excellentia</span> <span class='ocrx_word' id='word_1_611' title='bbox 1003 4561 1162 4607; x_wconf 90' lang='lat' dir='ltr'>sauctorum</span> <span class='ocrx_word' id='word_1_612' title='bbox 1218 4548 1333 4615; x_wconf 71' lang='lat' dir='ltr'>Cetturae,</span> <span class='ocrx_word' id='word_1_613' title='bbox 1350 4550 1510 4608; x_wconf 86' lang='lat' dir='ltr'>etdirlserit</span> <span class='ocrx_word' id='word_1_614' title='bbox 1526 4568 1572 4609; x_wconf 89' lang='lat' dir='ltr'>eos</span> <span class='ocrx_word' id='word_1_615' title='bbox 1589 4555 1708 4610; x_wconf 86' lang='lat' dir='ltr'>abisaac</span> <span class='ocrx_word' id='word_1_616' title='bbox 1723 4554 1779 4610; x_wconf 84' lang='lat' dir='ltr'>tilio</span> <span class='ocrx_word' id='word_1_617' title='bbox 1793 4571 1846 4612; x_wconf 86' lang='lat' dir='ltr'>suo</span> <span class='ocrx_word' id='word_1_618' title='bbox 1860 4558 1888 4613; x_wconf 92' lang='lat' dir='ltr'>in</span> <span class='ocrx_word' id='word_1_619' title='bbox 1913 4569 2012 4616; x_wconf 86' lang='lat' dir='ltr'>terram</span> 
     </span>
     <span class='ocr_line' id='line_1_45' title="bbox 379 4629 1945 4718; baseline 0.015 -36"><span class='ocrx_word' id='word_1_620' title='bbox 379 4629 405 4682; x_wconf 91' lang='lat' dir='ltr'>in</span> <span class='ocrx_word' id='word_1_621' title='bbox 420 4629 484 4684; x_wconf 88' lang='lat' dir='ltr'>solis</span> <span class='ocrx_word' id='word_1_622' title='bbox 495 4631 613 4697; x_wconf 85' lang='lat' dir='ltr'>nomine,</span> <span class='ocrx_word' id='word_1_623' title='bbox 625 4641 651 4686; x_wconf 89' lang='lat' dir='ltr'>et</span> <span class='ocrx_word' id='word_1_624' title='bbox 665 4631 791 4689; x_wconf 71' lang='lat' dir='ltr'>Ecclesiae</span> <span class='ocrx_word' id='word_1_625' title='bbox 803 4635 911 4692; x_wconf 86' lang='lat' dir='ltr'>claritas</span> <span class='ocrx_word' id='word_1_626' title='bbox 922 4639 971 4694; x_wconf 92' lang='lat' dir='ltr'>sub</span> <span class='ocrx_word' id='word_1_627' title='bbox 988 4640 1105 4712; x_wconf 76' lang='lat' dir='ltr'>imagine</span> <span class='ocrx_word' id='word_1_628' title='bbox 1126 4642 1168 4697; x_wconf 90' lang='lat' dir='ltr'>lu·</span> <span class='ocrx_word' id='word_1_629' title='bbox 1218 4640 1344 4706; x_wconf 85' lang='lat' dir='ltr'>Orientis,</span> <span class='ocrx_word' id='word_1_630' title='bbox 1357 4658 1439 4697; x_wconf 93' lang='lat' dir='ltr'>unam</span> <span class='ocrx_word' id='word_1_631' title='bbox 1451 4654 1558 4715; x_wconf 80' lang='lat' dir='ltr'>gentem</span> <span class='ocrx_word' id='word_1_632' title='bbox 1569 4646 1665 4702; x_wconf 83' lang='lat' dir='ltr'>secisse</span> <span class='ocrx_word' id='word_1_633' title='bbox 1680 4647 1847 4718; x_wconf 73' lang='lat' dir='ltr'>intelligendi</span> <span class='ocrx_word' id='word_1_634' title='bbox 1859 4652 1945 4706; x_wconf 83' lang='lat' dir='ltr'>suutl</span> 
     </span>
     <span class='ocr_line' id='line_1_46' title="bbox 379 4721 2014 4813; baseline 0.017 -41"><span class='ocrx_word' id='word_1_635' title='bbox 379 4735 430 4783; x_wconf 78' lang='lat' dir='ltr'>ram,</span> <span class='ocrx_word' id='word_1_636' title='bbox 443 4727 470 4774; x_wconf 88' lang='lat' dir='ltr'>et</span> <span class='ocrx_word' id='word_1_637' title='bbox 482 4721 602 4775; x_wconf 90' lang='lat' dir='ltr'>omnium</span> <span class='ocrx_word' id='word_1_638' title='bbox 613 4722 772 4791; x_wconf 89' lang='lat' dir='ltr'>populorum</span> <span class='ocrx_word' id='word_1_639' title='bbox 780 4728 958 4784; x_wconf 90' lang='lat' dir='ltr'>numerositas</span> <span class='ocrx_word' id='word_1_640' title='bbox 971 4729 997 4783; x_wconf 92' lang='lat' dir='ltr'>in</span> <span class='ocrx_word' id='word_1_641' title='bbox 1008 4729 1093 4802; x_wconf 79' lang='lat' dir='ltr'>ligura</span> <span class='ocrx_word' id='word_1_642' title='bbox 1104 4732 1167 4788; x_wconf 87' lang='lat' dir='ltr'>stel-</span> <span class='ocrx_word' id='word_1_643' title='bbox 1255 4731 1329 4786; x_wconf 77' lang='lat' dir='ltr'>bien</span> <span class='ocrx_word' id='word_1_644' title='bbox 1340 4750 1401 4804; x_wconf 78' lang='lat' dir='ltr'>erqo</span> <span class='ocrx_word' id='word_1_645' title='bbox 1417 4733 1503 4789; x_wconf 81' lang='lat' dir='ltr'>ludas</span> <span class='ocrx_word' id='word_1_646' title='bbox 1516 4735 1643 4805; x_wconf 72' lang='lat' dir='ltr'>fratribus</span> <span class='ocrx_word' id='word_1_647' title='bbox 1659 4738 1730 4792; x_wconf 82' lang='lat' dir='ltr'>anis:</span> <span class='ocrx_word' id='word_1_648' title='bbox 1752 4738 1824 4805; x_wconf 82' lang='lat' dir='ltr'>Quid</span> <span class='ocrx_word' id='word_1_649' title='bbox 1844 4740 1922 4796; x_wconf 81' lang='lat' dir='ltr'>nobis</span> <span class='ocrx_word' id='word_1_650' title='bbox 1950 4760 2014 4813; x_wconf 84' lang='lat' dir='ltr'>pre·</span> 
     </span>
    </p>
   </div>
   <div class='ocr_carea' id='block_1_3' title="bbox 380 4808 2016 4895">
    <p class='ocr_par' dir='ltr' id='par_1_5' title="bbox 380 4808 2016 4895">
     <span class='ocr_line' id='line_1_47' title="bbox 380 4808 2016 4895; baseline 0.017 -35"><span class='ocrx_word' id='word_1_651' title='bbox 380 4808 468 4863; x_wconf 88' lang='lat' dir='ltr'>larum</span> <span class='ocrx_word' id='word_1_652' title='bbox 496 4810 618 4864; x_wconf 89' lang='lat' dir='ltr'>adorant.</span> <span class='ocrx_word' id='word_1_653' title='bbox 642 4811 717 4866; x_wconf 91' lang='lat' dir='ltr'>Unde</span> <span class='ocrx_word' id='word_1_654' title='bbox 739 4822 766 4868; x_wconf 92' lang='lat' dir='ltr'>et</span> <span class='ocrx_word' id='word_1_655' title='bbox 779 4823 855 4884; x_wconf 89' lang='lat' dir='ltr'>pater</span> <span class='ocrx_word' id='word_1_656' title='bbox 868 4831 934 4874; x_wconf 87' lang='lat' dir='ltr'>suus</span> <span class='ocrx_word' id='word_1_657' title='bbox 945 4819 1095 4891; x_wconf 88' lang='lat' dir='ltr'>increparit</span> <span class='ocrx_word' id='word_1_658' title='bbox 1105 4836 1167 4879; x_wconf 85' lang='lat' dir='ltr'>cunr</span> <span class='ocrx_word' id='word_1_659' title='bbox 1223 4820 1287 4884; x_wconf 83' lang='lat' dir='ltr'>dest,</span> <span class='ocrx_word' id='word_1_660' title='bbox 1302 4823 1325 4875; x_wconf 82' lang='lat' dir='ltr'>si</span> <span class='ocrx_word' id='word_1_661' title='bbox 1338 4823 1508 4879; x_wconf 83' lang='lat' dir='ltr'>occiderimus</span> <span class='ocrx_word' id='word_1_662' title='bbox 1521 4825 1628 4895; x_wconf 70' lang='lat' dir='ltr'>[retreat</span> <span class='ocrx_word' id='word_1_663' title='bbox 1643 4839 1771 4894; x_wconf 86' lang='lat' dir='ltr'>nestrum,</span> <span class='ocrx_word' id='word_1_664' title='bbox 1797 4839 1822 4884; x_wconf 88' lang='lat' dir='ltr'>ct</span> <span class='ocrx_word' id='word_1_665' title='bbox 1843 4829 2016 4887; x_wconf 71' lang='lat' dir='ltr'>celaverimus</span> 
     </span>
    </p>
   </div>
   <div class='ocr_carea' id='block_1_4' title="bbox 380 4898 2017 4989">
    <p class='ocr_par' dir='ltr' id='par_1_6' title="bbox 380 4898 2017 4989">
     <span class='ocr_line' id='line_1_48' title="bbox 380 4898 2017 4989; baseline 0.015 -33"><span class='ocrx_word' id='word_1_666' title='bbox 380 4898 489 4953; x_wconf 74' lang='lat' dir='ltr'>dicens:</span> <span class='ocrx_word' id='word_1_667' title='bbox 1224 4917 1376 4988; x_wconf 73' lang='lat' dir='ltr'>sanquinem</span> <span class='ocrx_word' id='word_1_668' title='bbox 1394 4919 1497 4989; x_wconf 82' lang='lat' dir='ltr'>ipsius?</span> <span class='ocrx_word' id='word_1_669' title='bbox 1510 4919 1605 4976; x_wconf 82' lang='lat' dir='ltr'>Melius</span> <span class='ocrx_word' id='word_1_670' title='bbox 1617 4932 1664 4987; x_wconf 84' lang='lat' dir='ltr'>est,</span> <span class='ocrx_word' id='word_1_671' title='bbox 1676 4933 1704 4976; x_wconf 92' lang='lat' dir='ltr'>nt</span> <span class='ocrx_word' id='word_1_672' title='bbox 1716 4923 1881 4977; x_wconf 69' lang='lat' dir='ltr'>venundetur</span> <span class='ocrx_word' id='word_1_673' title='bbox 1892 4922 2017 4980; x_wconf 74' lang='lat' dir='ltr'>lsssoeli·</span> 
     </span>
    </p>
   </div>
   <div class='ocr_carea' id='block_1_5' title="bbox 381 4984 1170 5160">
    <p class='ocr_par' dir='ltr' id='par_1_7' title="bbox 381 4984 1170 5160">
     <span class='ocr_line' id='line_1_49' title="bbox 418 4984 1169 5066; baseline 0.025 -29"><span class='ocrx_word' id='word_1_674' title='bbox 418 4984 547 5055; x_wconf 86' lang='lat' dir='ltr'>Nunqnid</span> <span class='ocrx_word' id='word_1_675' title='bbox 561 5003 607 5056; x_wconf 80' lang='lat' dir='ltr'>eqo</span> <span class='ocrx_word' id='word_1_676' title='bbox 632 4999 655 5040; x_wconf 83' lang='lat' dir='ltr'>et</span> <span class='ocrx_word' id='word_1_677' title='bbox 671 5000 753 5044; x_wconf 86' lang='lat' dir='ltr'>meter</span> <span class='ocrx_word' id='word_1_678' title='bbox 768 5001 824 5059; x_wconf 86' lang='lat' dir='ltr'>tua,</span> <span class='ocrx_word' id='word_1_679' title='bbox 836 5003 859 5046; x_wconf 86' lang='lat' dir='ltr'>et</span> <span class='ocrx_word' id='word_1_680' title='bbox 873 4994 970 5064; x_wconf 71' lang='lat' dir='ltr'>[ratres</span> <span class='ocrx_word' id='word_1_681' title='bbox 981 4999 1029 5066; x_wconf 86' lang='lat' dir='ltr'>tui,</span> <span class='ocrx_word' id='word_1_682' title='bbox 1045 4999 1169 5056; x_wconf 81' lang='lat' dir='ltr'>adorabi-</span> 
     </span>
     <span class='ocr_line' id='line_1_50' title="bbox 381 5077 1170 5160; baseline 0.019 -28"><span class='ocrx_word' id='word_1_683' title='bbox 381 5092 440 5132; x_wconf 83' lang='lat' dir='ltr'>mus</span> <span class='ocrx_word' id='word_1_684' title='bbox 459 5077 505 5130; x_wconf 81' lang='lat' dir='ltr'>te?</span> <span class='ocrx_word' id='word_1_685' title='bbox 517 5077 674 5150; x_wconf 76' lang='lat' dir='ltr'>Obiurgatio</span> <span class='ocrx_word' id='word_1_686' title='bbox 695 5082 746 5136; x_wconf 89' lang='lat' dir='ltr'>ista</span> <span class='ocrx_word' id='word_1_687' title='bbox 762 5084 848 5152; x_wconf 88' lang='lat' dir='ltr'>patris</span> <span class='ocrx_word' id='word_1_688' title='bbox 866 5085 991 5141; x_wconf 88' lang='lat' dir='ltr'>duritiam</span> <span class='ocrx_word' id='word_1_689' title='bbox 1018 5090 1108 5160; x_wconf 93' lang='lat' dir='ltr'>populi</span> <span class='ocrx_word' id='word_1_690' title='bbox 1131 5091 1170 5148; x_wconf 88' lang='lat' dir='ltr'>ls-</span> 
     </span>
    </p>
   </div>
   <div class='ocr_carea' id='block_1_6' title="bbox 381 5167 1169 5331">
    <p class='ocr_par' dir='ltr' id='par_1_8' title="bbox 381 5167 1169 5331">
     <span class='ocr_line' id='line_1_51' title="bbox 381 5167 1169 5246; baseline 0.024 -24"><span class='ocrx_word' id='word_1_691' title='bbox 381 5167 439 5223; x_wconf 93' lang='lat' dir='ltr'>rael</span> <span class='ocrx_word' id='word_1_692' title='bbox 465 5169 608 5240; x_wconf 75' lang='lat' dir='ltr'>signidem,</span> <span class='ocrx_word' id='word_1_693' title='bbox 629 5172 673 5240; x_wconf 91' lang='lat' dir='ltr'>qui</span> <span class='ocrx_word' id='word_1_694' title='bbox 700 5187 749 5242; x_wconf 88' lang='lat' dir='ltr'>pro</span> <span class='ocrx_word' id='word_1_695' title='bbox 763 5178 877 5246; x_wconf 89' lang='lat' dir='ltr'>eoquod</span> <span class='ocrx_word' id='word_1_696' title='bbox 890 5193 921 5233; x_wconf 81' lang='lat' dir='ltr'>es</span> <span class='ocrx_word' id='word_1_697' title='bbox 937 5195 965 5235; x_wconf 91' lang='lat' dir='ltr'>se</span> <span class='ocrx_word' id='word_1_698' title='bbox 981 5192 1074 5238; x_wconf 91' lang='lat' dir='ltr'>natum</span> <span class='ocrx_word' id='word_1_699' title='bbox 1092 5183 1169 5241; x_wconf 89' lang='lat' dir='ltr'>Cbri·</span> 
     </span>
     <span class='ocr_line' id='line_1_52' title="bbox 382 5265 1026 5331; baseline 0.022 -18"><span class='ocrx_word' id='word_1_700' title='bbox 382 5267 453 5314; x_wconf 87' lang='lat' dir='ltr'>stum</span> <span class='ocrx_word' id='word_1_701' title='bbox 466 5270 708 5331; x_wconf 77' lang='lat' dir='ltr'>cognoscuntesse,</span> <span class='ocrx_word' id='word_1_702' title='bbox 718 5265 1026 5327; x_wconf 88' lang='lat' dir='ltr'>adorareeontemnunt.</span> 
     </span>
    </p>
   </div>
   <div class='ocr_carea' id='block_1_7' title="bbox 659 5391 889 5454">
    <p class='ocr_par' dir='ltr' id='par_1_9' title="bbox 659 5391 889 5454">
     <span class='ocr_line' id='line_1_53' title="bbox 659 5391 889 5454; baseline 0.022 -5"><span class='ocrx_word' id='word_1_703' title='bbox 659 5391 772 5451; x_wconf 74' lang='lat' dir='ltr'>CAPUT</span> <span class='ocrx_word' id='word_1_704' title='bbox 786 5397 889 5454; x_wconf 75' lang='lat' dir='ltr'>txvss.</span> 
     </span>
    </p>
   </div>
   <div class='ocr_carea' id='block_1_8' title="bbox 382 5477 1170 5560">
    <p class='ocr_par' dir='ltr' id='par_1_10' title="bbox 382 5477 1170 5560">
     <span class='ocr_line' id='line_1_54' title="bbox 382 5477 1170 5560; baseline 0.023 -28"><span class='ocrx_word' id='word_1_705' title='bbox 382 5477 422 5532; x_wconf 76' lang='lat' dir='ltr'>ue</span> <span class='ocrx_word' id='word_1_706' title='bbox 436 5495 468 5560; x_wconf 80' lang='lat' dir='ltr'>eo</span> <span class='ocrx_word' id='word_1_707' title='bbox 483 5479 552 5550; x_wconf 80' lang='lat' dir='ltr'>quod</span> <span class='ocrx_word' id='word_1_708' title='bbox 575 5481 658 5535; x_wconf 77' lang='lat' dir='ltr'>Jacob</span> <span class='ocrx_word' id='word_1_709' title='bbox 684 5484 753 5538; x_wconf 84' lang='lat' dir='ltr'>arisit</span> <span class='ocrx_word' id='word_1_710' title='bbox 769 5485 865 5556; x_wconf 70' lang='lat' dir='ltr'>loseph</span> <span class='ocrx_word' id='word_1_711' title='bbox 880 5490 1021 5560; x_wconf 71' lang='lat' dir='ltr'>nedfratres</span> <span class='ocrx_word' id='word_1_712' title='bbox 1035 5507 1106 5558; x_wconf 82' lang='lat' dir='ltr'>suos,</span> <span class='ocrx_word' id='word_1_713' title='bbox 1126 5497 1170 5550; x_wconf 84' lang='lat' dir='ltr'>uhi</span> 
     </span>
    </p>
   </div>
   <div class='ocr_carea' id='block_1_9' title="bbox 417 5548 1170 5674">
    <p class='ocr_par' dir='ltr' id='par_1_11' title="bbox 417 5548 1170 5674">
     <span class='ocr_line' id='line_1_55' title="bbox 417 5548 1170 5672; baseline 0.025 -71"><span class='ocrx_word' id='word_1_714' title='bbox 417 5548 468 5672; x_wconf 48' lang='grc' dir='ltr'>ι’ρῖι</span> <span class='ocrx_word' id='word_1_715' title='bbox 479 5551 618 5619; x_wconf 83' lang='lat' dir='ltr'>pascebant</span> <span class='ocrx_word' id='word_1_716' title='bbox 629 5568 733 5618; x_wconf 56' lang='lat' dir='ltr'>otene</span> <span class='ocrx_word' id='word_1_717' title='bbox 756 5557 849 5626; x_wconf 86' lang='lat' dir='ltr'>quihus</span> <span class='ocrx_word' id='word_1_718' title='bbox 873 5561 990 5617; x_wconf 71' lang='lat' dir='ltr'>tenditur</span> <span class='ocrx_word' id='word_1_719' title='bbox 1012 5575 1049 5618; x_wconf 86' lang='lat' dir='ltr'>cst</span> <span class='ocrx_word' id='word_1_720' title='bbox 1065 5564 1170 5620; x_wconf 74' lang='lat' dir='ltr'>budiu-</span> 
     </span>
     <span class='ocr_line' id='line_1_56' title="bbox 419 5633 492 5674; baseline 0 -2"><span class='ocrx_word' id='word_1_721' title='bbox 419 5634 445 5672; x_wconf 85' lang='lat' dir='ltr'>tn</span> <span class='ocrx_word' id='word_1_722' title='bbox 459 5633 492 5674; x_wconf 89' lang='grc' dir='ltr'>ιι.</span> 
     </span>
    </p>
   </div>
   <div class='ocr_carea' id='block_1_10' title="bbox 383 5706 1175 6066">
    <p class='ocr_par' dir='ltr' id='par_1_12' title="bbox 383 5706 1175 6066">
     <span class='ocr_line' id='line_1_57' title="bbox 418 5706 1173 5794; baseline 0.023 -32"><span class='ocrx_word' id='word_1_723' title='bbox 418 5706 534 5780; x_wconf 83' lang='lat' dir='ltr'>Cumque</span> <span class='ocrx_word' id='word_1_724' title='bbox 555 5711 651 5781; x_wconf 69' lang='lat' dir='ltr'>[ratres</span> <span class='ocrx_word' id='word_1_725' title='bbox 671 5713 742 5770; x_wconf 82' lang='lat' dir='ltr'>iilius</span> <span class='ocrx_word' id='word_1_726' title='bbox 761 5718 788 5770; x_wconf 90' lang='lat' dir='ltr'>in</span> <span class='ocrx_word' id='word_1_727' title='bbox 798 5720 935 5787; x_wconf 83' lang='lat' dir='ltr'>pascendis</span> <span class='ocrx_word' id='word_1_728' title='bbox 957 5723 1077 5794; x_wconf 78' lang='lat' dir='ltr'>preqidus</span> <span class='ocrx_word' id='word_1_729' title='bbox 1090 5727 1173 5794; x_wconf 88' lang='lat' dir='ltr'>putris</span> 
     </span>
     <span class='ocr_line' id='line_1_58' title="bbox 383 5802 1172 5873; baseline 0.025 -21"><span class='ocrx_word' id='word_1_730' title='bbox 383 5809 548 5855; x_wconf 73' lang='lat' dir='ltr'>morarentur</span> <span class='ocrx_word' id='word_1_731' title='bbox 560 5804 586 5856; x_wconf 88' lang='lat' dir='ltr'>in</span> <span class='ocrx_word' id='word_1_732' title='bbox 597 5802 712 5870; x_wconf 84' lang='lat' dir='ltr'>Sichem,</span> <span class='ocrx_word' id='word_1_733' title='bbox 725 5809 791 5862; x_wconf 74' lang='lat' dir='ltr'>dixit</span> <span class='ocrx_word' id='word_1_734' title='bbox 803 5810 838 5862; x_wconf 84' lang='lat' dir='ltr'>nd</span> <span class='ocrx_word' id='word_1_735' title='bbox 864 5827 924 5864; x_wconf 88' lang='lat' dir='ltr'>eum</span> <span class='ocrx_word' id='word_1_736' title='bbox 940 5812 1025 5868; x_wconf 82' lang='lat' dir='ltr'>Israel</span> <span class='ocrx_word' id='word_1_737' title='bbox 1037 5828 1047 5866; x_wconf 91' lang='grc'>.·</span> <span class='ocrx_word' id='word_1_738' title='bbox 1061 5814 1172 5873; x_wconf 79' lang='lat' dir='ltr'>Fratres</span> 
     </span>
     <span class='ocr_line' id='line_1_59' title="bbox 385 5891 1172 5965; baseline 0.027 -24"><span class='ocrx_word' id='word_1_739' title='bbox 385 5891 423 5942; x_wconf 89' lang='lat' dir='ltr'>tni</span> <span class='ocrx_word' id='word_1_740' title='bbox 441 5902 550 5960; x_wconf 84' lang='lat' dir='ltr'>parcunt</span> <span class='ocrx_word' id='word_1_741' title='bbox 562 5910 620 5949; x_wconf 85' lang='lat' dir='ltr'>oues</span> <span class='ocrx_word' id='word_1_742' title='bbox 632 5897 658 5948; x_wconf 88' lang='lat' dir='ltr'>in</span> <span class='ocrx_word' id='word_1_743' title='bbox 672 5896 814 5954; x_wconf 83' lang='lat' dir='ltr'>Sichimr&#39;s:</span> <span class='ocrx_word' id='word_1_744' title='bbox 830 5903 897 5965; x_wconf 87' lang='lat' dir='ltr'>ueni,</span> <span class='ocrx_word' id='word_1_745' title='bbox 913 5904 1013 5957; x_wconf 86' lang='lat' dir='ltr'>mittunt</span> <span class='ocrx_word' id='word_1_746' title='bbox 1031 5914 1054 5958; x_wconf 90' lang='lat' dir='ltr'>te</span> <span class='ocrx_word' id='word_1_747' title='bbox 1068 5907 1101 5960; x_wconf 84' lang='lat' dir='ltr'>nd</span> <span class='ocrx_word' id='word_1_748' title='bbox 1118 5925 1172 5962; x_wconf 86' lang='lat' dir='ltr'>cos.</span> 
     </span>
     <span class='ocr_line' id='line_1_60' title="bbox 387 5976 1175 6066; baseline 0.029 -37"><span class='ocrx_word' id='word_1_749' title='bbox 387 5976 444 6041; x_wconf 72' lang='lat' dir='ltr'>Quo</span> <span class='ocrx_word' id='word_1_750' title='bbox 469 5990 645 6050; x_wconf 77' lang='lat' dir='ltr'>respondente,</span> <span class='ocrx_word' id='word_1_751' title='bbox 671 5996 766 6054; x_wconf 67' lang='lat' dir='ltr'>presto</span> <span class='ocrx_word' id='word_1_752' title='bbox 793 6006 860 6056; x_wconf 86' lang='lat' dir='ltr'>sum,</span> <span class='ocrx_word' id='word_1_753' title='bbox 879 5992 933 6045; x_wconf 84' lang='lat' dir='ltr'>uit:</span> <span class='ocrx_word' id='word_1_754' title='bbox 951 5989 1054 6048; x_wconf 84' lang='lat' dir='ltr'>l&#39;udeet</span> <span class='ocrx_word' id='word_1_755' title='bbox 1070 5997 1137 6066; x_wconf 73' lang='lat' dir='ltr'>turb,</span> <span class='ocrx_word' id='word_1_756' title='bbox 1153 6001 1175 6053; x_wconf 79' lang='lat' dir='ltr'>ri</span> 
     </span>
    </p>
   </div>
   <div class='ocr_carea' id='block_1_11' title="bbox 1224 5006 2017 5081">
    <p class='ocr_par' dir='ltr' id='par_1_13' title="bbox 1224 5006 2017 5081">
     <span class='ocr_line' id='line_1_61' title="bbox 1224 5006 2017 5081; baseline 0.015 -24"><span class='ocrx_word' id='word_1_757' title='bbox 1224 5006 1268 5069; x_wconf 90' lang='lat' dir='ltr'>tis,</span> <span class='ocrx_word' id='word_1_758' title='bbox 1281 5015 1305 5060; x_wconf 90' lang='lat' dir='ltr'>et</span> <span class='ocrx_word' id='word_1_759' title='bbox 1318 5022 1411 5060; x_wconf 84' lang='lat' dir='ltr'>monus</span> <span class='ocrx_word' id='word_1_760' title='bbox 1426 5017 1522 5062; x_wconf 77' lang='lat' dir='ltr'>nostre</span> <span class='ocrx_word' id='word_1_761' title='bbox 1544 5026 1595 5065; x_wconf 90' lang='lat' dir='ltr'>non</span> <span class='ocrx_word' id='word_1_762' title='bbox 1608 5011 1771 5081; x_wconf 82' lang='lat' dir='ltr'>polluuntur,</span> <span class='ocrx_word' id='word_1_763' title='bbox 1794 5011 1882 5080; x_wconf 75' lang='lat' dir='ltr'>{retes</span> <span class='ocrx_word' id='word_1_764' title='bbox 1898 5013 1970 5067; x_wconf 78' lang='lat' dir='ltr'>enirn</span> <span class='ocrx_word' id='word_1_765' title='bbox 1991 5025 2017 5069; x_wconf 89' lang='lat' dir='ltr'>st</span> 
     </span>
    </p>
   </div>
   <div class='ocr_carea' id='block_1_12' title="bbox 1223 5107 2020 6088">
    <p class='ocr_par' dir='ltr' id='par_1_14' title="bbox 1223 5107 2020 6088">
     <span class='ocr_line' id='line_1_62' title="bbox 1224 5107 2015 5182; baseline 0.019 -30"><span class='ocrx_word' id='word_1_766' title='bbox 1224 5115 1286 5153; x_wconf 88' lang='lat' dir='ltr'>earo</span> <span class='ocrx_word' id='word_1_767' title='bbox 1297 5111 1440 5156; x_wconf 84' lang='lat' dir='ltr'>nostraest.</span> <span class='ocrx_word' id='word_1_768' title='bbox 1456 5107 1643 5174; x_wconf 81' lang='lat' dir='ltr'>Arquieeerunt</span> <span class='ocrx_word' id='word_1_769' title='bbox 1657 5107 1752 5176; x_wconf 75' lang='lat' dir='ltr'>{ratres</span> <span class='ocrx_word' id='word_1_770' title='bbox 1759 5109 1927 5165; x_wconf 70' lang='lat' dir='ltr'>sermenem</span> <span class='ocrx_word' id='word_1_771' title='bbox 1944 5113 2015 5182; x_wconf 66' lang='lat' dir='ltr'>cius,</span> 
     </span>
     <span class='ocr_line' id='line_1_63' title="bbox 1223 5192 2018 5268; baseline 0.02 -27"><span class='ocrx_word' id='word_1_772' title='bbox 1223 5198 1247 5242; x_wconf 85' lang='lat' dir='ltr'>et</span> <span class='ocrx_word' id='word_1_773' title='bbox 1260 5192 1474 5255; x_wconf 76' lang='lat' dir='ltr'>pretereuntibus</span> <span class='ocrx_word' id='word_1_774' title='bbox 1493 5193 1659 5261; x_wconf 84' lang='lat' dir='ltr'>liadiurritis,</span> <span class='ocrx_word' id='word_1_775' title='bbox 1685 5199 1903 5268; x_wconf 79' lang='lat' dir='ltr'>nepetietorr‘bss,</span> <span class='ocrx_word' id='word_1_776' title='bbox 1926 5211 2018 5257; x_wconf 74' lang='lat' dir='ltr'>estra-</span> 
     </span>
     <span class='ocr_line' id='line_1_64' title="bbox 1224 5282 2018 5362; baseline 0.021 -31"><span class='ocrx_word' id='word_1_777' title='bbox 1224 5282 1311 5333; x_wconf 85' lang='lat' dir='ltr'>hentes</span> <span class='ocrx_word' id='word_1_778' title='bbox 1322 5282 1551 5348; x_wconf 70' lang='lat' dir='ltr'>eumdeet&#39;steruo,</span> <span class='ocrx_word' id='word_1_779' title='bbox 1570 5285 1739 5341; x_wconf 81' lang='lat' dir='ltr'>uendiderunt</span> <span class='ocrx_word' id='word_1_780' title='bbox 1761 5286 1906 5345; x_wconf 73' lang='lat' dir='ltr'>luuash&#39;tis</span> <span class='ocrx_word' id='word_1_781' title='bbox 1924 5292 2018 5362; x_wconf 63' lang='lat' dir='ltr'>maiuli</span> 
     </span>
     <span class='ocr_line' id='line_1_65' title="bbox 1224 5369 2017 5446; baseline 0.02 -26"><span class='ocrx_word' id='word_1_782' title='bbox 1224 5369 1362 5437; x_wconf 79' lang='lat' dir='ltr'>arqentet&#39;s.</span> <span class='ocrx_word' id='word_1_783' title='bbox 1373 5370 1424 5435; x_wconf 81' lang='lat' dir='ltr'>Qui</span> <span class='ocrx_word' id='word_1_784' title='bbox 1438 5371 1570 5426; x_wconf 79' lang='lat' dir='ltr'>dunerrnu</span> <span class='ocrx_word' id='word_1_785' title='bbox 1582 5390 1641 5427; x_wconf 87' lang='lat' dir='ltr'>eunt</span> <span class='ocrx_word' id='word_1_786' title='bbox 1664 5376 1693 5428; x_wconf 88' lang='lat' dir='ltr'>iu</span> <span class='ocrx_word' id='word_1_787' title='bbox 1719 5374 1879 5446; x_wconf 74' lang='lat' dir='ltr'>AEqqpttnrt,</span> <span class='ocrx_word' id='word_1_788' title='bbox 1893 5387 1949 5434; x_wconf 83' lang='lat' dir='ltr'>ete.</span> <span class='ocrx_word' id='word_1_789' title='bbox 1963 5379 2017 5436; x_wconf 81' lang='lat' dir='ltr'>Pro</span> 
     </span>
     <span class='ocr_line' id='line_1_66' title="bbox 1223 5456 2018 5534; baseline 0.019 -24"><span class='ocrx_word' id='word_1_790' title='bbox 1223 5456 1312 5527; x_wconf 80' lang='lat' dir='ltr'>uipinti</span> <span class='ocrx_word' id='word_1_791' title='bbox 1329 5461 1426 5524; x_wconf 86' lang='lat' dir='ltr'>aureis,</span> <span class='ocrx_word' id='word_1_792' title='bbox 1441 5461 1512 5530; x_wconf 89' lang='lat' dir='ltr'>quod</span> <span class='ocrx_word' id='word_1_793' title='bbox 1523 5460 1593 5516; x_wconf 81' lang='lat' dir='ltr'>Lxx</span> <span class='ocrx_word' id='word_1_794' title='bbox 1605 5473 1764 5534; x_wconf 88' lang='lat' dir='ltr'>posuerunt,</span> <span class='ocrx_word' id='word_1_795' title='bbox 1786 5465 1924 5524; x_wconf 84' lang='lat' dir='ltr'>llebraiea</span> <span class='ocrx_word' id='word_1_796' title='bbox 1944 5470 2018 5524; x_wconf 74' lang='lat' dir='ltr'>ueri·</span> 
     </span>
     <span class='ocr_line' id='line_1_67' title="bbox 1223 5550 2017 5622; baseline 0.021 -22"><span class='ocrx_word' id='word_1_797' title='bbox 1223 5555 1266 5602; x_wconf 91' lang='lat' dir='ltr'>tas</span> <span class='ocrx_word' id='word_1_798' title='bbox 1285 5550 1414 5619; x_wconf 80' lang='lat' dir='ltr'>arpeuteis</span> <span class='ocrx_word' id='word_1_799' title='bbox 1434 5550 1525 5606; x_wconf 87' lang='lat' dir='ltr'>habet.</span> <span class='ocrx_word' id='word_1_800' title='bbox 1543 5551 1636 5622; x_wconf 88' lang='lat' dir='ltr'>Neque</span> <span class='ocrx_word' id='word_1_801' title='bbox 1649 5554 1721 5609; x_wconf 90' lang='lat' dir='ltr'>enim</span> <span class='ocrx_word' id='word_1_802' title='bbox 1732 5555 1822 5611; x_wconf 87' lang='lat' dir='ltr'>viliori</span> <span class='ocrx_word' id='word_1_803' title='bbox 1840 5558 2017 5616; x_wconf 76' lang='lat' dir='ltr'>metabolio·</span> 
     </span>
     <span class='ocr_line' id='line_1_68' title="bbox 1224 5638 2017 5717; baseline 0.021 -27"><span class='ocrx_word' id='word_1_804' title='bbox 1224 5638 1313 5692; x_wconf 82' lang='lat' dir='ltr'>atinus</span> <span class='ocrx_word' id='word_1_805' title='bbox 1323 5638 1471 5694; x_wconf 84' lang='lat' dir='ltr'>venundari</span> <span class='ocrx_word' id='word_1_806' title='bbox 1493 5641 1586 5697; x_wconf 89' lang='lat' dir='ltr'>debuit</span> <span class='ocrx_word' id='word_1_807' title='bbox 1603 5644 1807 5717; x_wconf 84' lang='lat' dir='ltr'>quamJoseph.</span> <span class='ocrx_word' id='word_1_808' title='bbox 1833 5648 1872 5703; x_wconf 80' lang='lat' dir='ltr'>lie</span> <span class='ocrx_word' id='word_1_809' title='bbox 1896 5650 2017 5706; x_wconf 74' lang='lat' dir='ltr'>cisterna</span> 
     </span>
     <span class='ocr_line' id='line_1_69' title="bbox 1224 5729 2017 5808; baseline 0.024 -29"><span class='ocrx_word' id='word_1_810' title='bbox 1224 5743 1331 5796; x_wconf 89' lang='lat' dir='ltr'>quoque</span> <span class='ocrx_word' id='word_1_811' title='bbox 1356 5729 1461 5785; x_wconf 85' lang='lat' dir='ltr'>levatus</span> <span class='ocrx_word' id='word_1_812' title='bbox 1472 5731 1516 5786; x_wconf 93' lang='lat' dir='ltr'>ille</span> <span class='ocrx_word' id='word_1_813' title='bbox 1528 5731 1680 5798; x_wconf 87' lang='lat' dir='ltr'>lsrnaelitls,</span> <span class='ocrx_word' id='word_1_814' title='bbox 1694 5737 1784 5802; x_wconf 87' lang='lat' dir='ltr'>idest,</span> <span class='ocrx_word' id='word_1_815' title='bbox 1797 5740 1939 5808; x_wconf 77' lang='lat' dir='ltr'>gentibus,</span> <span class='ocrx_word' id='word_1_816' title='bbox 1951 5755 2017 5797; x_wconf 77' lang='lat' dir='ltr'>rear·</span> 
     </span>
     <span class='ocr_line' id='line_1_70' title="bbox 1224 5818 2020 5905; baseline 0.023 -34"><span class='ocrx_word' id='word_1_817' title='bbox 1224 5818 1311 5885; x_wconf 68' lang='lat' dir='ltr'>ulitur,</span> <span class='ocrx_word' id='word_1_818' title='bbox 1342 5831 1369 5877; x_wconf 90' lang='lat' dir='ltr'>et</span> <span class='ocrx_word' id='word_1_819' title='bbox 1397 5822 1521 5880; x_wconf 87' lang='lat' dir='ltr'>Christus</span> <span class='ocrx_word' id='word_1_820' title='bbox 1533 5835 1626 5894; x_wconf 87' lang='lat' dir='ltr'>postea</span> <span class='ocrx_word' id='word_1_821' title='bbox 1647 5829 1775 5896; x_wconf 88' lang='lat' dir='ltr'>quamde</span> <span class='ocrx_word' id='word_1_822' title='bbox 1789 5828 1899 5887; x_wconf 85' lang='lat' dir='ltr'>iulerno</span> <span class='ocrx_word' id='word_1_823' title='bbox 1910 5832 2020 5905; x_wconf 68' lang='lat' dir='ltr'>egredi·</span> 
     </span>
     <span class='ocr_line' id='line_1_71' title="bbox 1225 5913 2019 5995; baseline 0.016 -29"><span class='ocrx_word' id='word_1_824' title='bbox 1225 5923 1278 5967; x_wconf 79' lang='lat' dir='ltr'>tur.</span> <span class='ocrx_word' id='word_1_825' title='bbox 1294 5913 1328 5966; x_wconf 84' lang='lat' dir='ltr'>ab</span> <span class='ocrx_word' id='word_1_826' title='bbox 1341 5915 1466 5970; x_wconf 85' lang='lat' dir='ltr'>nrunibus</span> <span class='ocrx_word' id='word_1_827' title='bbox 1477 5917 1602 5986; x_wconf 72' lang='lat' dir='ltr'>genitibus</span> <span class='ocrx_word' id='word_1_828' title='bbox 1619 5918 1679 5973; x_wconf 81' lang='lat' dir='ltr'>fidei</span> <span class='ocrx_word' id='word_1_829' title='bbox 1694 5924 1858 5980; x_wconf 89' lang='lat' dir='ltr'>corurncreio</span> <span class='ocrx_word' id='word_1_830' title='bbox 1873 5934 2019 5995; x_wconf 74' lang='lat' dir='ltr'>coaepara-</span> 
     </span>
     <span class='ocr_line' id='line_1_72' title="bbox 1227 6005 2018 6088; baseline 0.02 -32"><span class='ocrx_word' id='word_1_831' title='bbox 1227 6014 1279 6057; x_wconf 87' lang='lat' dir='ltr'>tur.</span> <span class='ocrx_word' id='word_1_832' title='bbox 1313 6005 1358 6059; x_wconf 86' lang='lat' dir='ltr'>llle</span> <span class='ocrx_word' id='word_1_833' title='bbox 1379 6024 1427 6077; x_wconf 87' lang='lat' dir='ltr'>per</span> <span class='ocrx_word' id='word_1_834' title='bbox 1461 6007 1538 6064; x_wconf 53' lang='lat' dir='ltr'>talita</span> <span class='ocrx_word' id='word_1_835' title='bbox 1568 6011 1711 6067; x_wconf 76' lang='lat' dir='ltr'>crinsiliuur</span> <span class='ocrx_word' id='word_1_836' title='bbox 1744 6013 1840 6084; x_wconf 75' lang='lat' dir='ltr'>uiginti</span> <span class='ocrx_word' id='word_1_837' title='bbox 1865 6017 2018 6088; x_wconf 72' lang='lat' dir='ltr'>argmrtcis,</span> 
     </span>
    </p>
   </div>
   <div class='ocr_carea' id='block_1_13' title="bbox 0 0 2289 6850">
    <p class='ocr_par' dir='ltr' id='par_1_15' title="bbox 0 0 2289 6850">
     <span class='ocr_line' id='line_1_73' title="bbox 0 0 2289 6850; baseline 0 0"><span class='ocrx_word' id='word_1_838' title='bbox 0 0 2289 6850; x_wconf 95' lang='lat' dir='ltr'> </span> 
     </span>
    </p>
   </div>
  </div>
 </body>
</html>
