4509 6850
270 630 326 688 585

791 629 967 689 COMilENT.
987 634 1021 692 ΙΝ
1039 636 1203 694 ubuusttt.
1224 670 1257 680 -
1277 639 1403 722 erupti.

1862 642 1917 701 buu·

269 744 478 817 recapitulando
491 745 544 801 ista
557 758 828 801 commemoramur:
850 762 910 817 quae
933 746 993 802 ideo
1013 748 1070 804 lue·
1083 755 1109 815 Α
1122 748 1190 803 Eece
1202 751 1362 822 relinquetur
1372 751 1442 806 uobis
1456 751 1549 805 donans
1572 759 1656 805 anatra
1678 751 1781 807 deserta
1806 754 1914 826 (lluttn

267 847 335 895 rant
348 839 545 910 praemissa,
556 847 586 892 ut
603 838 720 909 prirnum
739 838 772 893 de
786 838 848 894 filiis
865 838 923 909 ejus
938 839 1070 911 usquead

267 932 349 988 illum
364 931 455 988 locum
469 932 502 986 de
524 931 652 985 lenticula
676 932 797 987 narratio
819 933 984 1003 perveniret.
1009 933 1070 989 iden

265 1024 344 1095 quod
358 1023 546 1094 scriptumest
560 1024 592 1077 de
602 1022 677 1078 lsaae
690 1021 937 1079 :Benedicitnutenr
949 1043 1008 1080 eunt
1017 1025 1070 1080 llo·

264 1113 371 1180 minas,
379 1123 403 1168 et
414 1112 545 1168 exaltatus
556 1125 594 1168 est
606 1113 683 1169 leonto
695 1124 718 1168 et
731 1116 873 1186 procedens
885 1117 1066 1187 majorfiebnt,

262 1206 443 1278 quoadusque
456 1223 567 1277 rnnqnna
578 1205 664 1271 iactas
678 1215 715 1260 est
727 1206 811 1267 auide,
824 1208 970 1263 secundum
984 1216 1068 1263 terre·

262 1316 333 1355 nara
349 1298 507 1354 felicitatem
521 1297 623 1353 dietum
633 1300 773 1369 sequeutia
785 1300 891 1355 docent.
905 1300 1068 1371 Exsequitur

258 1402 525 1463 namqneuarrator
534 1392 643 1447 eusdem
654 1391 712 1460 ajars
723 1393 945 1463 diritius,qnibus
954 1408 1067 1461 maguus

260 1484 357 1541 lactus
372 1495 468 1549 est,·et
491 1485 553 1540 bine
577 1495 668 1540 motus
690 1485 857 1550 Abimelcelr,
882 1486 971 1540 timuit
992 1486 1066 1539 illurn

260 1576 301 1632 ibi
323 1592 397 1643 esse,
411 1593 445 1631 ne
463 1576 611 1647 praeseutia·¹
620 1574 678 1645 ejus
692 1577 744 1633 sibi
755 1589 826 1634 esset
848 1577 955 1635 infesta.
978 1577 1067 1645 Quaa-

258 1684 350 1739 quam
373 1683 437 1739 crgo
454 1668 553 1737 aliquid
569 1668 709 1737 spirituale
726 1670 777 1724 ista
794 1668 957 1739 significent,
974 1677 1064 1724 tarnen

258 1759 418 1814 seeundum
445 1757 472 1812 id
497 1758 569 1827 quod
595 1759 779 1830 contigerunt,
807 1761 868 1816 ideo
893 1761 1063 1830 praernissann

257 1859 305 1904 est
320 1867 327 1905 ι
344 1848 484 1904 Berredisit
498 1866 557 1903 cnut
571 1850 715 1915 llorninus,
738 1859 768 1905 ut
792 1867 859 1906 sana
878 1852 930 1906 srle
959 1852 1058 1907 intelli-

257 1954 363 2010 gamus
375 1941 457 1995 etiam
476 1940 526 1995 ista
551 1941 709 2012 temporalia
731 1942 801 1997 dona
824 1958 875 1997 nec
892 1942 950 1998 dari
969 1959 1058 2015 posse,

256 2046 315 2085 nec
332 2045 444 2102 sperare
458 2031 571 2098 delrere,
584 2031 666 2086 etiam
681 2048 741 2088 cum
757 2033 791 2087 ab
805 2033 998 2090 infirmioribus
1013 2050 1061 2106 ap-

1122 844 1214 914 xaru).
1230 843 1309 920 Fudit
1321 857 1386 913 ergo
1400 842 1474 897 lsaae
1499 857 1598 896 nurum
1623 849 1746 910 puteum,
1765 844 1820 898 imo
1841 848 1917 915 pueri

1122 934 1196 988 isaac
1212 934 1326 988 ioaliuut.
1341 932 1419 988 l’neri
1440 941 1503 987 sunt
1523 932 1608 997 lsaac,
1622 931 1772 998 bluttlrnus,
1798 932 1916 999 Marcus,

1121 1022 1209 1078 Lucas
1223 1034 1249 1078 et
1263 1023 1390 1090 Jrnrunes,
1410 1022 1507 1078 Petrus
1524 1032 1551 1077 et
1567 1022 1694 1089 lacobus,
1706 1022 1791 1079 ludas
1810 1033 1917 1095 etaptn

1121 1115 1206 1170 stolus
1232 1114 1342 1181 l‘a'ulns,
1362 1115 1407 1185 qui
1421 1131 1516 1172 onrrres
1532 1116 1599 1170 Nori
1622 1113 1789 1172 Testamenti
1804 1127 1916 1187 puteum

1120 1206 1256 1274 foderuut,
1268 1218 1296 1263 ιι
1306 1212 1469 1264 inseruerunt
1489 1224 1587 1279 aquam
1602 1209 1703 1274 viram,
1722 1224 1782 1279 quae
1802 1208 1832 1263 lit
1855 1208 1917 1265 lotas

1119 1317 1195 1371 aqna:
1209 1300 1325 1354 audientis
1340 1300 1368 1354 in
1385 1301 1464 1354 eitum
1484 1310 1619 1355 eternum.
1637 1298 1690 1355 sed
1703 1316 1752 1371 pro
1766 1300 1809 1356 tus
1826 1300 1915 1356 adhue

1118 1391 1288 1446 altercantur
1303 1390 1340 1445 iili
1361 1393 1409 1461 qui
1429 1402 1536 1448 terrena
1553 1392 1672 1464 sapiunt,
1688 1407 1740 1448 arec
1752 1407 1821 1447 nora
1834 1392 1914 1448 condi

1117 1481 1272 1552 patiuntur,
1294 1497 1344 1536 nec
1371 1493 1460 1538 retent
1486 1484 1610 1555 praepari,
1635 1484 1801 1557 evangelicis
1824 1486 1915 1555 puteis

1116 1572 1316 1639 contradicunt,
1342 1574 1674 1643 apostolisatalrersantur;
1697 1588 1725 1631 et
1744 1577 1872 1646 quoniam
1884 1576 1913 1632 ιιι

1117 1663 1244 1719 omuibus
1269 1666 1459 1721 corrtradieunt
1486 1666 1632 1737 litigantes,
1657 1668 1757 1723 dicitur
1777 1668 1811 1722 ad
1835 1682 1911 1724 eos:

1116 1753 1247 1819 Quoniam
1261 1756 1380 1826 indiqnos
1394 1773 1438 1811 noa
1454 1758 1552 1827 lecistis
1565 1759 1657 1829 proriae
1670 1759 1727 1826 liei,
1743 1775 1775 1814 ea
1793 1760 1842 1813 boc
1851 1759 1912 1829 jorn

1114 1844 1149 1898 ud
1158 1855 1245 1915 pentes
1257 1846 1352 1901 ilriunts
1371 1846 1440 1920 (Act.
1457 1848 1545 1919 arur).

1150 1934 1213 1990 Post
1227 1938 1282 1990 ltere
1295 1938 1356 2007 jem
1366 1939 1432 2007 {odit
1445 1942 1550 1992 tertiana
1560 1949 1668 2011 puteum
1683 1938 1772 2005 lsrrnr,
1783 1951 1807 1994 et
1819 1939 1909 2010 appel·

1112 2024 1174 2080 luait
1192 2043 1286 2081 nonren
1305 2028 1356 2082 loci
1370 2028 1442 2083 iliius
1459 2029 1593 2094 beatitudo,
1609 2032 1722 2084 diceus:
1745 2030 1823 2084 rl'nno
1842 2029 1911 2085 dilo-

257 2130 405 2191 petuntuq
423 2123 474 2178 pisi
487 2123 522 2177 ab
540 2139 592 2179 uno
603 2124 668 2188 Deo,
682 2133 712 2178 ut
725 2125 771 2195 qui
785 2126 811 2180 iq
833 2127 951 2182 „puppis
973 2126 1060 2184 fidelis
1074 2138 1098 2196 B
1111 2118 1175 2171 tecit
1189 2134 1235 2171 nos
1248 2117 1385 2182 Dorulaus,
1398 2129 1422 2172 et
1436 2119 1497 2189 {ecit
1511 2137 1624 2175 cresccre
1634 2138 1712 2191 anper
1724 2130 1831 2174 terrum.
1841 2122 1911 2178 llere

256 2223 315 2277 est,
329 2222 356 2268 et
373 2217 400 2268 in
416 2214 521 2285 maguis
535 2214 621 2271 ditetis
636 2215 688 2282 sit;
703 2215 787 2286 etqui
801 2217 828 2271 in
842 2232 994 2274 mammona
1009 2218 1062 2273 ini-

257 2321 318 2376 qno
332 2303 420 2360 fidelis
432 2305 556 2361 inuentus
570 2315 621 2371 est,
633 2307 715 2360 etiam
739 2323 834 2363 rerum
858 2309 982 2380 accipere
1006 2326 1063 2365 me-

259 2394 1060 2473 reatur,sicutl)omiuusiuErrrngelioloquiturlbuc.xrr).

257 2485 341 2540 Talia
352 2484 426 2540 enirn
437 2484 469 2540 de
479 2484 617 2540 Abrabam
631 2487 702 2542 dicta
716 2496 790 2554 sunt,
807 2489 879 2559 qnod
898 2491 924 2544 ei
948 2507 1062 2547 rnunera

258 2576 310 2632 llci
329 2576 513 2646 prouenerint.
535 2575 612 2633 Unde
633 2594 687 2632 rroa
710 2595 805 2651 [aarum
828 2581 944 2637 aedificat
966 2598 1062 2638 sanam

257 2667 357 2732 iidem,
372 2668 417 2739 pie
442 2667 654 2738 intelligentibus
675 2669 727 2724 ista
755 2673 887 2738 narratio,
901 2674 1007 2729 etiamsi
1029 2676 1062 2730 de

256 2761 303 2817 lris
317 2762 401 2817 rebus
415 2760 558 2831 allegorica
572 2761 735 2833 significatio
747 2764 819 2818 nulla
827 2773 917 2834 posset
929 2765 1059 2836 exsculpi.

254 2851 333 2920 Quid
346 2860 439 2906 atatem
453 2849 504 2905 sibi
519 2850 582 2904 relit
595 2851 680 2920 equod,
693 2859 753 2906 orta
770 2852 842 2910 laune
855 2864 1059 2925 superterram,

253 2943 337 3001 lsaae
367 2943 401 2998 ad
432 2942 589 2997 Abimeleclr
607 2959 706 3013 regent.
720 2944 926 3004 Palestinorum
952 2948 980 3002 iu
1008 2948 1061 3004 Ge·

254 3049 324 3091 rara
337 3049 372 3090 cx
386 3042 521 3103 praecepto
536 3043 564 3087 et
585 3034 773 3091 lreuedietione
795 3036 900 3092 Doarriai
927 3039 1059 3106 perrexit,

253 3125 353 3195 ibique
367 3122 519 3178 Rebeccam
534 3138 646 3178 uxorem
662 3140 738 3178 suam
757 3125 862 3180 timoris
882 3142 964 3182 cansa
981 3126 1059 3184 barrit

251 3230 396 3280 sororem,
409 3229 490 3283 aptam
509 3230 556 3270 rex
575 3214 725 3286 alienigena
747 3215 823 3272 lsaae
837 3216 978 3289 conjugem
995 3227 1060 3276 tune

250 3322 320 3364 osse
343 3291 604 3377 cognorit,qrraudo
620 3322 681 3362 cum
698 3323 806 3364 cumea
825 3309 961 3366 ludentem
974 3310 1056 3380 ridit;

250 3398 324 3471 quid
337 3398 365 3454 in
380 3407 551 3455 sacramento
566 3397 667 3455 Cbristi
682 3409 709 3455 et
721 3400 860 3467 Ecclesia,
875 3403 945 3473 quod
965 3413 1058 3464 tantus

1114 2208 1241 2265 dilatatus
1252 2221 1294 2264 est
1303 2210 1424 2275 {sancet
1435 2210 1555 2280 implerit
1565 2226 1673 2266 onrrrem
1688 2221 1787 2265 terram
1797 2210 1909 2266 seientia

1114 2298 1268 2364 Trinitatis,
1284 2299 1353 2354 etin
1370 2309 1427 2355 toto
1444 2300 1511 2355 orbe
1526 2299 1694 2354 latitudinem
1713 2299 1841 2354 Ecclesiae
1855 2299 1909 2355 col·

1113 2387 1220 2443 locarit.
1235 2388 1313 2444 Prius
1324 2399 1429 2444 tautum
1445 2391 1471 2444 iu
1485 2390 1581 2444 luttere
1594 2399 1671 2443 nonas
1683 2388 1831 2455 mutilena,
1844 2397 1867 2444 et
1880 2390 1908 2443 iu

1112 2478 1198 2534 lsrael
1225 2481 1411 2535 nonn'nnbutur
1435 2478 1521 2554 (Paul.
1542 2480 1639 2553 trxt);
1671 2494 1744 2535 astarte
1766 2489 1856 2535 autem
1880 2482 1908 2536 ia

1112 2584 1321 2628 ornrrorntrrrmn
1337 2576 1400 2628 exiit
1413 2592 1492 2628 sourrs
1513 2591 1620 2637 norunt,
1646 2583 1669 2627 et
1698 2573 1724 2626 iu
1746 2573 1812 2643 fines
1837 2573 1906 2628 orbis

1111 2673 1189 2717 terne
1199 2663 1276 2718 rerba
1288 2681 1378 2717 cuturn
1393 2661 1480 2737 (l’srrl.
1497 2665 1584 2732 nutat).
1597 2664 1733 2718 Excurrtes
1745 2664 1816 2718 euim
1829 2667 1904 2735 pueri

1110 2753 1187 2810 isaac
1204 2770 1252 2826 per
1271 2756 1427 2812 uniuersum
1449 2758 1543 2812 orbem
1559 2765 1647 2822 terne,
1661 2757 1784 2813 foderunt
1798 2766 1904 2826 puteos,

1110 2857 1139 2903 et
1151 2863 1250 2919 aquam
1263 2848 1387 2904 omuibus
1402 2850 1601 2915 osterulerunt,
1631 2851 1793 2921 baptizantes
1817 2868 1905 2906 ornnes

1109 2940 1368 3010 pertractandarum
1385 2940 1485 3005 Putria,
1496 2952 1520 2995 et
1537 2940 1612 3009 Filii,
1624 2953 1647 2995 et
1671 2941 1786 3020 Spiritus
1809 2946 1904 2999 soracti.

1111 3031 1166 3087 Sed
1181 3033 1245 3103 quid
1268 3043 1310 3089 ast
1334 3035 1405 3104 qumi
1429 3043 1525 3104 puteos
1548 3035 1684 3090 Abrabam
1708 3051 1777 3105 quos
1800 3035 1906 3105 sperarit

1110 3124 1202 3191 isaac,
1216 3126 1257 3181 sie
1271 3128 1379 3181 vocarit
1390 3143 1437 3183 cos
1452 3128 1523 3183 sicut
1541 3136 1568 3182 ιι
1586 3136 1663 3196 pater
1682 3128 1751 3198 ejus,
1767 3127 1819 3182 nisi
1840 3117 1920 3198 quia¹

1110 3212 1216 3286 lloyses
1234 3215 1305 3285 apud
1325 3232 1375 3273 nos
1395 3218 1477 3271 etiam
1499 3216 1604 3288 blupses
1624 3217 1784 3286 appellatur,
1798 3228 1825 3274 et
1844 3234 1906 3288 pro-

1108 3304 1198 3376 phetae
1226 3308 1411 3379 unusquisque
1435 3324 1484 3364 suo
1512 3308 1621 3363 norrriue
1644 3309 1830 3379 appellantur?
1855 3324 1906 3365 nec

1109 3407 1251 3454 mutantur
1263 3400 1340 3470 quasi
1352 3400 1508 3457 earumdem
1523 3399 1652 3456 uocabula
1663 3411 1817 3471 puteorum.
1842 3401 1906 3459 llne

251 3489 416 3561 patriarcba
431 3504 492 3545 cum
512 3486 625 3561 conjuge
640 3490 749 3556 luserit,
766 3493 974 3567 eorrjugiumqne
991 3491 1092 3555 illunc
1108 3493 1230 3564 mystice.
1244 3492 1382 3547 lloratiter
1394 3501 1485 3549 autem
1498 3493 1573 3548 isaac
1588 3493 1659 3564 apud
1670 3480 1786 3548 alienam
1796 3504 1904 3566 gentem

252 3580 323 3636 irulc
344 3580 382 3635 sit
395 3580 545 3652 cogniturae
557 3582 631 3635 ridet
650 3581 780 3651 prolecto,
798 3586 931 3655 quisquis,
952 3604 986 3644 ue
1009 3590 1059 3645 ali·

252 3671 468 3743 quiduarrando
477 3672 504 3726 iu
514 3670 662 3727 Ecclesiam
677 3684 782 3743 peecet,
796 3686 929 3731 secretrnn
942 3679 1058 3748 ririejus

253 3761 284 3817 in
307 3760 575 3832 Scripturissanctis
597 3762 738 3835 diligenter
763 3766 893 3834 intuetur,
907 3779 934 3824 ιι
956 3771 1059 3829 inscrrit

252 3865 321 3907 eum
335 3850 506 3921 nrajestatern
523 3869 599 3908 suam
615 3870 668 3924 qua
686 3855 714 3909 in
729 3852 815 3912 surina
830 3858 878 3915 llei
892 3863 1003 3931 arquatis
1017 3872 1060 3920 est

252 3942 346 4006 Patri,
359 3943 496 4014 paulisper
510 3936 685 4002 abscondisse
700 3948 727 4002 iu
743 3949 829 4006 lorrrra
844 3954 927 4020 serti,
949 3964 978 4011 ut
1000 3956 1059 4026 ejus

254 4053 347 4110 capax
364 4053 426 4094 csse
450 4040 567 4094 baanna
591 4038 735 4096 infirmitas
754 4053 854 4112 posset,
869 4059 955 4116 eoque
979 4049 1060 4104 ruodo

254 4145 287 4187 sc
301 4128 423 4201 conjugii
437 4145 586 4202 congruum
601 4131 652 4186 iter
666 4138 783 4202 aptaret.
797 4134 951 4201 euidentia
966 4138 1060 4192 absur-

254 4224 325 4279 dum
336 4232 390 4287 est,
403 4222 457 4277 ituo
468 4223 532 4292 quid
543 4222 764 4280 inconvenienter
776 4225 929 4282 futurorum
943 4243 1060 4298 pronun·

255 4312 374 4367 tiatiune
405 4312 652 4378 accommodatum,
677 4314 700 4367 si
724 4316 855 4385 propbeta
878 4317 925 4372 liei
950 4320 1059 4374 carnale

254 4403 363 4473 aliquid
388 4402 465 4467 lusit,
482 4411 512 4457 ut
530 4417 592 4458 eum
612 4414 727 4474 caperet
747 4406 860 4462 allectus
879 4410 1058 4474 moriscum

254 4493 348 4565 ipsum
366 4491 538 4548 l'erbumliei
553 4493 725 4549 carolactum
736 4497 771 4551 sit
781 4505 811 4549 ut
824 4496 960 4552 lrabit'uet
971 4499 997 4553 in
1010 4518 1059 4555 no-

252 4586 320 4642 lris?
332 4582 424 4657 (loca.
442 4583 473 4656 ι.)
492 4586 556 4640 Post
570 4586 627 4641 bare
642 4586 726 4642 refert
740 4587 881 4656 Scriptura
896 4590 967 4659 quod

294 4673 377 4730 launa
387 4687 524 4746 postquam
538 4676 667 4732 benedixit
680 4678 890 4736 illumDonrinus
902 4691 926 4736 et
939 4683 1061 4753 eranquid-

253 4758 475 4830 carbunculare,
493 4782 630 4836 oppressus
641 4778 678 4821 est
687 4779 782 4838 opuset
791 4770 863 4840 clepit
873 4771 961 4841 [odere
968 4783 1059 4841 puteos

1109 3592 1205 3654 puteos
1229 3583 1330 3640 lodisse
1358 3584 1530 3650 describitur,
1556 3600 1610 3656 quo
1633 3585 1759 3641 uidelicet
1781 3586 1906 3657 exemplo
1970 3651 1973 3655 ,

1110 3676 1249 3742 discimus,
1262 3685 1291 3729 ιιι
1305 3675 1332 3729 in
1349 3675 1400 3730 bac
1421 3674 1647 3747 peregrinationis
1669 3690 1790 3731 urnnma
1812 3677 1904 3747 positi,

1110 3769 1304 3839 cogitationum
1331 3775 1485 3823 nostrarum
1512 3767 1646 3836 prolanda
1667 3776 1856 3838 penetremus;
1878 3776 1907 3823 et

1109 3874 1249 3929 quintusque
1263 3857 1523 3930 intelligentiorem
1541 3859 1620 3914 nobis
1641 3874 1710 3928 arprra
1731 3858 1905 3928 respoudeat,

1110 3965 1282 4020 nequaquam
1303 3957 1402 4003 nostra
1427 3948 1609 4018 inquisitionis
1629 3964 1726 4003 ιιιιιιιιιε
1750 3950 1784 4003 ad
1804 3948 1906 4003 calanu-

1110 4043 1233 4098 riendam
1247 4042 1338 4097 cordis
1350 4050 1448 4096 terram
1461 4049 1607 4112 torpescat.
1619 4040 1693 4108 Quos
1706 4050 1796 4097 tamen
1809 4050 1906 4112 puteos

1109 4132 1245 4204 Allopbpli
1258 4131 1418 4187 insidiantes
1431 4131 1545 4202 replent,
1558 4132 1622 4201 quia
1633 4132 1760 4186 nimirum
1773 4133 1905 4188 immundi

1110 4224 1232 4295 spiritus,
1249 4238 1310 4278 cum
1325 4237 1374 4277 uos
1392 4222 1512 4277 studiose
1531 4220 1623 4277 indere
1642 4222 1821 4292 conspiciunt,
1839 4237 1906 4277 eou-

1106 4318 1195 4389 jectas
1209 4320 1287 4374 trabis
1298 4317 1477 4387 cogitationes
1498 4318 1679 4373 tentationum
1692 4316 1810 4385 erigunt.
1827 4314 1904 4384 Sapo

1110 4426 1172 4467 cum
1187 4410 1301 4478 eloquiis
1314 4409 1399 4464 sacris
1422 4409 1597 4473 intendimus,
1620 4408 1802 4479 malignorum
1826 4406 1906 4475 spiri-

1111 4513 1187 4558 tuum
1198 4503 1309 4557 iusidias
1321 4504 1429 4573 grauius
1446 4502 1602 4565 toleramus,
1615 4501 1678 4570 quia
1701 4499 1786 4555 ruenti
1806 4508 1906 4553 nostrae

1111 4608 1280 4651 terrenarum
1292 4594 1485 4664 cogitationum
1498 4593 1635 4664 pulsorem
1649 4600 1806 4664 aspergunt,
1822 4600 1851 4645 ut
1865 4592 1906 4646 in-

1112 4689 1240 4744 tentionis
1253 4698 1351 4742 nostrae
1368 4687 1461 4742 orarias
1479 4703 1494 4741 a
1515 4687 1574 4742 lnce
1600 4687 1702 4741 intime
1726 4686 1838 4741 cisionis
1857 4685 1907 4740 ob-

1112 4789 1233 4837 scurent.
1247 4780 1324 4846 Quod
1345 4779 1427 4834 etiam
1448 4779 1523 4834 isaac
1546 4794 1628 4848 opere
1649 4786 1676 4832 et
1699 4777 1905 4848 bllupbylnrmn

248 4872 324 4928 ‘1⁸⁰⁸
339 4854 461 4924 [oderant
472 4856 547 4926 duell
559 4859 642 4928 pann
653 4859 693 4910 δι”
709 4858 904 4925 dirulrannant
915 4861 1056 4916 iruidmues
1071 4858 1096 4919 l)
1109 4871 1244 4941 pravitate
1257 4868 1639 4940 cognorimusdesignari,qui
1651 4876 1820 4938 pzrteosqnos
1831 4866 1907 4922 lsaao

248 4947 280 4999 ei
297 4942 447 5009 Palaestini,
458 4945 642 4999 obstruserant
658 4963 711 5012 eos,
725 4947 860 5018 iuqueutes
870 4949 960 5017 laureto,
970 4959 997 5004 et
1015 4966 1058 5006 re-

249 5032 342 5105 liqua.
359 5034 426 5100 Quis
438 5044 480 5090 est
496 5036 548 5091 iste
560 5036 644 5101 isaac,
661 5038 713 5093 uisi
742 5039 870 5095 salrator
893 5050 996 5107 noster,
1010 5043 1057 5112 qui

249 5128 324 5184 dum
335 5128 519 5183 descendisset
535 5129 561 5182 iu
580 5129 660 5183 istam
678 5137 826 5186 torrentem
842 5131 955 5200 Gerara,
968 5134 1057 5204 primo

251 5219 384 5275 orrrrrium
398 5219 459 5282 illos
474 5230 569 5290 puteos
581 5219 672 5276 fodere
685 5221 749 5289 ruit,
764 5239 832 5294 quos
844 5224 968 5281 loderaut
980 5229 1057 5298 pueri

249 5310 415 5383 patrissui?
431 5311 503 5366 ldern
516 5312 621 5383 iloyses
631 5321 742 5384 puteum
754 5315 821 5387 legis
831 5317 936 5374 foderat
959 5320 1055 5389 liarid,

257 5402 400 5468 Salomon,
420 5410 448 5458 et
472 5406 625 5475 propbetae;
655 5405 739 5462 libros
762 5409 931 5479 seripserunt
950 5411 1057 5470 Veteris

256 5492 444 5560 Testarrrenti,
458 5511 526 5566 quos
543 5505 632 5552 tamen
649 5509 757 5554 terrena
773 5510 801 5556 et
815 5502 922 5557 sordida
937 5504 1057 5574 replere-

260 5593 304 5639 rat
324 5583 500 5657 intelligentia
511 5585 665 5643 lurlaeornrn
678 5607 685 5657 ;
710 5599 738 5645 ct
751 5592 846 5648 ¹eorum
859 5610 890 5649 os
903 5611 964 5650 eurn
977 5595 1056 5651 rellet

258 5690 378 5747 purgare
391 5677 477 5742 isaac,
490 5688 518 5733 ιιι
531 5681 687 5735 ostenderet
700 5683 763 5752 quia
784 5701 951 5758 qrneeunque
969 5688 1012 5744 les
1030 5698 1059 5744 et

261 5771 399 5839 prophetae
410 5770 546 5837 dixerunt,
559 5771 593 5826 de
606 5774 664 5842 ipso
675 5775 812 5841 dixerunt,
826 5777 906 5831 rixati
919 5790 982 5834 sunt
994 5796 1056 5835 eum

263 5862 497 5928 tarantasmum
518 5875 561 5920 est
578 5864 692 5921 lardaria
706 5884 800 5939 regno,
817 5871 864 5924 liei
890 5871 980 5927 alieni.
1002 5873 1057 5930 Sed

264 5951 401 6010 descerniit
415 5954 500 6009 abeis
516 5969 524 6009 :
540 5971 593 6010 uon
610 5967 699 6025 potest
721 5974 781 6014 esse
802 5976 865 6015 curn
890 5961 933 6016 bis
957 5963 1003 6032 qni
1028 5963 1056 6017 in

264 6049 348 6114 putus
363 6062 461 6116 aquam
474 6045 567 6103 nolunt
579 6047 744 6113 lraber·e,scd
759 6058 870 6118 terrun,
879 6060 905 6107 et
918 6053 983 6108 dicit
994 6053 1033 6111 cis
1047 6073 1053 6108 :

422 6140 559 6199 l'aruou.
583 6138 676 6204 ttt'tt.

1109 4964 1215 5019 suderat
1230 4972 1309 5018 terrm
1321 4963 1446 5032 congerie
1459 4961 1608 5031 replebant.

1144 5055 1199 5112 lius
1210 5057 1293 5120 eninr,
1309 5071 1358 5109 tros
1371 5056 1497 5108 nimirum
1508 5064 1605 5125 puteos
1620 5053 1748 5120 lodirauS,
1759 5070 1820 5110 eum
1834 5055 1908 5111 Seri-

1108 5155 1196 5217 ptnrae
1208 5147 1307 5201 abditis
1318 5147 1444 5201 sensibus
1458 5146 1513 5200 alta
1526 5155 1702 5216 prorretramus
1714 5164 1721 5199 :
1733 5161 1802 5215 (paros
1815 5155 1905 5201 tarneu

1107 5239 1214 5296 occulte
1228 5239 1332 5309 replent
1345 5239 1491 5310 allophyli,
1506 5241 1614 5309 quanio
1628 5241 1706 5295 arabis
1721 5240 1754 5294 ad
1770 5241 1824 5293 alta
1849 5249 1907 5294 ten·

1110 5330 1239 5386 dentibus
1254 5330 1384 5384 innnnruli
1401 5330 1513 5399 spiritus
1527 5339 1651 5384 terrenas
1670 5331 1846 5400 cogitationes
1865 5331 1906 5383 iu-

1109 5434 1209 5495 gernnt
1225 5433 1253 5478 et
1273 5422 1350 5492 quasi
1375 5423 1514 5477 iuventam
1540 5423 1637 5479 dirime
1659 5422 1780 5478 scientiae
1806 5436 1905 5489 aqrnnu

1111 5514 1217 5568 tollunt.
1244 5512 1320 5580 Quod
1342 5513 1470 5568 nimirum
1501 5513 1644 5568 Psalmista
1669 5510 1819 5582 protulerat
1841 5526 1904 5566 curn

1109 5604 1218 5661 dicebat
1235 5623 1241 5658 :
1263 5605 1425 5661 Declinnten
1444 5621 1496 5670 aare,
1508 5596 1626 5672 artalipui,
1638 5613 1662 5656 et
1683 5601 1818 5655 serratalror
1830 5617 1906 5655 nann-

1110 5697 1172 5751 dutn
1183 5695 1231 5750 liei
1244 5696 1294 5750 anei
1312 5694 1398 5769 (Pani.
1414 5699 1521 5766 curret).
1543 5692 1673 5750 Videlicet
1692 5700 1817 5762 patenter
1839 5692 1906 5746 iusi·

1110 5803 1198 5843 nuans
1220 5788 1285 5858 quia
1308 5789 1434 5843 mandata
1454 5786 1501 5842 Dei
1525 5785 1689 5856 perscrutari
1715 5800 1768 5839 nou
1783 5793 1902 5854 poterat,

1110 5895 1173 5935 curn
1193 5879 1372 5952 rrralignorum
1391 5878 1533 5949 spirituum
1552 5873 1664 5931 insidias
1680 5875 1705 5930 iu
1726 5884 1818 5933 mente
1835 5875 1905 5932 tole

1109 5972 1196 6028 rabat.
