4509 6850
317 636 365 691 tit

641 632 671 685 Β.
692 628 817 684 uittam
838 628 946 685 llthill
967 628 1125 683 nttcttttl‘.
1148 628 1301 690 tibuunt.
1321 625 1463 683 denubit
1479 622 1568 680 PARS
1588 623 1608 678 Ι.

1891 629 1949 687 872

313 762 392 817 quem
417 746 571 801 sacerdotes
598 761 649 797 uon
675 742 855 812 ‹ligrnrhautur
880 729 1022 811 attingere.
1052 744 1102 795 ant
1116 752 1141 805 Α
1155 743 1266 797 diutissa
1284 742 1357 795 solus
1374 747 1487 794 nouerat
1501 738 1548 807 qui
1566 738 1727 793 dimittebat.
1751 739 1838 809 Serge
1856 751 1951 800 numm

312 848 386 893 corte
402 837 462 892 ideo
477 837 558 889 hlium
573 846 666 897 uocat,
686 836 748 903 quia
767 835 938 887 dimittuntur
951 835 976 887 ci
991 845 1100 903 peccata

312 948 371 986 sua.
386 929 478 1002 (drag.)
492 929 567 996 Quod
578 944 642 999 ergo
656 928 797 982 llatthmus
809 928 874 982 dicit
885 928 968 982 boum
981 929 1099 984 dixisse:

312 1019 431 1087 Caenide,
446 1019 495 1087 fiii,
516 1018 683 1071 remittuntur
697 1016 742 1069 tihi
757 1027 862 1086 perroto
877 1027 934 1080 trra,
950 1017 1034 1071 lateas
1049 1035 1100 1073 uou

312 1113 389 1174 dixit,
403 1111 451 1179 nli,
466 1110 524 1164 sed.
540 1108 625 1171 horno,
642 1109 675 1163 ad
689 1108 851 1162 senteutiam
873 1108 979 1161 Domini
991 1124 1102 1178 expres-

313 1219 370 1258 sius
384 1202 571 1257 insinuandam
587 1202 678 1255 valet:
695 1202 758 1269 qrria
776 1199 879 1253 homiui
898 1199 1103 1255 dimittebantur

312 1304 433 1365 peccata,
455 1292 499 1362 otti
520 1292 572 1346 hoc
586 1292 644 1361 ipso
658 1289 728 1359 qtrod
744 1294 825 1344 horno
845 1297 921 1354 emt,
937 1305 990 1344 non
1011 1300 1103 1359 posset

312 1386 403 1441 dicere
421 1383 480 1437 Non
498 1382 623 1453 peccavi,
639 1381 718 1436 simul
737 1381 819 1436 etiam
834 1388 865 1434 ut
881 1381 925 1436 ille
939 1383 984 1450 qui
999 1383 1101 1438 homiui

312 1476 464 1532 dimittebat
476 1473 668 1542 intelligeretur
684 1473 762 1526 Deris.
778 1471 830 1526 Sed
844 1473 905 1526 etsi
918 1489 998 1541 quiem
1013 1482 1103 1527 moret

312 1575 402 1622 utrum
417 1565 546 1621 Dominus
558 1564 656 1619 dixerit
668 1565 738 1633 qttod
753 1564 902 1630 llattlranrs,
917 1581 950 1619 au
965 1565 1036 1634 qnod
1052 1565 1102 1618 lm-

311 1674 368 1722 eas,
383 1657 465 1719 dixit,
483 1656 551 1711 sciat
564 1664 708 1725 utrumque
722 1655 797 1709 illurn
816 1654 895 1709 siuurl
910 1655 999 1710 dicere
1012 1669 1101 1723 posse,

312 1757 370 1808 aut,
383 1746 493 1815 confide,
507 1754 595 1811 nomo,
607 1747 775 1800 dimittuntur
787 1746 834 1799 nti
847 1757 963 1815 peccato,
974 1746 1014 1816 fili
1022 1764 1030 1809 ,·
1045 1757 1100 1811 aut,

311 1841 423 1910 confide,
447 1840 497 1908 fili,
518 1839 686 1893 dimittuntur
704 1839 750 1892 titt
770 1839 985 1907 perscindente.
1010 1836 1101 1908 (donni

312 1930 459 2000 (Ilrrpsost.)
480 1929 639 1984 Intuendum
660 1944 725 1984 sano
738 1937 868 1999 quantum
889 1930 996 1998 propria
1017 1928 1104 1997 cujus·

311 2036 363 2088 rpuc
374 2020 439 2075 ides
449 2021 519 2089 apud
530 2020 614 2074 ileum
625 2020 723 2083 ualeat,
735 2021 779 2075 uhi
796 2028 898 2074 tanum}
909 2020 993 2075 ualuit
1003 2022 1100 2085 aliena,

1153 844 1178 885 et
1190 833 1306 896 embolo,
1322 842 1376 886 tarn
1391 831 1470 898 isqui
1485 828 1621 899 surgebat,
1634 845 1714 899 quam
1730 831 1821 902 hiqui
1837 847 1952 903 surgen·

1154 936 1207 979 torn
1223 924 1358 985 ridebant,
1376 921 1526 991 approhare
1538 928 1671 989 poterant.
1685 921 1730 975 Fu
1743 922 1827 992 igitur
1838 922 1951 980 mentale

1154 1016 1259 1083 siguum
1283 1024 1313 1068 ut
1336 1015 1464 1083 probetur
1486 1011 1624 1081 spiritale,
1644 1028 1802 1082 quanquam
1826 1015 1950 1084 ejus.lem

1154 1109 1262 1161 uirtutis
1275 1108 1311 1161 sit
1322 1117 1349 1160 ct
1367 1104 1488 1173 corporis
1506 1112 1534 1159 et
1550 1105 1647 1158 animre
1661 1104 1725 1158 ritia
1742 1106 1894 1162 dimittere.
1916 1107 1950 1162 tn

1154 1200 1230 1253 ‹latm
1245 1198 1323 1253 nisibis
1345 1196 1519 1266 intelligentia
1540 1204 1648 1265 propter
1670 1206 1782 1266 peccata
1804 1197 1951 1269 pterosque

1153 1289 1261 1344 euenire
1285 1303 1427 1357 corporum
1454 1286 1615 1341 debilitatos.
1643 1285 1678 1342 Et
1705 1288 1809 1343 idcirco
1832 1288 1949 1346 forsitan

1154 1380 1228 1451 prius
1239 1379 1410 1433 dimittuntur
1420 1384 1532 1446 peccata
1549 1385 1593 1439 ut,
1605 1377 1693 1434 causis
1704 1378 1857 1436 debilitatis
1875 1381 1950 1437 abla-

1153 1474 1198 1537 tis,
1213 1472 1313 1525 sanitas
1326 1469 1492 1524 restituatur.

1189 1564 1347 1633 illinamus.)
1360 1558 1487 1626 Quadam
1497 1558 1629 1629 siquidem
1640 1568 1703 1614 suut
1713 1557 1874 1615 differentiae
1884 1578 1948 1616 cau·

1154 1669 1256 1718 sorum,
1269 1668 1319 1724 pro
1333 1653 1430 1722 quibus
1442 1653 1470 1707 in
1482 1652 1535 1707 hnc
1546 1652 1602 1706 vita
1615 1651 1747 1708 molestiis
1759 1654 1949 1723 corporalibus

1154 1743 1307 1815 nissigimor.
1328 1742 1382 1798 hut
1395 1743 1467 1798 cuim
1484 1741 1518 1796 ad
1534 1741 1630 1796 merita
1646 1741 1767 1813 augenda
1781 1756 1833 1822 per
1843 1743 1947 1812 patien-

1155 1835 1219 1888 tiam
1240 1832 1306 1903 justi
1328 1832 1449 1901 corporis
1470 1830 1626 1886 infirmitate
1645 1839 1805 1901 gratantur,
1823 1840 1854 1886 ut
1877 1834 1947 1889 beati

1153 1923 1247 1977 Patres
1261 1920 1312 1977 lob
1324 1931 1352 1975 ct
1368 1920 1475 1987 Tobios,
1489 1930 1518 1977 et
1533 1921 1668 1977 innumeri
1681 1931 1819 1994 martyres
1834 1922 1864 1976 in
1874 1931 1946 1978 ntro

1154 2031 1205 2085 qrre
1217 2016 1404 2081 Testamento;
1421 2025 1468 2070 aut
1490 2014 1525 2069 od
1545 2014 1695 2070 custodiam
1708 2014 1840 2068 uirtutum
1855 2030 1946 2085 peror-

312 2121 340 2165 ut
355 2119 428 2165 totus
444 2112 525 2165 homo
538 2118 658 2179 repente,
675 2112 727 2166 hoc
738 2120 780 2165 est
793 2113 912 2166 exterius
926 2113 1101 2183 interiusque,
1117 2103 1141 2161 tt
1155 2118 1271 2178 ntorum,
1286 2123 1321 2163 ne
1335 2108 1462 2179 superbia
1475 2115 1595 2164 tentante
1606 2107 1761 2177 dispereant
1777 2126 1785 2161 :
1801 2109 1873 2165 sicut
1885 2125 1947 2181 apo·

309 2203 365 2271 jam
383 2202 501 2257 saltatus
515 2212 682 2272 exsurgeret,
696 2202 863 2271 aliorumque
879 2204 975 2258 uterito
986 2203 1046 2259 aliis
1060 2221 1103 2260 re-
1152 2200 1222 2255 stolo
1235 2200 1328 2265 Paulo,
1342 2200 1397 2266 cui,
1411 2215 1445 2254 nc
1457 2199 1641 2271 magnitudine
1653 2198 1851 2255 revelationum
1864 2201 1943 2256 extol-

311 2294 468 2348 laxarentur
478 2301 578 2347 errata.
592 2293 674 2346 hudit
685 2293 791 2346 reniam
803 2302 830 2347 ct
845 2302 915 2348 tacet
926 2294 1101 2366 paralyticus,
1152 2293 1261 2357 leretur,
1273 2292 1351 2346 dotus
1361 2302 1398 2346 eat
1410 2291 1531 2346 rrtnrntnr
1545 2292 1632 2345 cornis
1646 2306 1702 2345 aare
1714 2290 1826 2361 angelus
1839 2289 1945 2346 Scione

311 2400 361 2439 nco
383 2383 463 2438 nullam
481 2384 627 2452 respondet
647 2384 762 2454 gratiam
782 2402 788 2437 ε
812 2386 875 2453 grtia
900 2385 959 2455 plus
981 2388 1102 2456 eorporis
1152 2388 1195 2456 qui
1207 2402 1266 2439 emo
1278 2382 1452 2455 eolopirinoret
1463 2383 1506 2455 (ll
1517 2382 1579 2438 Cor.
1591 2383 1656 2454 ιιιι);
1669 2383 1762 2437 autad
1773 2382 1944 2454 intelligentia

310 2491 391 2545 quam
415 2474 511 2528 animae
536 2474 663 2529 tcurlebat
691 2474 723 2528 ad
750 2490 863 2540 curam,
889 2485 916 2530 ct
942 2478 1102 2547 temporales
1153 2471 1943 2546 etcorrigendapeceatanostra,sicutllariasororliamn

310 2583 444 2622 {erumnas
458 2567 568 2622 resoluti
591 2569 713 2637 corporis
732 2568 772 2624 sic
791 2570 920 2635 dedebat,
940 2581 969 2626 ut
987 2582 1102 2628 aeternos
1152 2569 1180 2622 in
1192 2582 1283 2622 ercino
1295 2568 1330 2621 ob
1342 2567 1423 2621 rerba
1438 2566 1598 2621 temeritatis
1611 2574 1639 2620 et
1653 2564 1788 2635 superbiae
1800 2564 1876 2635 lepra
1889 2581 1945 2636 per·

309 2674 405 2728 poenas
427 2657 594 2714 resolutioris
615 2660 712 2714 animae
734 2674 786 2714 non
809 2659 934 2725 dederet,
957 2664 1102 2732 gratiorem
1152 2673 1231 2713 cussa
1248 2664 1291 2712 cst
1306 2656 1401 2730 (Nam.
1414 2655 1464 2726 ιιι)
1481 2674 1488 2709 :
1504 2656 1574 2711 sicut
1588 2655 1753 2727 paralyticus
1767 2655 1802 2710 de
1821 2670 1878 2725 quo
1895 2665 1945 2712 tra·

311 2837 363 2891 rito
377 2836 502 2892 Christus
520 2835 692 2892 oiiereutium
715 2839 792 2894 iidem
816 2841 943 2910 respicit,
965 2851 993 2896 et
1008 2857 1103 2899 t'ceor-
1152 2839 1309 2895 infirmitate
1324 2840 1430 2905 curari;
1450 2848 1497 2895 aut
1510 2840 1543 2894 ad
1557 2840 1670 2910 gloriam
1683 2839 1732 2895 Dei
1744 2838 1879 2894 saltantis
1891 2839 1944 2894 site

310 2924 382 2981 diam
402 2927 441 2981 sio
459 2925 574 2995 jacentis
594 2928 720 2997 respicit,
736 2936 765 2982 ut
785 2929 847 2985 fidei
863 2930 957 2986 alienae
976 2929 1102 3003 sullragio
1152 2933 1343 3002 perseipsum,
1358 2933 1414 2987 sinc
1428 2946 1476 3001 per
1489 2930 1603 2987 iamulos
1620 2947 1695 2997 snos,
1709 2932 1782 2987 sicut
1795 2946 1885 2987 cacus
1895 2946 1941 2986 na·

310 3015 452 3087 paralytici
464 3016 555 3070 anima
569 3025 630 3071 anto
644 3026 786 3072 curaretur
797 3035 879 3088 quam
892 3036 999 3092 corpus.
1153 3035 1196 3079 tus
1209 3026 1237 3080 in
1252 3026 1398 3096 Evangelio
1413 3024 1504 3097 (donar.
1517 3025 1565 3097 rx),
1580 3025 1625 3095 qui
1639 3040 1726 3095 noque
1742 3026 1804 3095 ipse
1814 3025 1940 3094 peccarit,

346 3107 380 3161 lit
393 3124 450 3162 eece
469 3109 575 3179 quidam
591 3110 622 3164 de
637 3111 729 3165 seritis
748 3111 869 3167 dixerunt
888 3115 959 3169 intro
977 3133 1004 3171 se
1021 3130 1030 3168 :
1050 3113 1102 3173 ilie
1153 3131 1240 3186 neque
1254 3126 1380 3187 parentes
1400 3117 1468 3186 ejus,
1489 3116 1537 3171 scd
1554 3125 1585 3171 ut
1603 3114 1849 3172 manifestarentur
1866 3129 1941 3187 opera

310 3198 480 3268 ttorptemar.
498 3197 633 3269 (llieron.)
655 3199 732 3267 Quod
753 3211 844 3257 autem
858 3204 975 3260 dixerint
991 3205 1028 3260 illi
1042 3221 1103 3263 esse
1153 3208 1200 3264 Dei
1217 3208 1244 3264 in
1257 3209 1322 3265 illo:
1338 3211 1409 3265 sicut
1429 3210 1557 3275 Lazarus,
1572 3209 1649 3277 cujus
1668 3210 1817 3266 iufirmitas
1831 3227 1885 3266 non
1896 3210 1942 3265 luit

311 3289 514 3359 blasphemiam,
529 3288 635 3345 llareus
648 3302 846 3360 consequenter
858 3296 979 3364 exponit,
993 3296 1100 3352 diceus:
1153 3302 1187 3357 ad
1201 3310 1326 3367 mortem,
1341 3302 1387 3357 sed
1401 3317 1451 3371 pro
1463 3302 1548 3373 gloria
1563 3302 1622 3368 bei,
1639 3309 1671 3356 ut
1685 3301 1887 3374 glorificaretur
1899 3301 1940 3358 lii·

310 3379 388 3446 Quis,
413 3380 551 3452 inquiunt,
575 3391 657 3452 potest
682 3383 810 3439 dimittere
829 3396 934 3456 peccato
958 3386 1009 3443 nisi
1030 3386 1101 3443 roias
1153 3394 1205 3450 lius
1218 3394 1265 3450 Dei
1289 3409 1337 3465 per
1357 3409 1419 3450 curn
1435 3393 1525 3465 (loon.
1541 3393 1598 3466 xtl;
1620 3403 1667 3449 aut
1688 3393 1723 3450 ad
1745 3394 1941 3452 inchoationem

309 3469 399 3524 Deire?
418 3468 544 3541 Legimus
562 3473 590 3527 in
611 3475 741 3544 propheta
759 3476 864 3531 dicento
882 3496 887 3530 :
908 3477 965 3549 ligo
979 3496 1036 3534 euna
1056 3483 1101 3551 qai
1115 3454 1138 3516 C
1154 3487 1543 3556 donnationisetornae,qnou
1553 3486 1940 3560 reproborumestproprium:

309 3562 382 3616 deleo
398 3563 547 3632 iniquitates
560 3573 620 3619 tans
635 3564 704 3633 (iso.
719 3567 805 3639 ιιιιι).
821 3567 1023 3639 consequenter
1037 3587 1102 3641 crgo
1152 3575 1429 3647 sicuthntioelrus(ll
1437 3577 1740 3649 llorlr.ru)etllcrodes
1752 3579 1940 3652 (Act.xrr),qni

310 3652 406 3707 scribae
420 3653 483 3724 guia
499 3653 635 3709 hominem
653 3656 784 3725 putabant
801 3665 829 3712 et
842 3660 923 3714 rerba
942 3660 989 3715 boi
1006 3661 1102 3716 intelli·
1152 3676 1266 3737 uterque
1286 3680 1335 3721 suo
1358 3676 1478 3736 tempore
1498 3668 1628 3724 aduersus
1646 3669 1730 3724 berun
1754 3683 1939 3744 repugnantes,

308 3743 419 3814 gehaut,
432 3751 548 3814 arguunt
558 3759 620 3799 eum
632 3744 816 3814 blasphemie.
831 3748 895 3813 Sed,
906 3749 970 3804 licet
982 3751 1103 3806 nescien-
1151 3765 1217 3828 quot
1240 3765 1436 3812 tormentorum
1455 3758 1482 3812 in
1502 3761 1625 3829 gehenna
1639 3771 1772 3832 perpetuo
1783 3764 1891 3832 passuri
1903 3780 1940 3821 ce

309 3846 360 3897 tes,
373 3851 466 3891 rerum
486 3836 619 3901 dicebant,
638 3838 701 3908 quia
718 3853 798 3893 nemo
820 3839 957 3896 dimittere
978 3852 1099 3911 peccam,
1152 3856 1222 3912 sent,
1236 3849 1408 3918 presentium
1426 3848 1600 3905 afflictionum
1614 3851 1722 3907 miseria
1737 3855 1846 3910 cunctis
1858 3864 1940 3910 osten·

310 3926 362 3980 nisi
376 3927 457 3993 heus,
472 3935 564 3998 potest
578 3945 585 3981 ε
600 3929 647 3998 qui
661 3943 768 3998 percos
782 3945 888 4000 quoqne
901 3932 1027 3998 atinum,
1042 3933 1102 4002 qui·
1152 3942 1251 3997 debeant
1267 3961 1274 3996 :
1290 3929 1392 4013 quibus·
1402 3945 1526 3999 oonrontt
1540 3944 1606 3999 iltuit
1618 3945 1761 4017 Propino-,c
1776 3967 1785 4002 2
1800 3947 1837 4002 Ει
1849 3948 1939 4020 nuptm

308 4019 359 4071 bru
377 4018 530 4074 dimittendi
552 4019 627 4074 dedit
647 4030 818 4089 potestatem.
843 4022 877 4076 Et
900 4023 960 4078 ideo
977 4022 1101 4080 Christus
1151 4033 1306 4087 contritione
1320 4044 1421 4088 contere
1433 4051 1476 4089 eon
1492 4033 1559 4107 (der.
1573 4035 1649 4108 xvir).

307 4125 372 4164 uere
396 4110 468 4166 bens
490 4125 552 4166 esso
573 4111 719 4180 probatur,
743 4112 806 4183 quia
832 4114 969 4171 dimittere
991 4124 1101 4185 peccata
1188 4123 1264 4179 Unde
1279 4139 1390 4180 necesse
1400 4133 1441 4180 est
1453 4126 1483 4180 in
1497 4127 1622 4183 omnihus
1635 4129 1681 4198 qtri
1698 4129 1883 4199 temporaliter
1895 4130 1937 4185 ad·

307 4197 386 4267 quasi
397 4200 468 4254 bens
481 4207 581 4269 potest.
597 4198 697 4255 llcrum
712 4201 767 4256 Deo
779 4203 962 4258 testimonium
975 4204 1100 4273 reddunt,
1151 4231 1229 4272 versa
1245 4216 1374 4284 patimur,
1389 4232 1450 4271 cnm
1466 4218 1620 4275 hnmilitate
1631 4219 1748 4276 Domino
1761 4222 1866 4292 gratias
1883 4237 1939 4293 aga-

307 4289 355 4343 rei
380 4302 525 4358 porsonam
546 4289 647 4345 Christi
671 4293 813 4361 negando,
838 4290 976 4348 falluntur.
1001 4295 1101 4349 Errant
1151 4322 1227 4370 mus;
1244 4316 1271 4360 ct
1286 4306 1451 4362 infirmitatis
1463 4316 1563 4364 nostrae
1576 4310 1689 4376 conscii,
1704 4312 1738 4368 de
1752 4311 1860 4367 collatis
1870 4312 1938 4367 nobis

307 4382 398 4449 itaque
411 4380 497 4437 ladani
514 4383 578 4452 qui,
599 4398 660 4437 cnm
678 4383 815 4441 Cluistum
830 4395 858 4442 ct
879 4387 962 4442 Deum
977 4403 1052 4453 esse,
1073 4398 1101 4444 ct
1152 4395 1278 4450 remediis
1292 4396 1459 4465 gratulemur
1472 4413 1582 4454 necesse
1593 4408 1646 4466 cst,
1659 4410 1689 4455 ut
1703 4402 1738 4457 ad
1751 4403 1937 4458 conscientiam

307 4479 418 4541 peccata
431 4471 567 4528 dimittere
581 4488 659 4543 posse
673 4475 796 4540 credant,
813 4475 905 4531 lesum
921 4485 1010 4533 tomen
1022 4478 1101 4536 Chri-
1152 4495 1272 4540 nostram
1289 4487 1391 4542 rcrcrsi
1403 4487 1519 4544 solerter
1533 4506 1614 4561 opera
1627 4500 1719 4547 nostra
1733 4492 1816 4547 simul
1830 4504 1858 4551 ct
1872 4492 1938 4565 cogi-

306 4572 378 4616 stum
392 4577 451 4617 esse
466 4577 519 4617 nou
532 4564 655 4618 credunt.
672 4564 725 4620 Sed
740 4567 825 4622 multo
843 4568 995 4623 dementius
1008 4580 1101 4625 crrant
1153 4578 1268 4633 tationes
1289 4578 1469 4645 exploremus,
1487 4589 1514 4635 et
1534 4583 1662 4652 qtridqnid
1681 4599 1731 4640 nos
1754 4601 1884 4657 peccasse
1897 4586 1938 4641 de·

306 4655 416 4719 arioni,
430 4655 476 4724 qui
490 4669 551 4709 cunr
569 4653 662 4710 iesum
680 4665 709 4711 et
726 4655 862 4713 Cluistruu
877 4674 936 4715 csse
950 4670 977 4714 ct
989 4672 1099 4730 peccata
1150 4666 1342 4737 prehendimus
1355 4669 1435 4740 digua
1448 4673 1624 4742 castigatione
1637 4688 1799 4746 purgemus;
1814 4675 1938 4748 qttidgnid

306 4760 384 4813 posse
399 4744 544 4808 dimittere,
559 4744 697 4815 Evangelii
708 4747 800 4801 t‘crbis
813 4748 921 4813 deuicti,
936 4765 1033 4819 negare
1045 4767 1097 4807 nou
1152 4757 1184 4813 dc
1197 4758 1239 4813 his
1250 4775 1310 4829 quae
1322 4776 1371 4815 nos
1387 4771 1459 4817 recto
1475 4761 1571 4819 iecisse
1585 4764 1771 4833 credebamus,
1786 4769 1854 4824 sitio
1868 4767 1939 4823 nobis

306 4836 424 4899 audent,
445 4835 619 4892 nihilominus
640 4838 725 4891 heuto
746 4854 844 4908 negare
864 4856 917 4896 non
938 4843 1043 4899 timent.
1063 4847 1099 4902 dt

307 4924 363 4992 ipse
382 4923 498 4993 perlidos
519 4924 622 4980 salrarc
641 4926 810 4994 desiderans,
826 4938 854 4983 ct
874 4931 1039 4990 occultorum
1055 4953 1100 4992 co

305 5015 425 5084 gnitione
451 5022 479 5070 ct
504 5016 602 5070 uirtute
626 5032 738 5087 operum
764 5018 847 5073 Deum
874 5037 902 5076 sc
927 5037 987 5080 csse
1014 5029 1101 5083 mani-

306 5105 396 5161 lestat.

342 5199 376 5252 m
397 5216 456 5254 curn
476 5202 579 5257 vidisset
600 5201 679 5257 detur
701 5206 871 5276 cogitationes
887 5226 987 5274 eorurn,
1007 5212 1098 5265 distr:

308 5287 405 5360 Utgaid
416 5290 535 5361 cogitatis
547 5291 619 5347 mnia
634 5294 661 5348 in
675 5296 796 5352 cordibus
810 5300 919 5353 restris?
930 5300 1055 5356 Ostendit
1069 5317 1098 5357 se

305 5380 400 5445 Ιιιιιιιι,
413 5381 459 5450 qui
475 5389 565 5452 potest
578 5383 669 5439 cordis
681 5386 786 5442 occulta
805 5401 1017 5458 cognoscereet
1031 5407 1099 5462 quo·

305 5470 448 5526 dammodo
462 5478 555 5527 tacens
568 5472 689 5542 loquitur
705 5493 712 5528 ε
730 5475 828 5533 Eadem
850 5479 992 5547 majestate
1006 5489 1035 5534 ct
1051 5496 1098 5550 po

306 5563 387 5616 tentia
407 5577 460 5631 qua
481 5564 658 5634 cogitationes
678 5575 784 5622 uestras
804 5568 920 5633 intucor,
941 5584 1051 5638 possum
1071 5580 1098 5625 ct

304 5650 457 5707 bominibus
468 5653 565 5709 delicta
577 5655 722 5711 dimittere.
735 5658 773 5711 En
786 5660 862 5714 robis
877 5661 1017 5732 intelligite
1032 5663 1096 5731 quid

303 5742 468 5812 paralyticus
482 5755 676 5817 consequatur.

340 5833 410 5897 Qarid
431 5834 535 5903 [arilina
549 5847 586 5890 est
605 5837 702 5903 dicere,
723 5837 896 5893 hinritttrntnr
913 5843 960 5896 tihi
977 5852 1095 5912 peccota,

304 5934 350 5977 net
364 5927 459 5992 dicere,
474 5924 557 5999 Surge
574 5941 598 5984 et
612 5931 740 5986 ambulo?
759 5933 832 5988 lnter
845 5935 935 5991 dicere
948 5944 976 5990 et
994 5935 1095 6002 iacere,

305 6013 388 6069 tuuita
407 6017 533 6073 distatnm
551 6029 602 6077 est.
624 6021 719 6079 Utrum
741 6025 796 6079 siut
815 6024 965 6097 parntgnco
984 6037 1095 6093 peccata

1151 4848 1277 4904 clationis
1296 4851 1399 4920 perisse
1417 4853 1609 4922 comperimus,
1632 4863 1659 4910 ct
1681 4853 1733 4911 hoc
1747 4857 1845 4912 humili
1863 4859 1936 4913 satit·

1152 4939 1269 4996 lactionc
1292 4941 1455 5011 castigemus
1480 4962 1486 4996 ε
1513 4943 1570 4999 hacc
1592 4945 1664 4999 enim
1687 4946 1768 5002 nobis
1790 4948 1890 5017 saepius
1911 4948 1939 5001 iit
1990 4960 1993 4967 ·

1152 5051 1233 5091 causa
1248 5034 1423 5107 flagellorum.
1441 5038 1574 5094 Ceterum
1588 5040 1746 5098 innocentes
1760 5054 1788 5099 et
1806 5044 1937 5112 iustnsati

1152 5134 1295 5197 augmenta
1310 5127 1480 5196 praemioruru
1495 5128 1622 5200 flagellari
1638 5130 1822 5200 perlectorum
1839 5144 1881 5192 cst
1895 5137 1940 5193 de·

1154 5232 1216 5270 num
1234 5217 1350 5286 speciale
1366 5217 1486 5273 virorum
1502 5237 1508 5272 :
1523 5219 1682 5276 verberibus
1698 5232 1790 5279 autem
1809 5236 1939 5297 tempora·

1150 5304 1220 5360 libus
1233 5306 1266 5360 ad
1281 5315 1381 5361 aeterna
1405 5316 1537 5363 tormenta
1550 5312 1690 5382 compelli,
1714 5314 1940 5385 impoeuitentittttt

1150 5406 1192 5452 cst
1205 5413 1283 5467 prena
1298 5384 1481 5469 reproborum.

1187 5485 1220 5541 tu
1239 5489 1328 5542 scintis
1349 5502 1435 5544 autent
1449 5494 1570 5562 grinnione
1583 5493 1656 5563 filios
1670 5496 1784 5554 hominis
1802 5499 1881 5557 tato
1897 5517 1940 5573 pe·

1150 5587 1266 5631 testarent
1282 5578 1308 5630 in
1325 5588 1395 5632 terra
1408 5580 1555 5636 dimittendi
1570 5595 1688 5653 peceato,
1703 5597 1767 5642 tnnc
1785 5590 1825 5644 ait
1838 5592 1940 5663 paraig-

1149 5668 1223 5721 tr'co:
1245 5666 1337 5738 Surge,
1353 5668 1415 5725 tolle
1433 5670 1527 5725 lectum
1546 5683 1635 5741 ruant,
1658 5687 1682 5731 et
1700 5678 1766 5733 rade
1786 5679 1816 5734 in
1836 5682 1939 5737 dentata

1149 5766 1231 5810 tonan.
1248 5756 1354 5828 (Beda.)
1371 5760 1400 5814 Si
1414 5770 1441 5815 ct
1455 5761 1524 5816 Deus
1538 5772 1580 5818 est
1590 5763 1669 5831 juata
1684 5765 1879 5838 Psalmistam,
1896 5772 1939 5842 qui

1147 5856 1274 5915 quantam
1294 5847 1374 5900 distat
1389 5851 1476 5905 oriens
1495 5853 1528 5905 ab
1548 5870 1658 5921 occasu,
1680 5855 1811 5929 elongaris
1832 5879 1850 5915 n
1870 5861 1939 5917 nobit

1148 5940 1298 6010 iniquitates
1314 5951 1418 5996 nostros
1432 5941 1517 6016 (Prot.
1535 5946 1596 6018 ιιι),
1615 5958 1643 6004 et
1654 5948 1727 6019 filins
1741 5952 1858 6013 leontinis
1868 5964 1940 6023 pote·

1147 6037 1240 6084 atatem
1257 6031 1332 6085 landet
1348 6032 1375 6087 in
1390 6043 1458 6089 terro
1477 6035 1625 6093 diruittendi
1635 6050 1742 6112 peceato
1760 6055 1770 6095 .·
1789 6056 1859 6114 ergo
1871 6045 1942 6101 idem
