4509 6850
321 643 372 703 ill
655 644 685 699 B.
707 644 833 701 RABAM
852 642 960 699 illusi
980 641 1138 698 suculae.
1160 641 1314 698 ltuudtt.
1335 642 1477 700 obtudit
1496 643 1586 701 PARS
1606 644 1625 699 l.
1902 644 1953 701 ill

321 756 389 812 Nam
402 752 544 810 hoclcuus
554 760 631 808 tanto
645 753 757 823 girando
770 752 881 808 cardine
894 752 994 822 prodit,
1125 756 1149 812 Α
1164 748 1228 816 Quae
1241 749 1359 807 lormbse
1370 750 1432 819 iura
1447 753 1575 809 tenebunt
1588 753 1639 808 tela
1652 753 1729 809 ucles
1741 754 1796 810 sint
1810 795 1818 818 ,

318 846 390 907 Orbe
403 847 471 902 sciat
484 853 513 901 ut
527 844 632 915 galeam
645 845 771 901 consultu
783 843 897 899 Caesaris
909 852 968 897 oret
983 883 989 906 ,
1160 839 1194 896 Et
1208 843 1303 897 sedare
1317 843 1363 912 qui
1378 852 1406 897 et
1420 850 1498 898 terrae
1512 844 1651 899 solidanda
1664 846 1853 914 proterviam,

320 937 441 1008 Augusto
452 950 519 1007 pure
529 933 598 990 leret
608 934 705 989 almam
717 935 780 989 ltine
789 934 868 989 laude
880 947 1019 988 eoronam.
1159 928 1247 998 Quam
1267 941 1310 988 est
1324 933 1427 989 solidus
1438 948 1566 1002 permane
1586 936 1653 1005 tegit
1668 935 1807 1007 Arrgustus
1817 938 1902 1005 ovile,

318 1027 386 1082 Nam
400 1026 501 1096 optima
514 1024 638 1080 dextram
650 1025 737 1079 virtus
750 1024 840 1079 divina
849 1032 928 1094 paret
940 1032 998 1077 arte
1010 1064 1018 1087 ,
1160 1018 1349 1078 Translormat
1361 1024 1436 1079 orbis
1449 1023 1551 1080 Christi
1563 1040 1626 1080 cum
1637 1025 1710 1080 clara
1722 1027 1835 1095 tributa,

318 1115 400 1187 Stips,
409 1117 500 1183 illeso,
509 1116 659 1185 tundetque
674 1115 850 1185 triumphurn,
864 1115 1001 1184 poscimus
1015 1127 1109 1167 ornnes
1158 1110 1222 1170 lure
1236 1114 1342 1170 colendi
1355 1116 1418 1171 dum
1433 1130 1536 1172 memor
1551 1132 1627 1187 :eque
1640 1119 1761 1188 trophea
1773 1134 1876 1189 pareus
1888 1122 1957 1189 dat,

317 1207 373 1267 lein
387 1209 486 1262 almum
495 1205 568 1277 iusto
575 1207 685 1276 justitiae
695 1206 767 1276 qnod
780 1213 874 1277 regnet
884 1206 983 1275 ubique
997 1244 1004 1270 ,
1158 1203 1224 1271 Qum
1245 1206 1296 1261 boc
1315 1206 1369 1262 sint
1386 1222 1485 1262 nomen
1496 1208 1598 1277 ubique
1611 1224 1706 1265 means
1717 1210 1845 1266 devotum
1858 1212 1895 1268 ab
1909 1229 1958 1269 ore

318 1299 381 1358 itae
396 1300 472 1356 silice
482 1300 577 1355 induat
588 1308 669 1370 atque
683 1298 765 1369 ligatu
779 1298 848 1369 giret
861 1297 965 1361 amico,
1158 1293 1259 1367 Nempe
1270 1304 1354 1359 tonat,
1369 1305 1500 1368 urgetque
1509 1298 1593 1368 probe
1605 1308 1699 1369 peetus
1712 1300 1757 1355 diu
1769 1303 1875 1366 amari,

318 1384 387 1444 bum
402 1388 481 1444 allert
497 1387 581 1443 lorica
600 1387 730 1458 placitum
742 1387 782 1443 sic
796 1388 854 1458 ipsa
868 1395 1014 1457 paratum,
1159 1386 1200 1441 Sit
1215 1395 1317 1441 tremor
1328 1394 1423 1457 estque
1434 1389 1512 1443 bonae
1525 1388 1615 1444 diuino
1629 1404 1744 1447 munere
1754 1390 1845 1459 lamae,

316 1483 446 1552 tlptemus
456 1494 505 1536 nos
518 1495 625 1551 semper
636 1481 764 1546 amicum,
778 1494 858 1550 quem
873 1479 918 1549 pie
931 1477 1056 1533 Christus
1157 1476 1268 1535 Prodcit
1283 1478 1345 1534 inde
1355 1479 1422 1534 orbe
1436 1480 1574 1536 madidum
1586 1478 1686 1536 lectum
1697 1480 1846 1554 illicitaque

316 1570 357 1627 lle
368 1578 482 1636 tutatur,
497 1584 580 1641 quam
595 1569 684 1624 nullus
691 1569 783 1638 jaculo
796 1569 907 1639 premit,
923 1575 965 1623 ast
977 1566 1021 1622 lur
1158 1565 1204 1622 Sic
1217 1567 1301 1623 abicit
1319 1575 1447 1638 portum,
1460 1583 1542 1624 cruce
1558 1570 1603 1625 dat
1612 1567 1705 1625 lesum
1717 1571 1895 1642 sequiturque

315 1660 378 1725 Fas,
393 1659 436 1716 vel
448 1661 475 1715 in
488 1659 534 1716 illo
548 1667 670 1729 proterat
689 1660 775 1716 bostis
788 1658 902 1714 crimine
914 1658 974 1713 diro
1157 1656 1234 1713 llunc
1241 1659 1288 1715 tibi
1295 1659 1368 1714 enim
1376 1660 1439 1715 indo
1446 1661 1569 1727 datum,o
1575 1672 1833 1734 sempercastusquc
1839 1664 1955 1737 piusque

316 1748 446 1805 Defensor
459 1747 527 1803 artis
538 1749 586 1803 sed
599 1746 707 1826 firmum
723 1754 858 1802 monstrat
869 1747 1015 1802 amandum
1156 1748 1258 1815 Caesar,
1269 1750 1344 1821 large
1356 1751 1437 1807 modo
1452 1751 1512 1807 visu
1526 1761 1554 1807 tu
1566 1760 1656 1808 castra
1671 1754 1775 1812 inimici
1789 1763 1833 1811 ast

316 1838 366 1896 lus
377 1847 475 1896 ornatu
495 1838 586 1893 laneat
600 1837 716 1894 Caesaris
731 1838 835 1893 obtinet
847 1838 985 1893 baustum.
1157 1839 1256 1896 Terres
1270 1855 1400 1912 spemque
1413 1842 1493 1897 timor
1502 1842 1575 1898 altus
1582 1842 1692 1899 inimica
1704 1842 1802 1915 lugens
1814 1846 1860 1902 dat
1872 1887 1880 1910 ,

314 1928 400 1987 Omen
413 1928 496 2001 litque
504 1942 595 1994 omne,
608 1943 640 1984 ao
650 1937 738 1983 tutum
753 1928 896 1999 imperium
910 1934 1003 1982 manet
1014 1930 1089 1982 «arbe.
1157 1928 1196 1984 To
1206 1929 1266 2000 pius
1279 1938 1306 1984 et
1318 1938 1411 2000 gratus
1422 1930 1536 1985 nimium
1545 1946 1660 2002 pronum
1673 1942 1752 2005 roget
1761 1934 1820 1991 baec
1830 1950 1899 2006 gens

314 2023 354 2078 En
370 2036 453 2093 regna
466 2019 579 2077 Graium
588 2035 669 2076 omne
681 2034 730 2091 per
742 2035 830 2091 aevum
843 2034 956 2074 munera
966 2017 1086 2083 donant,
1156 2018 1197 2074 ld
1211 2018 1318 2073 veniam
1330 2019 1369 2073 ire
1384 2018 1492 2075 animus
1504 2019 1583 2075 nobis
1594 2019 1711 2090 adjusaa
1722 2023 1864 2092 parentis:

314 2114 348 2169 Et
360 2113 444 2169 Perea
454 2112 511 2178 dat,
526 2111 620 2182 sicque
632 2111 691 2182 ejus
704 2110 805 2167 sobolis
818 2110 889 2164 latus
904 2109 998 2165 ambit.
1118 2100 1144 2162 B
1157 2106 1312 2180 conscripsi
1326 2110 1426 2166 dudum
1440 2125 1502 2166 uam
1516 2110 1617 2168 Christi
1630 2111 1710 2169 laude
1723 2113 1845 2171 libellum

313 2202 386 2258 Gens
395 2202 471 2274 plebs
479 2202 541 2257 latta
550 2216 670 2274 propago
682 2202 820 2257 succinam
831 2202 876 2273 pie
888 2201 970 2256 donat
1156 2200 1286 2257 Versibus
1303 2208 1330 2256 et
1345 2216 1436 2273 prosa,
1450 2201 1499 2257 tibi
1509 2216 1590 2272 quem
1605 2218 1685 2269 nunc,
1699 2203 1897 2277 induperator,

313 2291 418 2349 llusam
431 2291 508 2360 iuvat
529 2278 613 2349 edens
626 2301 745 2359 maneat,
758 2293 923 2348 scitscntum
936 2300 964 2348 et
975 2305 1068 2347 amare
1156 2289 1256 2360 onero,
1264 2300 1368 2358 sancte,
1383 2291 1483 2359 libens,
1492 2292 1569 2362 cuius
1579 2294 1709 2364 pmcedit
1717 2295 1808 2368 imago

313 2383 394 2456 Smin
409 2384 484 2440 exsul
499 2391 604 2455 sceptra
618 2382 750 2447 tenendo,
762 2383 826 2437 dum
838 2381 900 2437 ddei
911 2382 957 2437 det
967 2383 1067 2452 ubique
1156 2383 1237 2441 Stans
1250 2393 1353 2439 armata
1365 2382 1418 2440 ilde
1429 2384 1560 2441 victorem
1576 2393 1708 2442 monstrtu
1718 2387 1827 2458 ubique.

311 2479 380 2534 ilem
392 2476 490 2533 baustu
501 2476 587 2533 donoc
599 2473 677 2531 secla
689 2488 736 2529 sua
748 2472 857 2544 depellit
874 2472 908 2527 ab
927 2480 985 2528 arte
996 2514 1003 2533 ‚

902 2653 1160 2717 buctnuavlo
1188 2652 1361 2715 FIGURAE.

348 2880 489 2940 oggrisgg
501 2878 635 2944 salvator,
650 2891 699 2932 rex
719 2889 812 2944 regum
824 2882 852 2928 et
865 2857 996 2928 Dominus
1011 2869 1099 2927 domi·
1152 2874 1253 2933 actum,
1263 2866 1380 2937 hincque
1391 2868 1450 2940 eius
1461 2868 1604 2940 imperium
1617 2878 1689 2926 tcrra
1704 2873 1807 2929 seilicet
1816 2875 1949 2950 etpelago

310 2987 426 3034 norum,
442 2969 489 3039 qui
511 2967 641 3023 mundum
655 2965 764 3036 propria
776 2963 878 3019 ditione
897 2962 1050 3033 gubernas,
1073 2966 1102 3015 et
1154 2965 1239 3015 tutum
1254 2966 1373 3014 maneat.
1388 2957 1456 3020 Nam
1466 2969 1571 3031 gentes,
1585 2960 1741 3018 Graecorum
1754 2965 1823 3020 dona
1845 2969 1949 3038 pretio·

310 3070 449 3134 sceptrum
464 3055 669 3128 incorruptibile
684 3054 800 3111 tenendo
814 3052 875 3123 jure
888 3051 1000 3124 perenni
1019 3065 1101 3119 super
1152 3047 1262 3106 sissima
1282 3048 1321 3104 illi
1337 3047 1472 3117 deferunt,
1487 3052 1613 3107 similiter
1633 3061 1661 3108 et
1685 3069 1767 3132 regna
1782 3055 1944 3126 Persarum,

307 3152 508 3219 omniaregnas
519 3166 526 3202 ι
539 3146 688 3202 tucrimiua
700 3144 783 3199 multa
794 3150 1099 3215 pareutumnostrorum
1150 3155 1269 3195 necnon
1286 3148 1314 3195 et
1328 3149 1435 3197 cartem
1446 3150 1541 3213 gentes
1554 3142 1640 3214 ipsius
1651 3145 1731 3199 simul
1743 3144 1852 3218 uirisque
1862 3149 1946 3218 prolis

307 3243 337 3300 p„
361 3254 444 3297 cruce
459 3237 554 3294 delesti
578 3254 584 3288 :
601 3235 709 3304 quando
730 3234 849 3288 humano
873 3231 965 3302 generi
987 3229 1099 3300 justitiae
1149 3229 1223 3286 latus
1234 3231 1333 3286 tuendo
1348 3230 1531 3301 frequentant,
1544 3234 1662 3288 maxime
1673 3250 1739 3305 gens
1749 3234 1901 3292 Germanus
1918 3247 1946 3292 et

307 3332 384 3391 qm
394 3326 569 3392 constituisti,
579 3333 661 3396 atque
671 3324 724 3380 tuis
734 3323 857 3380 lidelibus
868 3323 894 3377 iu
906 3321 1098 3377 coelisbeatum
1148 3320 1266 3389 populus
1279 3320 1447 3376 Francorum
1462 3320 1506 3392 (de
1520 3323 1618 3393 quibus
1632 3326 1691 3396 ojus
1707 3326 1805 3383 nobilis
1819 3330 1947 3401 prosapia

307 3422 392 3478 ‚pum
409 3433 535 3489 sperare,
556 3414 738 3485 velociterque
761 3411 875 3484 adipisci
889 3426 969 3483 posse
988 3409 1096 3468 dedisti.
1111 3409 1135 3470 C
1150 3407 1282 3480 originem
1308 3407 1402 3481 traxit)
1426 3410 1453 3464 in
1474 3409 1534 3480 ejus
1551 3411 1675 3471 laudibus
1694 3416 1826 3488 concinit,
1859 3419 1945 3477 vitam

307 3511 379 3585 Ergo
392 3510 431 3566 tui
445 3508 565 3566 muneris
575 3515 617 3563 cst
631 3504 776 3578 largissimi
790 3505 930 3578 patrisque
940 3504 979 3559 tui
994 3502 1098 3560 scilicet
1150 3497 1188 3553 illi
1214 3506 1242 3553 et
1269 3498 1479 3569 prosperitatem
1503 3502 1660 3559 ⁰⁰¹¹ll¹¹⁰³¹¹¹
1689 3516 1831 3578 exoptans.
1861 3508 1945 3567 ΕΜ

308 3598 502 3673 potentissimi,
517 3595 589 3668 quod
602 3610 701 3652 nomen
715 3593 781 3649 illud
796 3601 871 3648 tuum
887 3588 1021 3648 ineffabile
1038 3605 1098 3645 om-
1149 3602 1258 3660 quoque
1274 3588 1428 3659 quicunque
1441 3589 1540 3660 priscis
1552 3593 1743 3664 temporibusa
1757 3597 1821 3652 sede
1833 3601 1945 3671 propria

307 3692 442 3760 sinusque
465 3683 699 3743 seculisdudum
722 3682 859 3748 terribile,
884 3697 956 3738 nunc
985 3679 1098 3752 piissimi
1149 3680 1310 3748 aberravit,
1337 3680 1397 3752 ojus
1422 3681 1575 3751 triumphos
1597 3685 1713 3741 amando
1739 3700 1803 3742 mox
1828 3690 1946 3747 reditum

307 3779 439 3854 principis
451 3777 554 3833 vertice
563 3783 684 3847 gestatur
697 3773 811 3830 bonesta
827 3771 966 3843 religione,
982 3784 1043 3841 quae
1064 3767 1098 3824 ab
1148 3773 1269 3831 velocem
1290 3782 1396 3845 eperat,
1415 3774 1479 3844 quia
1501 3783 1608 3845 sceptra
1622 3777 1738 3833 tenendo
1752 3778 1815 3834 lldei
1831 3783 1945 3838 verbum

308 3870 434 3926 omnibus
446 3873 592 3924 veneretur
605 3862 791 3920 celeberrima.
808 3861 878 3947 illuc
890 3873 996 3933 quoque
1008 3865 1099 3915 osten
1148 3865 1255 3938 spargit
1265 3864 1375 3937 ubique,
1388 3865 1474 3922 donec
1486 3866 1614 3937 populum
1632 3882 1710 3922 suum
1725 3885 1741 3924 a
1760 3878 1867 3926 vetusto
1882 3885 1945 3927 sce-

308 3963 382 4019 nicus
391 3959 464 4031 qnod
476 3957 536 4029 ejus
547 3957 709 4014 auctoritato
734 3963 815 4026 atque
829 3952 996 4028 defensione,
1011 3966 1097 4027 apgu·
1148 3955 1235 4011 lerum
1248 3971 1299 4011 usu
1312 3965 1419 4028 purget,
1437 3957 1484 4026 qui
1503 3956 1615 4024 iuvante
1629 3957 1738 4014 Christo
1751 3959 1867 4017 firmiter
1881 3962 1945 4019 fidei

308 4063 381 4111 ctum
402 4052 546 4124 imperinm
570 4048 685 4106 tirmiter
702 4056 825 4114 tenetur,
851 4054 879 4104 et
896 4045 995 4117 cuique
1016 4058 1098 4101 arato
1148 4044 1291 4105 catholicae
1300 4044 1362 4115 jura
1379 4046 1502 4102 tenebit:
1524 4062 1559 4101 ne
1572 4045 1671 4103 frustra
1688 4049 1761 4105 verbi
1771 4048 1862 4118 iacula
1877 4066 1944 4121 pro-

308 4142 485 4215 religioniqoe
498 4139 660 4198 chrisum
680 4137 829 4203 contrario,
850 4151 899 4207 per
909 4133 1011 4205 justum
1023 4133 1096 4205 judi-
1148 4133 1229 4202 ierat,
1240 4135 1289 4191 sed
1302 4135 1357 4191 situ
1374 4150 1450 4190 arma
1464 4136 1585 4206 potentia
1596 4135 1654 4192 Deo
1667 4137 1694 4190 in
1710 4153 1790 4193 omne
1808 4154 1876 4210 opus
1892 4141 1943 4196 bo·

307 4233 381 4290 eiust
394 4238 515 4304 potestas
537 4228 672 4296 ameum,
686 4235 717 4284 nt
736 4226 857 4299 religiosi
878 4225 1009 4297 principis
1028 4231 1097 4281 nutu
1148 4241 1224 4292 num,
1240 4234 1268 4280 et
1280 4223 1381 4281 Christi
1404 4225 1457 4281 lide
1476 4225 1600 4282 roborata
1612 4229 1703 4284 carnis
1715 4229 1879 4299 proterviam
1895 4231 1947 4287 do·

308 4330 383 4380 totus
396 4320 469 4378 orbis
481 4327 600 4392 regatur.
620 4317 689 4375 Nam
700 4317 808 4389 largitio
818 4314 984 4387 amplissima
1001 4328 1097 4371 minte-
1148 4324 1234 4373 ment.
1256 4313 1370 4387 Oquam
1385 4314 1487 4371 solidus
1502 4315 1555 4371 lide
1576 4325 1605 4372 ct
1624 4318 1729 4373 stabilis
1743 4317 1770 4373 in
1788 4318 1943 4376 Christiana

306 4430 367 4471 m„
381 4413 453 4469 inqu,
466 4414 519 4469 boc
531 4409 745 4482 ubsquspmdiq
765 4408 799 4462 ad
821 4406 928 4464 laudern
948 4404 1097 4463 venerandi
1147 4408 1279 4480 religione
1296 4415 1402 4473 manet,
1427 4407 1557 4476 quiores
1574 4407 1626 4462 sibi
1653 4408 1857 4465 commendatas
1880 4410 1943 4465 dili·

306 4502 479 4575 imperatorie
501 4509 635 4557 terrarum
648 4497 762 4570 populos
775 4511 940 4571 provocans,
962 4502 1097 4567 quatenns
1148 4506 1243 4569 genter
1266 4498 1341 4553 omni
1368 4498 1435 4553 bora
1458 4498 1595 4564 custodit,
1623 4507 1651 4553 et
1671 4514 1785 4570 pensum
1806 4500 1940 4557 bomiuici

305 4595 443 4651 communi
464 4592 652 4664 consiliosius
672 4589 856 4648 defensionem
878 4604 973 4646 omnes
995 4588 1097 4659 pariter
1147 4589 1252 4645 servitii
1265 4588 1422 4659 cultumque
1436 4589 1555 4646 divinum
1571 4597 1680 4645 strenue
1694 4591 1728 4645 ab
1743 4591 1868 4646 omnibus
1888 4593 1940 4649 sibi

306 4693 438 4757 quaerant.
451 4682 528 4752 Quod
538 4683 646 4754 quidem
660 4697 710 4738 nos
721 4682 760 4738 tui
770 4680 875 4761 lamuli,
887 4678 1005 4745 Cbriste,
1020 4677 1095 4734 mitis
1147 4681 1396 4751 obtemperantibus
1406 4680 1519 4750 expetit,
1531 4679 1595 4735 dum
1606 4682 1715 4752 superni
1729 4683 1801 4753 regis
1811 4682 1939 4740 vexillum

305 4775 434 4840 salvator,
458 4773 592 4844 supplices
605 4772 734 4843 petimus,
759 4779 891 4841 quatenus
904 4783 953 4839 per
965 4767 1092 4824 vexillum
1106 4757 1134 4818 D
1146 4771 1251 4827 cunctis
1258 4771 1440 4826 venerandum
1450 4785 1511 4826 esse
1518 4771 1648 4835 ostendit,
1658 4781 1686 4825 ct
1696 4772 1731 4827 ad
1737 4773 1939 4842 predicandum

304 4875 408 4926 uncto
425 4866 524 4931 crucis,
542 4873 588 4921 tua
600 4864 783 4922 sacraussima
797 4864 884 4919 virtus
904 4862 988 4933 ipsius
1000 4863 1096 4919 dexte·
1147 4861 1247 4918 Christi
1260 4860 1435 4934 Evangelium
1446 4861 1547 4933 ubique
1560 4862 1685 4918 doctores
1696 4879 1760 4920 suos
1774 4863 1877 4937 dirigit,
1892 4867 1938 4935 qui

306 4977 365 5018 ram
386 4960 476 5016 divina
494 4958 599 5014 imbuat
618 4964 696 5023 arte,
716 4963 797 5025 atque
818 4954 982 5025 triumphum
994 4954 1095 5024 ubique
1146 4956 1305 5015 duricordes
1332 4954 1502 5013 sermonibus
1521 4958 1577 5013 suis
1592 4958 1730 5024 molliant,
1752 4958 1828 5014 etad
1850 4961 1939 5029 perci-

305 5047 427 5107 coulerat
448 5046 569 5119 justitiae.
589 5042 656 5101 linc
678 5057 786 5116 quoqne
810 5042 885 5099 illum
897 5041 1008 5099 thorace
1031 5041 1094 5098 lldei
1146 5047 1273 5119 piendum
1286 5048 1386 5102 bouum
1406 5046 1517 5103 odorem
1532 5047 1662 5103 virtutum
1678 5047 1767 5103 divina
1780 5049 1867 5120 gratia
1880 5049 1939 5120 opi·

304 5141 450 5199 sdanrante
471 5136 580 5192 duriore
601 5133 709 5201 induit,
731 5149 792 5204 qum
804 5133 909 5190 scilieet
923 5140 951 5190 ct
969 5140 1094 5188 ornatum
1146 5137 1248 5195 subrue
1259 5135 1426 5208 producant,
1444 5144 1474 5192 ut
1494 5135 1574 5193 luxus
1595 5137 1685 5193 saeculi
1700 5146 1844 5208 spernant,
1869 5139 1937 5194 etin

304 5229 527 5287 recentissimam
536 5236 565 5283 et
576 5225 776 5282 munimentum
786 5221 890 5280 conlert
903 5221 1092 5280 fortissimum.
1145 5225 1254 5283 cbristo
1264 5240 1339 5296 spem
1353 5222 1517 5280 collocantes
1533 5225 1618 5297 ipsius
1630 5225 1800 5296 passionibus
1815 5242 1937 5283 minnan·

308 5319 384 5378 llnde
397 5332 509 5374 necesse
522 5325 565 5374 est
581 5325 613 5373 ut
631 5331 682 5372 nos
694 5317 797 5388 pariter
815 5330 878 5372 cum
901 5314 975 5371 omui
996 5313 1094 5385 populo
1144 5316 1378 5384 uicareappetant.
1390 5312 1461 5369 Ecce
1471 5315 1530 5379 tibi,
1541 5315 1716 5384 olmperatur
1726 5315 1936 5371 clementissime

306 5411 462 5469 Christiano
487 5407 545 5478 eins
566 5406 693 5463 amicitiae
713 5406 828 5477 gratiam
841 5412 988 5477 optemus:
1012 5418 1093 5474 quem
1144 5416 1225 5477 atque
1236 5404 1416 5471 sanctissime,
1431 5421 1549 5476 praeseus
1561 5406 1645 5463 oiiero
1658 5423 1755 5464 munus
1766 5409 1840 5465 omni
1853 5410 1935 5464 devo·

305 5503 435 5561 llominus
453 5500 577 5557 cbristus
599 5498 636 5553 ita
650 5504 794 5568 protegens
810 5496 929 5553 custodit
952 5503 983 5550 ut
1004 5494 1094 5551 nullus
1144 5486 1219 5554 tione
1238 5494 1390 5566 subiectus,
1416 5498 1462 5567 qui
1486 5499 1617 5555 terribilis
1640 5508 1733 5556 exstas
1752 5499 1933 5566 aduersariis,

307 5594 439 5650 incidians
451 5607 513 5648 eum
526 5590 619 5659 aliquo
629 5588 710 5645 mom
722 5602 821 5644 nocere
830 5588 926 5659 possit,
940 5587 981 5642 vel
993 5587 1092 5644 lamam
1144 5587 1314 5647 inimicorum
1326 5593 1401 5656 terga
1414 5601 1589 5660 persequens,
1601 5598 1630 5644 et
1644 5589 1766 5660 placidus
1776 5604 1806 5644 es
1818 5589 1932 5655 devotis,

306 5681 366 5753 eius
389 5680 566 5753 jutissimam
590 5678 681 5748 aliquo
709 5678 823 5734 crimine
853 5677 1010 5744 maculam
1045 5678 1093 5733 scd
1143 5676 1444 5736 clementeroouversis
1462 5679 1569 5735 veniam
1589 5681 1720 5738 tribuens.
1736 5679 1830 5739 Omnis
1849 5696 1932 5754 gens,

306 5769 432 5827 delcnsor
452 5768 638 5839 omnipotens,
664 5766 771 5838 adiutor
797 5767 860 5823 boni
885 5767 967 5823 studii
981 5765 1040 5835 cius
1065 5774 1094 5821 ct
1144 5767 1232 5822 omnis
1243 5765 1316 5821 natio
1328 5773 1403 5823 tuam
1416 5766 1584 5826 voluntatem
1598 5765 1690 5826 lacere
1699 5769 1815 5840 expetim
1829 5783 1933 5840 uosque

298 5857 385 5917 ,bona
406 5859 567 5927 voluntatis,
590 5859 770 5917 consuntian
792 5867 821 5914 et
844 5872 916 5915 verae
933 5856 1093 5913 innocentie
1144 5856 1183 5911 tui
1195 5857 1287 5913 miseri
1304 5855 1397 5912 lamnli
1409 5857 1580 5916 clementiam
1595 5870 1668 5917 tuam
1684 5861 1777 5930 pronis
1794 5858 1932 5931 obsequiis

305 5950 423 6006 tornum
444 5949 473 6004 in
493 5964 527 6006 eo
549 5949 628 6005 nobis
646 5962 752 6018 semper
771 5947 927 6002 imitabilem
950 5947 1090 6016 proponit,
1143 5950 1217 6005 adire
1226 5955 1360 6019 optamus,
1371 5948 1483 6022 elueque
1492 5950 1563 6007 votis
1572 5952 1760 6023 obtemperare
1769 5951 1797 6005 in
1806 5949 1932 6006 omnibus

309 6039 417 6110 uultque
426 6039 623 6096 utrobiliasimi
633 6037 748 6095 Caesads
758 6050 868 6093 omnem
879 6034 984 6092 lelicem
993 6036 1094 6121 lrabeat
1143 6036 1336 6095 desideramus.
1345 6035 1412 6094 llam
1423 6036 1553 6107 libellum
1563 6053 1643 6110 quem
1651 6039 1678 6097 in
1689 6039 1818 6098 bonorem
1830 6046 1932 6099 sancte
