4509 6850
301 664 355 721 ato
779 659 955 719 connum.
975 658 1011 715 nt
1030 658 1251 716 namurcen.
1269 690 1304 701 -
1322 660 1387 715 uin.
1407 660 1452 716 lv.
1636 647 1640 661 ‘
1882 661 1949 719 usu,

301 781 407 833 autimas
431 776 615 841 credentium,
644 773 686 829 rel
714 772 884 829 lortitudines
908 772 956 827 bel
978 770 1294 834 seruitioArationabili
1318 771 1502 841 possideamus
1527 772 1707 843 prudentiam,
1728 773 1757 828 ln
1779 773 1819 828 ira
1842 775 1949 835 odium.

302 874 470 943 nrancipatas
490 872 591 926 seritire
610 868 749 933 debemus)
773 868 903 930 ueniant,
927 874 955 921 et
968 863 1093 919 habitent
1145 870 1239 916 contra
1254 862 1328 926 vitia,
1342 863 1367 916 in
1382 862 1515 919 desiderio
1530 864 1706 933 cupiditatem
1725 864 1854 920 virtutum
1874 882 1883 930 ;
1907 875 1949 936 ειΙ

302 966 329 1019 in
341 965 424 1019 ramis
436 964 504 1034 cius.
529 963 629 1017 Ramos
641 969 705 1032 puto
720 959 881 1030 evangelicae
894 957 1012 1022 arboris,
1033 970 1093 1025 quae
1144 952 1195 1006 boc
1206 959 1290 1006 totum
1307 951 1352 1006 iret
1361 968 1410 1021 per
1419 953 1568 1008 doctrinam
1583 953 1782 1025 Euangelicanr,
1794 968 1874 1023 quam
1886 971 1935 1011 noe

301 1059 335 1113 de
354 1057 446 1129 granis
467 1056 569 1125 sinapis
586 1054 712 1118 creverit,
726 1054 880 1122 dogmatum
895 1062 956 1104 esse
980 1048 1094 1103 dirersi-
1144 1040 1185 1095 bis
1201 1053 1286 1095 mater
1297 1041 1417 1096 Ecclesia
1430 1043 1564 1111 praestitit.
1580 1043 1674 1098 Dicam
1695 1050 1722 1099 et
1744 1044 1851 1099 tertiam
1868 1060 1937 1115 quo-

302 1156 383 1210 tates,
398 1146 426 1199 in
440 1146 538 1214 quibus
549 1143 764 1213 supradictarum
776 1139 914 1194 uolucrum
929 1151 1092 1207 unaquaque
1145 1130 1267 1184 rumdam
1288 1131 1500 1201 intelligentiam,
1516 1143 1543 1187 nt
1557 1134 1681 1189 curiosus
1690 1134 1774 1189 lector
1786 1150 1801 1189 e
1813 1133 1937 1204 pluribus

302 1237 456 1308 requiescit.
468 1236 644 1290 assumamus
657 1241 684 1288 ει
691 1247 741 1287 nos
750 1246 850 1301 pennas
862 1228 1004 1292 colainbae,
1020 1236 1051 1282 ιιι
1059 1228 1094 1283 ad
1145 1221 1215 1292 quod
1233 1220 1374 1291 Ρῑιΰΰθΐῑῑ,
1390 1221 1480 1293 eligat·
1493 1222 1632 1278 Mulierem
1646 1224 1726 1278 istam
1736 1231 1763 1279 el
1776 1224 1826 1294 ipsi
1838 1223 1949 1299 Εεειιι·Δ

303 1326 398 1379 altiora
412 1324 547 1387 volantes,
571 1322 705 1393 possimus
720 1320 842 1374 babitare
859 1318 885 1372 in
913 1318 995 1371 ruinis
1010 1317 1093 1385 hujus
1145 1310 1213 1364 siam
1224 1310 1447 1380 interpretantur,
1463 1328 1523 1383 quae
1540 1311 1617 1366 iidem
1630 1312 1748 1367 bominis
1761 1310 1856 1369 farinae
1869 1314 1943 1371 satis.

302 1414 418 1477 arboris,
435 1422 464 1468 et
476 1415 581 1469 nidulos
595 1414 672 1467 nobis
684 1411 774 1465 iacere
792 1410 987 1471 doctrinarum,
1011 1417 1095 1462 terre·
1146 1402 1232 1456 tribus
1253 1402 1465 1467 commiscuerit,
1488 1403 1639 1457 credulitati
1660 1403 1749 1459 Patris
1769 1412 1796 1459 et
1818 1405 1889 1470 l'ilii,
1909 1414 1937 1460 et

303 1521 394 1575 neque
409 1504 550 1576 fugientes,
568 1504 601 1559 ad
615 1502 736 1560 coelestia
748 1502 886 1556 festinare.
911 1499 986 1553 liniti
1005 1501 1095 1571 legen·
1145 1489 1262 1560 sibilus
1277 1492 1373 1544 Sinai·
1387 1490 1508 1561 cumque
1529 1492 1555 1545 5¹¹
1580 1507 1662 1546 ¹¹¹¹¹¹ffl
1686 1491 1768 1547 suelli
1791 1491 1937 1549 sfflfflellld·

304 1603 346 1650 tes
368 1610 481 1665 granum
505 1595 606 1664 sinapis
625 1593 765 1647 minimum
785 1590 911 1645 omnibus
934 1590 1094 1656 sendnibns,
1146 1594 1213 1644 111111,
1237 1595 1349 1634 ¹¹⁰¹¹¹¹⁰s
1362 1581 1395 1634 ld
1407 1580 1539 1650 milicem
1554 1580 1651 1648 Deum,
1665 1581 1758 1638 Sedad
1771 1582 1938 1639 unlutdit'l·

303 1693 331 1738 ει
355 1684 419 1739 illud
436 1685 508 1754 quod
531 1684 558 1738 in
579 1681 723 1751 Evangelio
747 1679 856 1743 dieitur,
879 1679 1003 1744 dantiae,
1029 1696 1096 1751 naqa
1145 1670 1238 1724 urinas
1259 1671 1381 1740 perducit
1395 1671 1527 1725 notitiam.
1546 1670 1652 1728 Farinae
1671 1687 1779 1743 quoqne
1801 1683 1859 1729 sata
1886 1673 1937 1729 tria

303 1776 377 1829 nobis
400 1775 496 1843 fidem:
518 1783 545 1830 et
556 1774 734 1844 respondetur
749 1770 816 1824 eise
838 1769 999 1826 salvatore:
1014 1773 1096 1826 Amen
1145 1761 1209 1817 dum
1220 1778 1273 1817 non
1288 1771 1330 1818 est
1345 1764 1372 1817 in
1385 1762 1497 1834 singulis
1513 1764 1617 1819 diversa
1636 1773 1733 1819 natura
1752 1764 1785 1819 ad
1806 1765 1937 1819 unitatem

302 1866 362 1922 tlieo
375 1865 693 1938 uobir,quiurilmberetie
703 1863 856 1932 fidemricut
866 1865 1094 1933 granumsiuopie,
1147 1853 1259 1908 illitum
1279 1854 1444 1909 1111111111ῑὶ(θὲ
1460 1856 1523 1911 Plus
1537 1855 1647 1925 quidem
1667 1871 1773 1920 sensus,
1798 1856 1844 1911 sed
1869 1871 1938 1909 111111·

302 1956 422 2011 diceretis
443 1957 525 2010 monti
546 1956 618 2020 duic,
635 1956 721 2027 Migro
736 1955 835 2011 deloco
850 1955 910 2018 isto,
932 1962 956 2006 et
971 1954 1095 2023 migraret
1146 1962 1227 2017 qulam
1242 1948 1378 2018 parabolae
1402 1956 1430 2003 el
1450 1947 1529 2003 dubia
1552 1949 1725 2019 aenigmatum
1749 1948 1936 2017 intelligentia,

303 2041 379 2116 (Luc.
393 2042 472 2114 rna),
487 2051 584 2114 putant
596 2045 731 2113 apostolos
745 2045 818 2115 velp
837 2058 914 2098 ruam
927 2042 1007 2097 iidem
1021 2050 1096 2112 petn-
1145 2042 1234 2105 potest
1256 2035 1289 2089 ad
1311 2036 1499 2091 anctoritatem
1518 2037 1673 2109 dogmatum
1702 2036 1843 2107 prolicere.
1868 2036 1944 2093 Non·-

302 2146 343 2196 ιε,
356 2133 396 2186 vel
411 2134 553 2187 malinam
564 2134 596 2189 de
611 2150 693 2204 parva
713 2135 765 2190 ilde
786 2135 918 2198 dubitare,
943 2148 1005 2188 cum
1028 2148 1095 2202 apo-
1108 2121 1132 2179 B
1145 2126 1211 2181 nrdli
1222 2136 1250 2181 ει
1260 2136 1384 2195 quartam
1399 2135 1503 2195 ponunt
1522 2130 1688 2197 opinionem,
1708 2129 1736 2183 in
1758 2128 1845 2183 tribus
1870 2129 1942 2185 satis·

302 2219 389 2275 stolus
400 2221 499 2276 Paulus
511 2222 589 2277 idem
600 2239 684 2294 grano
697 2224 798 2292 sinapis
813 2229 995 2291 comparatam
1008 2221 1096 2275 maxi·
1144 2216 1226 2271 trium
1238 2217 1354 2271 illiorum
1365 2216 1420 2272 Noe
1432 2219 1607 2290 propaginem
1618 2220 1787 2290 recipientes,
1799 2220 1826 2274 irr
1836 2221 1935 2291 quibus

302 2330 375 2369 marn
394 2315 505 2383 judicet.
532 2318 601 2384 erid
615 2319 686 2373 enim
701 2319 787 2374 dicit?
812 2317 843 2373 Si
855 2317 969 2370 habuero
993 2321 1094 2366 tautum
1145 2314 1325 2361 restauratum
1353 2316 1395 2363 est
1419 2323 1505 2378 genus
1532 2310 1689 2376 humanum,
1712 2326 1781 2381 qnos
1804 2310 1944 2368 termento

303 2406 394 2474 fidem,
415 2407 451 2459 ito
467 2417 494 2460 ut
518 2419 616 2462 montes
632 2408 801 2477 transferam,
828 2407 981 2461 clamentem
1006 2414 1094 2457 autem
1145 2395 1294 2467 Evangelii,
1308 2395 1406 2451 mulier
1417 2397 1545 2467 praedicta
1561 2399 1588 2451 in
1607 2400 1737 2456 unitatem
1747 2400 1809 2456 fidei
1823 2402 1934 2475 colligit.

304 2496 497 2562 nerduinum,
523 2498 587 2551 nilril
612 2493 1002 2569 milriprodeetlllior.nrrr).
1023 2493 1096 2564 Ergo
1180 2486 1408 2559 (il.ar.)l>ossunl
1423 2488 1512 2556 itaque
1523 2490 1689 2557 praeterires
1700 2501 1727 2544 et
1740 2493 1767 2547 in
1786 2490 1881 2547 larium
1894 2509 1937 2548 sa·
2032 2538 2035 2543 .

303 2585 523 2653 quodomnium
544 2587 678 2642 ,ligitime
704 2588 774 2653 fieri,
798 2604 858 2659 φη
882 2602 966 2658 grano
990 2584 1093 2654 sinapis
1144 2578 1179 2632 tis
1193 2579 1279 2633 tribus
1299 2577 1336 2632 illi
1357 2576 1488 2633 Dominici
1512 2579 1623 2634 seminis
1644 2578 1760 2645 sructm,
1783 2582 1936 2637 tricesimus

304 2682 494 2743 comparatur,
518 2676 570 2732 boc
593 2677 737 2747 Apostolus
763 2678 843 2731 docet
865 2685 920 2731 tota
941 2675 993 2730 lide
1015 2688 1094 2746 posse
1143 2668 1247 2723 scilicet
1263 2668 1455 2739 sexagesimus,
1472 2678 1499 2724 ει
1511 2671 1675 2727 centesimus
1692 2670 1812 2742 intelligi,
1836 2672 1936 2739 idest,

303 2762 372 2818 lieri.
384 2763 464 2833 (liar.
480 2766 489 2834 )
502 2766 596 2822 Potest
609 2768 635 2821 in
657 2782 742 2836 grano
756 2767 859 2835 sinapis
875 2766 933 2836 ipsa
948 2764 1094 2819 Dominieoe
1144 2758 1358 2831 conjugatorum,
1371 2759 1567 2825 continentum,
1582 2761 1726 2832 u'irginnm.
1743 2759 1857 2815 l‘nlcbrc
1869 2761 1936 2818 dicit

305 2850 498 2906 iucarnationis
513 2854 651 2909 humilitas
672 2853 877 2926 intelligi,quod
891 2864 1025 2921 occeptum
1043 2852 1093 2906 lm·
1143 2859 1258 2906 eatenus
1282 2850 1469 2906 absconditum
1496 2851 1523 2906 in
1544 2850 1629 2905 latrina
1653 2850 1825 2915 iermcntnm,
1854 2852 1939 2907 donee

306 2955 348 2992 oro
369 2941 476 2995 micitia
498 2942 601 2995 bortum
614 2959 701 3008 cuum,
724 2944 796 3013 quel
820 2958 919 3013 corpus
945 2940 1094 2997 sanatoris
1144 2943 1344 3012 fermentaretur
1357 2942 1525 3014 totum,quia
1542 2943 1660 2998 ebaritas
1683 2942 1708 2997 in
1730 2951 1822 2998 nostra
1846 2955 1938 2999 monte
1972 2998 1976 3002 ,

306 3029 453 3099 accipiens,
466 3028 566 3100 loseph
586 3031 615 3085 in
633 3032 713 3087 horto
731 3032 866 3102 sepelivit.
890 3030 982 3086 Creuit
1003 3038 1093 3085 aulem
1144 3032 1280 3087 recondita
1291 3046 1543 3101 eonsqnecrescere
1555 3032 1645 3095 debet,
1660 3031 1745 3086 ‹lonec
1761 3040 1843 3085 totam
1856 3046 1933 3085 men-

305 3125 335 3171 ει
345 3116 443 3173 iactum
456 3126 497 3173 εει
509 3122 535 3173 io
554 3122 690 3187 arborem,
705 3122 777 3191 quod
799 3120 979 3176 resurrexerit
1002 3127 1029 3175 et
1047 3134 1092 3175 as-
1144 3130 1197 3177 tem
1210 3122 1237 3177 in
1250 3122 1290 3179 sni
1303 3121 1497 3194 perfectionem
1509 3130 1668 3185 commutet,
1679 3128 1709 3175 ut
1722 3121 1788 3174 nibil
1810 3120 1936 3176 videlicet

304 3208 396 3263 cendit
406 3210 433 3263 in
445 3210 555 3265 coelnm.
567 3211 701 3281 Expendit
714 3227 805 3267 ramos
819 3212 846 3266 in
858 3214 955 3282 quibus
969 3211 1093 3267 volucres
1143 3219 1242 3281 practer
1266 3213 1351 3283 ipsam
1377 3212 1524 3268 conditoris
1545 3212 1587 3268 sui
1613 3211 1783 3267 dilectionem
1811 3211 1938 3283 diligere,

304 3300 366 3355 coeli
391 3302 600 3370 requiescerent,
617 3304 689 3372 qnod
710 3304 901 3375 praedicatores
920 3303 1045 3374 dispersit
1065 3303 1092 3359 in
1144 3319 1235 3373 agere,
1247 3303 1368 3359 recolere
1381 3304 1471 3358 anima
1484 3303 1579 3372 possit.
1601 3301 1677 3369 Quod
1690 3302 1734 3356 bic
1756 3301 1866 3371 quidem
1890 3300 1935 3358 in·

305 3389 444 3456 nrurrdurn,
460 3392 487 3446 in
505 3407 619 3461 qnorum
629 3393 708 3449 dictis
722 3403 803 3463 atque
820 3391 1048 3449 consolationibus
1058 3392 1092 3448 ab
1144 3393 1247 3458 cboari,
1260 3393 1306 3450 sed
1318 3393 1354 3449 ibi
1367 3393 1447 3449 babet
1458 3393 1563 3464 perlici,
1578 3392 1623 3448 ubi
1639 3407 1700 3448 cnm
1712 3390 1829 3447 sitlieur
1846 3392 1940 3446 omniu

303 3477 385 3545 bajus
399 3481 459 3534 rite
477 3480 635 3551 fatigatione
650 3482 744 3538 lideles
757 3483 859 3553 quique
879 3483 1054 3554 respirarent.
1105 3465 1298 3540 Ciceronibus
1309 3485 1339 3556 (l
1358 3484 1419 3540 Cor.
1438 3487 1505 3556 su),
1524 3499 1618 3539 onrnes
1636 3497 1689 3537 uno
1707 3483 1855 3560 eodemque
1880 3468 1951 3538 sum'

343 3566 412 3639 [tlt]
431 3568 517 3623 Aliam
530 3571 683 3641 parobolam
697 3571 799 3627 loeutus
815 3583 852 3627 ert
872 3574 920 3628 eir.
945 3571 1038 3627 Simile
1055 3581 1093 3627 est
1143 3575 1293 3631 dilectionis
1306 3574 1507 3646 ignecalciacit.
1525 3572 1620 3628 Satura
1641 3587 1726 3642 genus
1741 3577 1781 3626 est
1803 3587 1949 3626 mensurae·

304 3670 412 3725 regnum
423 3658 545 3711 coelorum
557 3660 691 3727 seuuemo,
705 3661 773 3731 quod
784 3672 916 3730 occeptum
927 3661 1021 3716 mulier
1031 3652 1092 3717 ub'r·
1140 3663 1215 3734 joma
1229 3683 1330 3722 morem
1340 3667 1485 3738 prouinciae
1499 3664 1653 3730 Palestinae,
1663 3678 1745 3718 unum
1758 3669 1786 3716 ει
1796 3662 1945 3718 dimidium

303 3745 393 3798 condit
406 3747 435 3798 iu
456 3746 552 3815 {onum
564 3751 629 3803 eutis
641 3750 734 3816 lmine,
750 3751 831 3805 donec
851 3753 1036 3822 permeatorem
1055 3763 1092 3808 ert
1144 3757 1262 3812 modium
1277 3757 1396 3828 capiens.

304 3842 399 3907 toruae.
414 3836 558 3910 (Hieron.)
569 3838 698 3895 Diuersus
712 3848 755 3897 est
768 3842 906 3895 bominum
920 3843 1090 3900 stomachus:
1179 3844 1243 3899 Hac
1254 3847 1341 3900 omnin
1354 3843 1456 3899 locutus
1468 3852 1505 3898 est
1516 3842 1593 3898 Jecur
1603 3844 1632 3897 in
1643 3838 1775 3913 parobolis
1784 3840 1824 3893 ud
1832 3838 1942 3905 turbor„

304 3923 350 3979 alii
366 3926 475 3993 amaris,
490 3928 535 3982 alii
546 3929 678 3997 dulcibus,
702 3931 729 3987 hi
741 3932 943 3998 austerioribus,
967 3933 1006 3988 illi
1027 3934 1094 3991 leni·
1143 3946 1166 3992 et
1180 3935 1377 4005 rineporobolir
1391 3951 1443 3988 non
1457 3933 1610 4005 loquelatur
1627 3933 1674 3987 eis.
1697 3929 1762 3986 Hoc
1782 3932 1881 3996 omitia,
1895 3929 1938 3984 in·

303 4016 357 4073 bus
367 4018 533 4075 delectantur
545 4021 622 4077 cibis.
634 4023 763 4093 Proponit
775 4038 839 4094 ergo
848 4023 978 4079 Dominus
988 4033 1018 4078 nt
1035 4023 1093 4093 jam
1143 4027 1211 4095 quit,
1228 4025 1330 4080 locutus
1341 4034 1378 4079 est
1388 4023 1465 4079 Jeme
1477 4027 1503 4076 in
1513 4021 1645 4092 parobolis
1659 4021 1694 4074 ad
1704 4020 1803 4087 turios,
1815 4029 1842 4075 et
1854 4020 1935 4090 reliq.

304 4108 529 4175 supradiximus,
553 4110 674 4166 diuersas
692 4113 843 4180 parabolas,
859 4121 889 4166 ut
907 4114 984 4181 iusta
1001 4114 1094 4169 uulne-
1143 4115 1201 4169 Non
1217 4115 1279 4183 quia
1293 4114 1360 4168 nibil
1374 4112 1481 4183 proprie
1491 4111 1597 4166 locutus
1610 4117 1662 4175 est,
1681 4110 1726 4165 sed
1749 4108 1932 4179 quianullum

305 4210 366 4251 rnnr
378 4199 521 4256 varietates
530 4209 558 4255 ει
571 4201 705 4256 medicina
723 4202 828 4257 diversa
845 4204 889 4258 sit.
912 4203 1006 4259 llulicr
1030 4204 1091 4271 ista,
1143 4203 1200 4260 lere
1212 4200 1518 4270 sermonemexplicavit
1532 4199 1577 4254 nbi
1588 4214 1641 4254 non
1659 4198 1759 4268 aliquid
1780 4214 1829 4270 per
1852 4215 1934 4270 para-

304 4289 535 4357 quaelermentnm
550 4293 657 4362 accipit,
681 4301 709 4348 ct
728 4294 869 4349 abscondit
891 4294 956 4349 illud
981 4295 1007 4348 in
1028 4294 1093 4351 satis
1142 4296 1230 4351 bolam
1247 4295 1417 4367 significauit,
1431 4292 1556 4364 quamtis
1573 4293 1600 4347 in
1622 4307 1655 4347 eo
1671 4291 1802 4365 aliquast
1825 4291 1934 4362 proprie
2003 4339 2007 4360 ,

306 4380 392 4434 tribus
404 4380 507 4448 larinae,
523 4383 608 4438 donec
621 4383 937 4450 lermentaretnrtotum,
955 4384 998 4440 vel
1022 4400 1093 4453 prae·
1143 4388 1251 4453 dixerit,
1264 4389 1299 4443 ita
1310 4394 1341 4442 ut
1352 4401 1422 4457 saepe
1436 4386 1589 4441 inveniatur
1603 4392 1674 4438 totus
1687 4399 1776 4439 sermo
1785 4385 1842 4456 ejus
1854 4399 1941 4455 paras<

305 4470 404 4526 dicatio
415 4474 481 4528 mibi
496 4475 601 4530 videtur
612 4477 770 4546 apostolica,
792 4478 834 4532 sel
858 4476 977 4533 Ecclesia
1000 4491 1093 4547 qums
1142 4479 1211 4535 bolis
1224 4478 1385 4548 explicatus,
1399 4484 1471 4532 ιοιιιε
1488 4483 1579 4529 alitem
1603 4471 1711 4544 proprie
1735 4472 1823 4527 dictus
1845 4471 1938 4529 rrarllirs-

304 4562 419 4618 diversis
432 4566 554 4633 gentibus
568 4577 728 4637 congregata
741 4577 791 4623 est
814 4567 877 4623 lice
898 4568 958 4623 tulit
975 4567 1094 4624 lermen·
1142 4567 1303 4624 inveniatur.
1318 4564 1463 4638 (Hieron.)
1477 4565 1509 4619 Et
1522 4562 1669 4618 notandum
1684 4561 1762 4632 qnod.
1776 4577 1829 4615 rron
1853 4561 1936 4617 discis

305 4658 374 4716 tum,
396 4654 518 4709 notitiam
540 4656 644 4711 scilicet
665 4664 693 4711 et
716 4657 917 4729 intelligentiam
941 4657 1093 4726 Scr'ptara·
1140 4660 1222 4730 pulis,
1235 4658 1284 4714 sed
1308 4657 1393 4713 turbis
1411 4672 1461 4728 per
1481 4654 1624 4727 parabolas
1647 4653 1776 4724 loquitur,
1799 4661 1825 4709 ει
1848 4669 1937 4728 usqqc

304 4757 376 4826 rum,
389 4753 414 4798 et
428 4745 562 4802 abscondit
580 4746 646 4801 illud
660 4749 686 4801 in
703 4748 797 4817 [omum
809 4749 874 4803 rotie
889 4750 983 4814 tribuo,
997 4758 1026 4803 nt
1037 4750 1092 4817 spi-
1143 4748 1221 4804 bodie
1234 4749 1320 4803 turbae
1334 4748 1361 4802 in
1375 4745 1510 4817 parabolis
1520 4745 1649 4811 andiunt„
1667 4751 1696 4799 ει
1714 4743 1839 4815 discipali
1859 4744 1942 4802 domi?

305 4833 384 4899 ritus,
398 4843 426 4890 et
438 4836 538 4901 anima,
549 4846 576 4892 et
589 4853 697 4909 corpus,
711 4839 737 4892 in
749 4855 831 4894 unum
841 4840 958 4905 redacta,
971 4854 1024 4894 non
1037 4839 1092 4895 dis·
1104 4799 1130 4858 D
1143 4839 1311 4908 interrogant
1324 4835 1502 4892 saltatorem.

304 4934 416 4993 crepent
431 4928 502 4982 inter
513 4943 560 4993 se;
575 4929 621 4983 sed
638 4945 699 4984 cum
723 4931 836 5002 duobus,
860 4931 902 4985 vel
919 4932 1004 4986 tribus
1026 4946 1090 4986 con-
1180 4927 1214 4983 tte
1224 4927 1374 4999 impleretur
1386 4927 1456 4999 quod
1469 4926 1614 4981 dictumest
1623 4921 1834 4996 perPropietam
1845 4923 1934 4980 diere*

303 5017 417 5080 venerit,
439 5017 614 5086 impetrarent
633 5035 648 5073 a
673 5018 750 5075 Patre
773 5022 950 5090 quodcunque
973 5020 1091 5090 postula-
1143 5030 1193 5073 tem
1205 5035 1214 5074 .·
1226 5018 1345 5089 riparium
1367 5020 1394 5073 iu
1407 5016 1539 5089 parobolis
1552 5031 1580 5069 or
1591 5030 1689 5081 meum,
1704 5023 1728 5067 ct
1740 5012 1861 5071 eructabo
1872 5012 1933 5070 uis

303 5110 403 5163 verint.
415 5110 560 5165 Disscritur
570 5111 643 5166 locus
657 5111 706 5166 iste
718 5119 745 5166 ει
756 5112 842 5167 aliter.
856 5112 982 5184 Legimus
992 5112 1019 5166 in
1030 5111 1090 5166 Pla·
1143 5110 1248 5164 condito
1270 5127 1286 5163 u
1304 5109 1488 5163 conutitutione
1502 5105 1603 5161 arandi.
1619 5103 1676 5162 Hoc
1694 5102 1877 5160 testimouium
1898 5101 1931 5156 de

304 5205 380 5262 torte,
393 5208 418 5253 et
432 5200 651 5269 pbilosophorum
670 5202 794 5272 dogmate
815 5203 950 5273 vulgatum
973 5210 1015 5257 est
1036 5210 1091 5258 tres
1143 5197 1340 5268 septuagesimo
1354 5195 1729 5265 septimopsalnrosumptum
1741 5200 1792 5257 cst,
1808 5191 1879 5263 qnod
1902 5199 1931 5246 ει

304 5300 364 5340 esse
377 5288 403 5341 in
417 5289 532 5343 bumana
543 5291 631 5344 anima
642 5292 790 5362 passiones,
800 5294 944 5367 cllo-prsis,
957 5293 1029 5362 quod
1041 5309 1090 5348 nos
1142 5306 1175 5346 ex
1189 5304 1301 5361 persona
1314 5288 1419 5342 botuuini
1431 5287 1684 5356 dicitnr..Aperium,
1696 5287 1744 5352 ait,
1756 5286 1784 5340 iu
1797 5283 1932 5356 parobolis

303 5391 446 5446 prnssnrnns
455 5380 625 5449 interpretari
633 5381 803 5446 rationaliter
812 5389 843 5441 ri
851 5385 1010 5459 ὄργηστικόν,
1020 5383 1092 5452 quod
1142 5398 1278 5444 cumeum,
1291 5392 1313 5435 et
1328 5382 1449 5436 eructabo
1462 5377 1932 5436 diuenditaacourtitutioaemrudi

304 5467 419 5522 dicimus
438 5469 543 5539 plenum
568 5471 626 5535 iro,
654 5470 695 5526 ιἐΙ
720 5471 866 5534 irascibile:
885 5477 917 5530 τὰ
936 5474 1090 5537 careonis,
1144 5470 1235 5543 (Peri.
1247 5470 1370 5538 curura).
1385 5469 1615 5524 Considerandum
1629 5476 1671 5524 est
1685 5482 1750 5539 ergo
1762 5465 1891 5524 attentius
1901 5475 1928 5521 et

303 5559 376 5626 quod
387 5559 551 5629 appellamus
564 5560 770 5631 concupiscibile.
785 5561 819 5615 Et
831 5569 908 5630 putat
917 5561 960 5616 ille
974 5561 1092 5631 pbiloso-
1143 5559 1330 5615 inveniendum
1356 5558 1385 5612 in
1407 5573 1448 5613 eo.
1467 5558 1582 5614 describi
1608 5571 1745 5629 egressum
1765 5553 1872 5616 israelis
1894 5555 1931 5627 dpv

304 5648 374 5717 pbns
388 5651 545 5706 rationabile
557 5659 678 5705 nostrum
693 5651 719 5705 in
730 5651 851 5715 cerebro,
875 5651 944 5704 iram
965 5651 993 5704 in
1017 5649 1090 5716 selle,
1143 5647 1271 5719 AEgypto,
1289 5657 1317 5701 ει
1328 5647 1416 5700 omnia
1429 5647 1503 5716 signa
1519 5645 1634 5707 narrari,
1654 5644 1754 5715 quaein
1767 5643 1852 5702 brad
1864 5635 1925 5701 con·

304 5737 468 5795 desiderium
482 5741 508 5795 in
519 5742 612 5811 jecore
625 5742 795 5797 commorari.
817 5740 850 5794 Et
863 5756 915 5796 nos
925 5756 990 5811 ergo
1000 5741 1025 5796 si
1044 5756 1092 5797 ac-
1144 5741 1265 5795 tincntnr
1280 5739 1400 5792 historia.
1417 5736 1455 5790 Er
1469 5751 1524 5806 qno
1540 5732 1713 5804 intelligimus
1734 5733 1859 5790 uniuersa
1882 5732 1931 5791 illa

303 5830 456 5898 ceperimus
477 5831 639 5887 fermentum
666 5830 815 5900 Evangelii,
846 5843 906 5886 cum
937 5838 1091 5884 sanctarum
1142 5845 1202 5899 qnae
1217 5827 1316 5897 scripta
1332 5834 1408 5892 sunl,
1415 5824 1569 5896 parabolice
1584 5823 1801 5889 sentienda;nec
1815 5822 1926 5880 irrutile-

306 5919 505 5991 Scripturarnm
521 5922 625 5986 notitia,
641 5921 674 5975 de
688 5936 741 5990 quo
754 5934 833 5990 supra
848 5920 948 5973 dietum
962 5925 1014 5981 est,
1035 5925 1091 5974 tres
1141 5926 1211 5972 stam
1223 5929 1371 5972 consonare
1384 5914 1510 5979 litteram,
1523 5913 1570 5969 sed
1581 5911 1927 5968 absconditasacrameuta.

302 6010 429 6066 baranum
442 6011 539 6066 animae
550 6010 689 6082 passiones
699 6009 998 6080 inunnmredigeutur,
1013 6017 1044 6062 ut
1063 6007 1089 6062 in
1143 6006 1197 6062 lloc
1215 6006 1286 6062 enim
1303 6020 1332 6061 sc
1346 6004 1472 6064 Salvator.
1485 6003 1619 6062 ‹lictumm
1629 6017 1690 6059 csse
1705 6001 1847 6075 promittit,
1864 6015 1924 6075 ape
