4509 6850
304 642 355 698 oto
799 632 977 689 COMMENT.
998 632 1032 688 tlt
1050 629 1267 688 hhTThAEtllt.
1287 662 1322 673 -
1341 631 1404 688 ulit.
1424 633 1464 689 Ιι.
1877 633 1929 691 est

304 756 390 812 ridere
414 753 445 805 de
468 748 543 803 ceto.
556 746 606 802 ιιι
619 747 645 802 in
662 760 738 802 rnore
755 744 820 801 Elim
836 747 924 818 ignem
938 747 971 802 dc
983 743 1092 801 sublimi
1107 747 1130 805 Α
1145 743 1210 799 illud
1222 746 1372 815 questione
1385 761 1439 801 non
1456 744 1593 819 indignum
1608 760 1668 803 esse
1681 746 1798 814 videtur,
1813 762 1927 817 quomo·

304 845 397 900 venire
421 840 564 911 cupiebant
586 837 614 911 (ι
621 838 639 891 t
652 837 717 909 lien.
737 837 769 911 ι),
782 838 824 892 vel
846 839 873 893 in
887 837 1107 893 similitudinem
1143 839 1178 894 do
1190 836 1317 894 Salvator
1329 840 1416 895 tribus
1430 839 1524 896 diebus
1537 849 1565 895 ct
1576 841 1663 897 tribus
1674 839 1799 896 noctibus
1811 839 1838 894 in
1849 841 1930 896 corde

304 931 438 989 Samuelis
452 936 572 1000 tempore
585 928 679 982 aestivo
699 929 803 999 mugire
824 928 953 993 tonitrua,
966 942 1093 984 corusca·
1143 934 1223 983 terre
1245 926 1337 993 luerit,
1364 943 1426 983 cum
1454 929 1559 1000 ipsein
1584 929 1733 986 Parasceve
1756 928 1827 985 bora
1852 928 1929 999 quasi

251 1079 258 1093 ,
305 1039 335 1079 ιι
345 1022 463 1093 fulgura,
476 1020 578 1074 imbres
592 1032 672 1074 ruere
684 1002 711 1090 ³(l
728 1018 792 1090 llep.
804 1018 864 1089 nn).
876 1019 958 1086 Quasi
968 1035 1021 1075 non
1031 1034 1094 1090 pos·

305 1114 360 1168 sint
374 1119 402 1166 et
419 1110 464 1164 illa
491 1108 661 1173 calumniari,
676 1117 705 1164 et
718 1108 808 1163 dicere
826 1125 859 1163 ex
874 1110 986 1165 occultis
1000 1119 1027 1164 et
1043 1124 1093 1164 ra·

306 1204 354 1261 riis
368 1204 440 1260 aeris
462 1202 633 1273 passionibus
660 1200 801 1255 accidisse.
817 1200 851 1255 ht
874 1200 964 1273 [Naar]
982 1202 1027 1271 qui
1047 1215 1093 1258 ca·

305 1293 447 1348 lumniaris
460 1305 492 1346 en
506 1306 567 1361 quac
579 1289 664 1344 oculis
677 1290 763 1354 vides,
779 1290 806 1343 in
821 1305 902 1344 manu
918 1298 1004 1355 tenes,
1017 1292 1092 1347 utili·

306 1392 361 1437 tate
388 1380 482 1444 sentis,
497 1377 562 1449 quid
585 1376 668 1432 iacies
683 1378 716 1432 de
733 1376 850 1448 hisquae
872 1376 906 1433 de
930 1379 1093 1436 coelovcne-

306 1470 392 1525 rnnti
420 1467 518 1537 Utique
542 1468 717 1537 respondebis
744 1475 772 1522 et
796 1482 889 1539 magos
917 1468 945 1523 in
976 1468 1093 1541 AEgypto

307 1559 388 1613 mrrlta
402 1559 478 1628 signa
492 1556 589 1613 iecisse
600 1558 633 1613 de
647 1558 726 1612 coelo.

342 1648 394 1713 Qui
420 1647 577 1718 respondens
590 1647 627 1701 nit
638 1647 691 1702 itiis
705 1663 714 1701 :
729 1645 867 1702 Generatio
888 1648 959 1703 mela
973 1656 999 1704 et
1013 1647 1092 1702 ndst-

307 1751 361 1794 tern
373 1741 476 1809 sipnum
492 1740 596 1809 ιιιιιι.
612 1739 724 1810 Egregie
737 1739 806 1795 dixit
819 1740 951 1808 adultere,
966 1742 1030 1812 quia
1052 1743 1093 1799 di-

307 1827 417 1883 miserat
431 1828 527 1893 virum,
541 1837 577 1893 ιι,
585 1826 662 1897 juxta
678 1829 858 1896 Ezechielem,
870 1829 962 1886 multis
975 1846 1004 1886 se
1018 1846 1093 1888 ama-

308 1917 410 1971 toribus
421 1917 594 1986 copulaverat
608 1917 716 1988 (Erech.
731 1916 796 1991 rvr).

341 2004 376 2059 Et
386 2014 489 2075 denum
503 2023 555 2061 non
568 2006 675 2061 deditur
690 2009 724 2074 ei,
741 2010 791 2064 nisi
804 2010 907 2080 sienem
931 2009 1009 2067 Jone
1028 2029 1092 2083 pro·

1142 1024 1219 1072 sexta
1231 1017 1268 1072 sit
1280 1016 1436 1082 crucifixus,
1458 1027 1486 1073 et
1500 1019 1527 1073 in
1542 1035 1595 1075 una
1610 1021 1783 1076 sabbatorum
1797 1020 1875 1075 valde
1887 1019 1930 1074 di·

1142 1105 1234 1161 luculo
1257 1109 1408 1163 resurrexit
1430 1111 1583 1165 amortuis.
1610 1111 1703 1181 ltaque
1728 1112 1929 1183 intelligendum

1143 1202 1186 1251 est
1199 1195 1265 1252 illud
1285 1198 1481 1269 synecdochice
1508 1201 1619 1267 dictum,
1645 1202 1696 1256 hoc
1709 1211 1762 1267 est,
1777 1204 1799 1258 si
1813 1203 1865 1258 diei
1880 1200 1930 1256 Pa-

1143 1301 1269 1346 rasoercs
1280 1297 1396 1361 partem,
1422 1305 1475 1359 qua
1489 1291 1609 1360 sepultus
1635 1299 1687 1357 est,
1709 1308 1770 1347 curn
1793 1294 1930 1363 praeterita

1142 1388 1224 1435 nocte
1248 1395 1298 1450 pro
1322 1388 1402 1436 nocte
1424 1387 1453 1435 et
1466 1380 1510 1436 dic
1522 1381 1649 1451 accipias,
1678 1383 1730 1437 boc
1742 1391 1795 1448 est,
1810 1398 1860 1454 pro
1872 1391 1930 1439 toto

1142 1466 1187 1522 die
1214 1469 1319 1524 sabbati
1341 1477 1448 1525 noctem
1461 1478 1489 1525 et
1511 1469 1582 1527 diem
1607 1471 1753 1543 integrum,
1779 1481 1806 1527 et
1820 1482 1928 1527 noctem

1146 1555 1312 1615 llnminicam
1339 1575 1400 1615 cum
1428 1562 1523 1617 eodem
1550 1563 1595 1618 die
1620 1563 1807 1634 illuscescente
1825 1579 1858 1619 ac
1881 1579 1931 1632 pcr

1143 1646 1195 1702 boc
1210 1647 1367 1718 incipiente,
1379 1660 1483 1721 partem
1496 1667 1546 1721 pro
1563 1659 1628 1720 toto,
1643 1652 1729 1707 habes
1740 1651 1862 1723 proiecto
1879 1653 1929 1707 tri-

1143 1735 1226 1791 duum
1239 1745 1268 1792 et
1284 1744 1340 1793 tres
1354 1747 1456 1795 noctes.
1474 1738 1565 1812 (dap.)
1589 1740 1644 1796 Nec
1667 1741 1732 1795 iilud
1745 1741 1827 1796 etiam
1841 1741 1930 1796 minus

1144 1826 1370 1883 considerandum
1388 1830 1517 1898 estquod
1540 1829 1635 1899 simpla
1656 1845 1729 1885 mors
1742 1828 1931 1899 Redemptoris

1144 1917 1229 1974 nostrl
1243 1918 1344 1987 proluit
1358 1918 1446 1990 duple
1459 1910 1568 1986 nostrae,
1582 1928 1610 1975 et
1621 1920 1716 1990 simpla
1734 1921 1793 1992 ejus
1808 1935 1930 1976 resurre-

1143 2011 1198 2066 ctio
1221 2010 1324 2080 proluit
1347 2011 1434 2081 dupla
1460 2020 1571 2067 nostra.
1588 2012 1660 2068 blors
1672 2013 1831 2083 carnisejus
1845 2024 1872 2068 ct
1886 2029 1930 2069 re·

305 2097 397 2166 piretu.
415 2096 517 2167 Duplici
543 2096 629 2152 luerat
655 2099 806 2168 questione
824 2100 946 2170 pulsatus
960 2119 967 2154 ι
983 2100 1092 2171 quidam
1107 2096 1132 2156 B
1146 2102 1278 2156 surrectio
1301 2102 1360 2173 ejus
1383 2117 1458 2157 mors
1479 2102 1569 2157 carnis
1586 2112 1696 2168 nostrae,
1714 2112 1742 2158 ct
1768 2104 1931 2159 resurrectio

304 2187 378 2239 enim
397 2186 630 2241 calumniabantur
643 2203 704 2243 eum
716 2189 743 2243 in
754 2188 903 2245 Beelzebub
915 2190 1026 2260 eiecisse
1038 2190 1092 2246 ιιι-
1143 2191 1202 2262 eins
1229 2206 1303 2246 mors
1326 2192 1422 2246 animae
1436 2201 1537 2249 nostrae
1560 2201 1589 2248 et
1613 2194 1777 2250 resurrectio
1790 2203 1842 2250 est.
1860 2194 1930 2251 lluas

306 2279 395 2333 monia
411 2296 418 2332 :
433 2281 531 2350 quibus
541 2281 671 2337 hactenus
682 2290 725 2337 cst
738 2297 896 2352 responsum
909 2298 916 2347 ;
932 2282 1016 2337 etalii
1031 2293 1091 2338 ten·
1143 2291 1246 2338 mortes
1260 2291 1378 2349 nostras,
1397 2291 1425 2338 ct
1438 2284 1506 2339 duas
1520 2286 1732 2341 resurrectiones
1745 2294 1861 2351 nostras,
1876 2286 1931 2342 duo

306 2378 408 2434 tontes,
436 2371 541 2440 signum
567 2372 600 2427 de
613 2372 683 2427 coelo
697 2373 854 2442 querebant
878 2373 1092 2446 abcotquibus
1142 2380 1170 2427 et
1194 2372 1248 2429 duo
1271 2383 1388 2444 quatuor
1413 2384 1498 2432 sunt:
1519 2392 1602 2432 unam
1627 2386 1741 2433 mortem
1767 2378 1874 2434 bomiri
1902 2387 1930 2435 et

305 2456 340 2511 nb
353 2457 416 2512 binc
426 2457 589 2528 respondere
605 2460 698 2530 incipit
710 2477 717 2526 ;
734 2475 786 2515 non
797 2461 836 2517 eis
847 2463 953 2534 signum
966 2464 1000 2521 de
1010 2464 1090 2534 coelo,
1143 2478 1225 2520 nnam
1240 2468 1465 2523 resurrectionem
1481 2468 1539 2538 ejus
1551 2468 1620 2522 adde
1632 2469 1666 2523 ad
1681 2476 1797 2538 quatuor
1820 2477 1928 2524 nostras

305 2549 378 2617 quod
391 2549 491 2619 indigni
504 2557 581 2604 erant
593 2550 693 2615 videre,
719 2567 815 2608 verum
842 2555 875 2609 de
902 2554 1035 2625 profundo
1049 2557 1092 2612 in·
1142 2560 1227 2609 etsex
1242 2552 1355 2611 iaciunt.
1380 2556 1464 2626 igitur
1488 2556 1613 2627 simplum
1639 2556 1744 2612 Domini
1767 2566 1795 2611 ct
1817 2557 1927 2628 duplum

307 2639 375 2693 terni
389 2640 517 2705 tribuens,
534 2640 614 2710 quale
627 2640 709 2696 lonas
736 2633 868 2714 propheta
883 2645 1033 2716 naufragus
1044 2661 1090 2703 ce·
1142 2651 1266 2697 nostrum
1281 2650 1337 2700 tres
1351 2654 1424 2710 sunt,
1440 2653 1468 2700 ιι
1480 2653 1535 2701 tres
1549 2653 1641 2716 partes
1652 2646 1734 2701 babet
1758 2646 1858 2701 senarii
1875 2663 1928 2701 nn·

267 2721 269 2725 ’
307 2730 387 2800 toque
412 2730 539 2786 sorbente
563 2739 681 2795 veranus,
710 2734 757 2787 scd
781 2733 814 2787 dc
835 2734 934 2805 abysso
948 2750 980 2790 nc
996 2737 1092 2792 mortis
1142 2732 1221 2795 merl,
1240 2732 1312 2801 quod
1338 2733 1557 2804 significaverunt
1574 2734 1682 2805 tritinia
1698 2743 1754 2791 lits
1770 2735 1854 2801 hom,
1868 2737 1929 2805 (lul-
1968 2799 1981 2809 ,

307 2819 383 2876 iauce
396 2821 536 2887 liberatus,
551 2830 578 2877 et
592 2821 696 2891 accepit
707 2831 736 2877 ct
749 2822 823 2878 dedit
836 2823 952 2893 signum,
967 2824 1092 2882 videlicet
1142 2819 1193 2876 bns
1206 2819 1258 2877 luit
1270 2823 1399 2878 ιιιιιιιιιι
1412 2824 1439 2877 in
1454 2823 1570 2880 interno.
1586 2823 1654 2880 lluic
1665 2824 1764 2896 silhplo
1774 2835 1926 2898 congruont

306 2912 509 2979 incarnationis,
525 2928 578 2968 non
600 2912 759 2976 divinitatis,
775 2913 920 2983 passionis,
934 2930 988 2969 non
1007 2915 1092 2985 glori·
1142 2907 1282 2967 duodecim
1293 2912 1368 2968 berte
1381 2912 1492 2978 diuma),
1504 2920 1532 2968 et
1545 2914 1640 2986 viginti
1654 2923 1925 2984 quatuornocturnae.

307 3004 438 3059 secationis
450 3003 523 3074 (lon.
539 3019 570 3069 ιι,
585 3002 637 3074 ιιι).
659 3002 801 3073 Discipulis
813 3012 902 3057 antem
917 3004 972 3059 suis
985 3004 1091 3076 signnm
1142 3004 1208 3061 ltem
1222 3005 1318 3075 viginti
1339 3014 1455 3075 quatuor
1476 3005 1510 3061 ad
1537 3005 1646 3077 duplam
1674 3015 1789 3063 mortem
1805 3016 1926 3063 nostram

306 3095 340 3151 de
353 3095 422 3151 coelo
448 3096 530 3160 dedit,
546 3095 643 3165 quihus
655 3103 762 3149 aeternae
788 3095 961 3151 beatitudinis
977 3096 1091 3168 gloriam
1142 3097 1317 3161 conveniunt,
1334 3106 1362 3152 et
1376 3096 1427 3152 illae
1450 3097 1590 3152 duodecim
1604 3097 1677 3151 hore
1690 3097 1724 3151 ad
1748 3106 1861 3153 mortem
1875 3096 1928 3151 Do-

305 3195 332 3241 ct
345 3188 421 3257 prius
434 3187 580 3259 liguralitcr
594 3187 621 3241 in
645 3195 736 3241 monte
759 3185 976 3256 transformatus,
991 3195 1093 3260 etpost
1143 3186 1210 3241 mini
1224 3186 1359 3257 simplam.
1375 3186 1433 3241 Non
1449 3195 1540 3242 ιιιιιι
1561 3187 1698 3242 immerito
1722 3201 1777 3241 nno
1789 3187 1831 3242 die
1843 3188 1870 3241 in
1884 3201 1928 3242 sc-

307 3279 441 3333 veraciter
471 3278 498 3333 in
524 3278 622 3333 coelum
652 3277 816 3342 sublevatus,
849 3279 974 3334 ostendit.
1000 3279 1091 3353 (dep.)
1142 3277 1395 3346 pulcroetduabus
1419 3277 1542 3332 noctibus
1557 3275 1652 3348 jacuit,
1668 3276 1729 3346 quia
1747 3275 1872 3331 videlicet
1886 3275 1926 3330 ln·

305 3368 430 3423 Ostendit
443 3369 552 3440 quidem
565 3366 671 3423 tudaeos
682 3368 768 3423 instar
782 3368 960 3423 Ninivitarum
972 3374 1092 3441 peccatis
1145 3383 1202 3423 ccnr
1217 3384 1272 3425 sue
1285 3369 1389 3440 simplae
1400 3369 1496 3426 mortis
1507 3369 1626 3425 tenebris
1640 3367 1727 3440 dupla
1741 3376 1841 3423 nostre
1853 3383 1927 3422 mor·
1963 3365 1967 3372 '

306 3455 435 3530 gravibus
452 3458 597 3524 involutos,
611 3467 638 3513 et
660 3458 840 3525 subversioni,
856 3460 879 3514 si
890 3474 944 3514 non
956 3439 1128 3529 poentruc-C
1146 3463 1180 3517 tis
1193 3462 1332 3532 adjunxit:
1349 3462 1382 3516 ad
1395 3476 1445 3516 nos
1456 3461 1553 3532 quippe
1565 3460 1650 3525 venit,
1674 3460 1720 3529 qui
1735 3459 1761 3514 ln
1772 3466 1860 3515 morte
1871 3459 1925 3530 spi-

306 3552 373 3615 rint,
401 3564 461 3605 esse
475 3549 621 3619 proximos.
651 3549 749 3605 Verum
769 3550 839 3605 sicut
852 3548 978 3606 Ninivitis
990 3552 1092 3608 denun-
1144 3552 1213 3608 ritus
1234 3552 1377 3622 carnisque
1391 3552 1559 3617 tenebamur,
1574 3566 1655 3605 uriam
1671 3551 1705 3605 sd
1719 3565 1768 3606 nos
1793 3566 1882 3617 suam,
1895 3552 1923 3606 id

307 3639 391 3693 tiatur
403 3638 575 3708 supplicium,
601 3646 629 3692 et
639 3638 787 3692 remedium
814 3640 1025 3708 demonstratur,
1052 3643 1091 3698 ita
1144 3651 1194 3707 est,
1223 3643 1445 3698 carnismnrtem
1471 3641 1577 3707 detulit,
1602 3650 1630 3697 et
1645 3642 1711 3696 duas
1737 3649 1844 3697 nostras
1861 3656 1929 3711 quas

261 3733 264 3740 “
305 3730 388 3785 ctiam
402 3727 488 3782 iudei
507 3725 671 3782 nondcbent
683 3728 828 3797 desperare
848 3730 1053 3802 indulgentiam,
1066 3733 1091 3790 si
1144 3730 1256 3802 recepit,
1282 3730 1372 3787 solvit.
1391 3729 1419 3786 Si
1445 3730 1516 3786 enim
1540 3729 1598 3800 ipsc
1610 3737 1752 3799 utramque
1769 3730 1928 3799 susciperet,

306 3820 392 3875 velint
407 3833 487 3890 agere
509 3818 705 3890 poenitentiam,
720 3819 782 3888 quia
800 3834 874 3874 mors
889 3819 1035 3878 Salvatoris
1049 3837 1093 3880 re·
1144 3835 1223 3878 noea
1241 3819 1316 3876 nulla
1329 3820 1478 3886 liberaret,
1492 3820 1540 3876 sed
1564 3834 1646 3874 unam
1660 3818 1871 3874 misericorditer
1881 3834 1929 3872 ac-

306 3911 460 3966 conciliatio
473 3916 516 3964 esi
528 3908 630 3962 mundi.
645 3907 720 3963 Unde
734 3917 761 3963 θι
772 3909 912 3979 sequitur:
1146 3915 1224 3987 cepit,
1240 3924 1268 3972 et
1287 3912 1362 3983 juste
1377 3922 1521 3982 utramque
1540 3911 1689 3970 damnavit,
1714 3910 1837 3981 simplam
1852 3924 1929 3965 suam

346 4000 421 4056 Sient
436 4001 486 4070 suit
500 3999 585 4053 tonna
601 3999 628 4052 in
639 4007 726 4078 ventre
739 3999 788 4053 ceti
801 3999 884 4054 trites
898 4000 987 4057 diebus
1004 4011 1028 4058 et
1041 4007 1092 4058 trt-
1143 4007 1231 4076 duplae
1245 4014 1346 4061 nostre
1359 4003 1485 4068 contulit,
1510 4008 1537 4056 ιι
1550 4000 1658 4071 duplam
1676 4008 1795 4056 nostram
1810 4000 1929 4056 moriens

307 4089 355 4143 des
372 4089 501 4154 nectibus,
525 4089 564 4142 aie
588 4087 637 4142 erit
653 4087 725 4156 fitius
751 4087 864 4141 hominis
885 4088 1093 4172 incerdetervoe
1144 4097 1260 4166 subegit,

307 4182 391 4236 tribua
405 4180 494 4235 diebus
519 4190 543 4235 et
557 4181 639 4234 tribur
662 4179 789 4235 noctibas.
801 4178 914 4252 (lirun.)
928 4179 1005 4247 Quod
1027 4196 1092 4252 ergo
1184 4186 1240 4240 Viri
1255 4185 1379 4240 Ninivitoe
1399 4193 1506 4256 serpent
1518 4184 1547 4239 in
1560 4183 1664 4254 judicio
1686 4199 1744 4238 cem
1761 4183 1927 4255 penernts'one

306 4274 391 4331 Jonas
406 4282 497 4348 typum
510 4272 659 4329 Salvatnris
675 4271 802 4336 tenuerit,
819 4286 852 4325 ex
867 4271 991 4327 hocloco
1005 4272 1093 4328 mani·
1142 4284 1205 4340 sata,
1218 4283 1242 4329 et
1252 4274 1458 4330 condemnabunt
1471 4290 1540 4341 enm,
1549 4275 1614 4344 enin
1633 4273 1809 4344 penitentiam
1822 4285 1929 4345 eperunt

307 4367 408 4423 testum
420 4376 482 4422 est:
499 4366 561 4437 quia
587 4364 655 4420 sicut
669 4363 713 4419 ille
736 4364 769 4419 nd
782 4362 1002 4434 praedicationem
1016 4363 1093 4420 Nini·
1143 4379 1172 4421 tn
1191 4361 1480 4434 predestinacione,
1500 4362 1750 4435 etecccplesqenm
1770 4363 1854 4420 lones
1875 4364 1928 4420 trie.

306 4474 365 4524 res,
380 4472 440 4528 quae
458 4457 651 4526 interpretatur
663 4459 789 4526 spectem,
804 4453 841 4508 ιιι
865 4452 988 4509 Salvator
1002 4454 1092 4510 adsa-
1145 4450 1260 4525 (ιιιιιι.)
1278 4450 1502 4510 condemnabunt
1524 4466 1589 4524 ergo
1611 4450 1736 4508 Ninivitm
1758 4461 1865 4523 gentem
1878 4451 1928 4508 lu·
1982 4449 1989 4459 '

308 4557 391 4605 tutem
416 4548 536 4620 gentium
558 4546 657 4600 missus
670 4551 720 4600 est.
743 4543 937 4614 biterpretatur
960 4544 1093 4615 siquidem
1145 4544 1277 4610 deorum,
1291 4557 1346 4598 nnn
1372 4542 1512 4599 sententie
1533 4550 1675 4612 potestate,
1698 4543 1819 4599 cedvina
1834 4558 1929 4600 corre·

308 4639 394 4695 tonas
408 4636 527 4692 columba
552 4637 609 4691 sive
634 4633 743 4702 dotens;
759 4642 786 4690 et
803 4635 901 4690 merito
915 4636 972 4691 hee
983 4634 1093 4691 nomina
1145 4633 1234 4690 ctione
1249 4651 1255 4686 :
1270 4631 1343 4702 quod
1355 4631 1419 4702 quia
1432 4630 1517 4687 ludaei
1528 4646 1582 4687 non
1595 4629 1726 4698 lecemnt,
1738 4632 1835 4687 merito
1848 4632 1929 4688 allo·

308 4735 464 4799 competunt
483 4725 655 4796 Redemptnri
676 4735 778 4790 nostro,
793 4739 874 4796 super
885 4739 966 4795 quem
979 4726 1093 4782 descen·
1145 4740 1219 4780 muno
1233 4730 1391 4794 arguuntur.
1416 4721 1552 4795 (Hieron.)
1565 4721 1605 4778 hc
1626 4721 1723 4778 sialiis
1735 4723 1824 4779 uerbis
1835 4722 1875 4778 eis
1888 4722 1930 4778 di·

259 4836 265 4843 ·
309 4823 350 4878 dit
365 4821 482 4891 Spiritus
492 4827 601 4874 sanctus
614 4817 641 4872 in
654 4817 745 4887 specie
756 4815 898 4885 columbe,
909 4826 937 4872 ct
946 4818 1092 4873 secundum
1105 4786 1132 4848 D
1145 4830 1241 4877 neret:
1266 4818 1350 4875 Jonas
1362 4817 1457 4889 paucis
1481 4818 1578 4874 diebus
1599 4817 1768 4887 predicavit,
1790 4832 1840 4889 ego
1855 4825 1930 4873 tanto

309 4915 382 4987 quod
393 4914 523 4985 propbeta
540 4911 572 4966 de
586 4924 618 4965 eo
628 4910 684 4963 ait:
699 4907 763 4963 Vere
773 4907 911 4979 tnnpnores
925 4919 1027 4965 nostros
1039 4910 1094 4981 ipae
1145 4919 1276 4980 tempore.
1293 4907 1340 4965 llle
1353 4907 1482 4980 Assyriis,
1495 4908 1569 4979 genti
1581 4907 1726 4963 incredule
1736 4924 1744 4974 ;
1756 4922 1806 4979 ego
1817 4906 1927 4975 Judaeis,

309 5005 382 5070 tulit,
397 5013 421 5058 et
435 5001 537 5057 dolores
551 5009 651 5055 nostros
663 4999 717 5069 ipse
740 5000 851 5070 portavit
877 4997 944 5071 (lan.
963 4999 1033 5071 ιιιι).
1049 4997 1094 5054 l’i·
1143 5000 1241 5074 populo
1253 4999 1321 5067 bci3
1347 4997 1391 5054 ille
1409 4997 1567 5070 peregrinis,
1591 5011 1641 5070 ego
1662 4996 1784 5064 civibus3
1806 4997 1850 5054 itte
1864 5012 1930 5054 voce

309 5098 365 5154 scis
379 5103 468 5150 autem
482 5093 528 5164 qui
540 5089 635 5146 donam
649 5089 787 5145 devoravit
811 5089 838 5143 in
850 5089 946 5161 pelago
959 5090 1094 5161 significat
1144 5092 1250 5163 locutus
1263 5089 1392 5160 simplici,
1406 5089 1526 5162 nihilque
1536 5089 1673 5161 signorum
1685 5087 1787 5145 iaciens
1802 5096 1930 5158 acceptus

309 5197 425 5246 mortem
441 5202 521 5258 quiam
535 5184 658 5240 Christus
671 5195 814 5252 perpessus
838 5192 880 5240 est
899 5183 926 5239 in
941 5184 1049 5238 mundo.
1063 5182 1093 5238 ln
1144 5192 1197 5250 est,
1210 5198 1262 5256 epo
1275 5190 1350 5238 tanta
1361 5182 1439 5253 signa
1462 5180 1574 5247 iaciens,
1600 5179 1749 5237 Beelzebub
1763 5179 1927 5237 calumniam

310 5288 406 5334 ventre
418 5294 482 5350 ergo
493 5278 546 5333 ceti
558 5277 640 5333 tonas
657 5287 717 5335 erat
738 5277 824 5330 tribus
846 5274 941 5330 dicbus
959 5283 986 5330 et
1008 5274 1093 5330 tribus
1145 5275 1276 5333 sustineo.
1293 5272 1356 5328 Plus
1376 5286 1441 5341 crgo
1457 5270 1525 5327 tona
1548 5270 1603 5336 bic,
1617 5270 1643 5325 id
1666 5278 1717 5336 est,
1733 5270 1761 5324 in
1783 5269 1872 5324 medio
1885 5285 1931 5324 ve·

310 5370 448 5436 noctibus,
462 5377 490 5425 ιι
514 5367 638 5424 Salvator
661 5375 752 5422 noster
764 5365 792 5419 in
817 5373 905 5419 morte
927 5363 954 5418 in
969 5363 1093 5434 sepulcro
1145 5373 1233 5421 strum
1251 5361 1409 5434 predicans,
1436 5368 1465 5415 et
1486 5369 1630 5429 propterea
1654 5358 1705 5413 viri
1722 5372 1829 5428 qunque
1853 5357 1929 5411 llini-

311 5459 364 5515 iuit
376 5459 462 5515 tribus
475 5459 571 5514 dicbus
590 5465 617 5512 et
630 5456 715 5512 tribus
726 5454 860 5511 noctibus.
875 5450 1003 5522 Tuncque
1017 5467 1092 5508 com·
1145 5456 1209 5512 vite
1223 5452 1423 5528 perventionem
1449 5449 1668 5505 condemnabunt
1688 5446 1853 5513 ludaeorum,
1878 5448 1929 5502 hnc

310 5550 413 5622 pletum
440 5556 481 5603 est
508 5546 573 5601 illud
586 5547 656 5617 quod
682 5545 780 5617 legitur
805 5544 833 5598 in
850 5543 918 5600 Osca
933 5561 940 5596 :
955 5542 1010 5597 Ero
1023 5560 1094 5600 more
1146 5552 1187 5602 est
1202 5540 1368 5600 ιιιιιιιιιιιιιιι
1379 5545 1503 5610 arguent.

310 5656 370 5710 ten,
397 5660 412 5697 o
437 5658 530 5707 mora,·
552 5657 597 5696 ero
622 5655 722 5693 morsus
743 5646 813 5705 tues,
832 5635 987 5706 oinscrnei
1018 5635 1092 5709 (Ore.
1181 5633 1280 5704 chim
1303 5629 1394 5686 Austri
1415 5636 1503 5698 serpet
1521 5626 1667 5696 injudicio
1689 5639 1749 5680 cam
1766 5626 1929 5696 sententiose

306 5736 385 5807 ¹stiur).
401 5733 519 5790 Etsicut
547 5731 629 5788 lonas
649 5732 676 5787 in
698 5729 1097 5800 uentrepiscisnonpcrman-
1145 5735 1207 5792 rste,
1222 5734 1246 5779 ιι
1275 5718 1536 5776 condemnnditcnm.
1566 5714 1655 5788 (ιιιι.)
1670 5715 1863 5772 condemnabit
1876 5717 1930 5771 uti-

308 5826 358 5890 sit,
371 5824 418 5879 scd
432 5816 537 5893 eiectus'
546 5831 589 5877 est
602 5823 629 5876 in
655 5822 768 5887 aridam,
785 5820 823 5875 ita
851 5817 997 5875 salvatoris
1011 5819 1096 5876 nostri
1146 5833 1199 5893 que
1210 5832 1264 5872 non
1276 5821 1411 5886 potestate
1436 5809 1541 5882 judicii,
1568 5808 1615 5863 sed
1640 5807 1841 5879 counparatione
1866 5806 1929 5863 lacti

311 5914 404 5968 anima
419 5929 471 5968 nnn
488 5913 580 5967 relicta
603 5919 645 5966 cst
670 5912 696 5965 in
723 5909 837 5974 interno,
858 5925 945 5978 neque
958 5924 1022 5965 caro
1037 5911 1097 5984 ejus
1146 5907 1276 5968 melioris.
1293 5903 1323 5962 Si
1337 5912 1427 5960 autem
1453 5901 1543 5972 regina
1569 5899 1672 5965 hustri,
1698 5913 1757 5969 quac
1772 5897 1856 5954 electa
1869 5912 1930 5956 esse

312 6005 381 6059 vidit
407 6005 618 6074 corruptionem.
635 6004 681 6058 sed
708 6003 855 6058 resurrexit
869 6002 894 6055 in
910 6002 1004 6072 gloria.
1028 6001 1095 6058 ham
1148 6019 1201 6059 ιιιιι
1212 5999 1360 6064 dubitatur,
1371 6001 1464 6064 surget
1476 5994 1503 6046 in
1512 5989 1614 6059 jndicio
1625 6005 1685 6045 curu
1697 5990 1828 6061 reprobis,
1840 5999 1929 6046 osten·
