4509 6850
349 652 402 714 t'ld
670 646 701 703 lt.
721 646 847 704 Rdlldlll
867 645 976 702 ttttlttt
995 637 1154 702 ancillet.
1176 644 1329 705 aedunt.
1349 643 1493 703 oeflntttt
1511 644 1601 702 PARS
1619 643 1640 700 Ι.
1918 648 1970 702 itt

1040 779 1188 841 FthJtta
1212 782 1280 842 Vll.

349 911 386 966 lle
397 918 511 981 quatuor
521 908 666 973 elementis,
689 908 720 962 de
740 912 853 975 patatuar
874 901 1094 956 vicissitudinibus
1117 909 1278 982 temporam,
1302 901 1333 982 de
1351 909 1464 970 quatuor
1479 901 1565 982 plapts
1578 901 1679 982 mundi,
1697 910 1720 955 et
1734 904 1765 955 de
1781 910 1895 972 quatuos
1908 919 1974 972 ptan-

508 977 645 1034 dsatttilats
656 974 785 1032 muralis
798 973 866 1039 diei,
879 973 1010 1043 quomedo
1023 972 1110 1025 emnia
1122 986 1150 1024 tn
1160 986 1242 1024 -cratce
1260 970 1423 1035 ardenentttr,
1438 981 1462 1024 et
1475 986 1503 1024 tn
1517 985 1574 1039 apsa
1588 970 1794 1039 sanetsficentsr.

361 4260 990 4343 dexprapsiusprs
1051 4270 1279 4325 Ηυιιετ
1333 4262 1966 4336 :qeereatariesns

349 4463 450 4521 omitia
462 4459 518 4529 iam
530 4459 674 4532 splendent
684 4475 751 4516 vero
761 4460 795 4516 de
809 4459 911 4514 lunalne
925 4458 1035 4515 Christi.
1155 4465 1180 4526 Α
1194 4457 1315 4531 Cumque
1328 4461 1405 4527 letis,
1416 4476 1514 4532 tespse,
1528 4476 1643 4528 vermes,
1656 4472 1685 4519 et
1697 4463 1784 4519 bestia
1800 4463 1887 4519 rictu:

354 4555 499 4619 illustrata,
509 4553 599 4608 erneis
613 4559 641 4608 et
651 4567 736 4608 saerae
748 4550 818 4607 laeta
831 4552 935 4607 baalia
1195 4552 1231 4607 Et
1242 4551 1355 4622 placidae
1373 4552 1458 4619 vultu,
1476 4569 1524 4609 seu
1535 4569 1605 4609 seva
1621 4563 1711 4610 mente
1724 4555 1845 4610 volueres
1860 4573 1867 4607 :

352 4645 558 4710 snneetearant,
574 4635 709 4700 ut‘vietori
723 4644 764 4699 sie
773 4652 836 4699 veta
847 4659 964 4713 superno
1194 4643 1345 4699 xristicolae
1356 4643 1418 4713 quis
1428 4644 1489 4699 aula
1500 4644 1563 4714 pali,
1579 4653 1706 4716 maraque
1720 4653 1777 4700 sata
1790 4645 1820 4699 tlt
1835 4663 1841 4698 :

350 4734 449 4791 esaia
461 4733 626 4804 persolvant,
646 4734 741 4790 dstote
757 4749 840 4804 regna
851 4744 980 4790 canentes
1198 4732 1276 4788 Vobis
1287 4734 1373 4788 virtus
1384 4733 1474 4789 lumen
1486 4735 1587 4792 ducens
1597 4736 1715 4805 undique
1728 4737 1762 4791 ad
1775 4736 1868 4791 hostes

355 4827 458 4881 cuncta
473 4833 565 4881 tenere
580 4825 688 4880 meduna
700 4826 750 4881 sub
763 4841 860 4897 magiae
874 4827 984 4881 numine
994 4826 1087 4880 lliesu.
1192 4821 1292 4879 Nuntia
1305 4822 1368 4890 lert,
1384 4839 1450 4895 prex
1462 4824 1546 4880 fitsut
1557 4826 1639 4890 unda,
1654 4826 1701 4881 sed
1710 4840 1759 4880 ere
1770 4826 1875 4895 peritus

351 4914 488 4986 Quicquid
499 4916 527 4970 in
543 4917 608 4970 erbe
625 4922 699 4969 meat
709 4914 800 4970 edacis
810 4914 937 4985 quiequid
952 4916 1054 4985 ubique
1193 4911 1276 4968 Fama
1290 4914 1362 4969 idean
1373 4918 1407 4971 ala
1418 4916 1501 4971 abicit
1513 4916 1630 4986 palmam
1646 4916 1721 4970 nasei
1735 4915 1779 4970 liic
1793 4923 1871 4986 rapta

358 5009 413 5073 Est,
426 5006 532 5077 sapitet
546 5004 638 5070 sentit,
655 5004 731 5070 vivit,
741 5014 769 5061 et
781 5004 844 5073 jura
858 5011 997 5077 reaervat:
1193 5003 1244 5058 liat
1261 5003 1343 5068 leliei,
1359 5005 1558 5075 datjustislaaec
1568 5006 1664 5060 nuntia
1674 5006 1800 5062 eunetis:

357 5098 414 5156 lloe
424 5107 508 5165 terra,
518 5108 632 5169 pentus,
646 5098 699 5153 laec
708 5097 808 5162 sidera,
822 5096 956 5167 gramina,
967 5099 1050 5159 venti,
1193 5095 1312 5152 Parcens
1327 5097 1378 5151 rite
1390 5097 1473 5163 hosti,
1493 5097 1540 5153 dat
1551 5096 1608 5153 lata
1622 5100 1721 5163 vivere,
1738 5099 1839 5154 mullos

357 5189 471 5262 lmperio
481 5189 623 5253 suberunt,
635 5188 687 5241 laec
700 5194 771 5251 sunt,
784 5196 902 5258 anteque
915 5186 1025 5241 luerunt
1194 5184 1247 5239 Sed
1260 5185 1322 5254 jure
1335 5185 1454 5252 damnat,
1469 5201 1537 5256 ques
1550 5197 1645 5243 auctus
1658 5188 1741 5258 sepsit
1753 5188 1872 5259 iniquus.

357 5280 454 5343 linter,
465 5279 543 5345 nubs,
563 5278 675 5349 grande,
691 5277 800 5348 glacies,
810 5278 857 5332 nix
872 5285 953 5347 atque
963 5278 1069 5348 pruina,
1193 5273 1257 5330 lnde
1271 5277 1460 5346 deeetparitea·
1471 5293 1518 5333 ers
1530 5279 1695 5349 ymnizantia
1709 5280 1802 5335 laudes

351 5374 466 5438 ,Pontes
479 5378 506 5426 et
516 5370 578 5434 riti,
591 5369 688 5440 pultis,
703 5376 731 5423 et
744 5384 799 5435 res,
808 5369 889 5440 jubar
903 5369 1004 5440 absqtn
1019 5371 1071 5423 hee
1195 5365 1317 5435 Votaque
1330 5365 1482 5421 declament
1494 5379 1594 5437 grates,
1613 5385 1646 5426 en
1660 5379 1750 5426 vestra
1765 5373 1889 5442 palorum

351 5468 453 5532 Crete,
469 5472 573 5527 areton,
589 5469 660 5525 netu,
676 5460 760 5517 stellae
772 5470 852 5532 atque
867 5476 931 5517 aera
946 5473 1067 5531 qunque.
1169 5538 1171 5541 Ι
1194 5456 1296 5521 Turba,
1321 5465 1349 5511 et
1371 5465 1399 5512 tu
1412 5459 1527 5528 papulus
1543 5475 1623 5531 quem
1639 5462 1742 5533 prolert
1757 5465 1836 5519 tellus
1856 5466 1954 5536 ubique
1971 5484 1978 5520 ι

357 5559 399 5613 lin
407 5557 518 5622 alanum,
530 5564 558 5612 et
570 5568 625 5609 non
636 5552 766 5614 vaaharo,
777 5566 872 5609 rursus
881 5552 962 5608 dieite
974 5566 1054 5616 vera,
1194 5549 1249 5605 Vos
1260 5550 1330 5605 ratio
1344 5565 1457 5607 consens
1468 5553 1571 5624 pariter
1580 5555 1679 5611 direxit
1692 5558 1726 5611 ad
1738 5559 1803 5613 adas
1819 5576 1824 5610 :

358 5649 396 5704 da
408 5646 540 5712 modales,
553 5652 660 5710 cantas,
672 5643 747 5706 odas,
762 5650 853 5699 cantet
864 5654 971 5713 quaque
980 5639 1071 5710 justus
1085 5657 1091 5690 ι
1194 5639 1299 5695 Gaudia
1310 5655 1360 5697 ves
1369 5642 1428 5698 celi
1439 5643 1557 5701 celestia
1572 5661 1655 5718 regns
1666 5649 1791 5719 bonaque

358 5737 454 5795 Omnis
465 5753 530 5793 crux
540 5735 639 5800 trahat,
655 5742 684 5788 et
693 5745 760 5788 sane
773 5732 816 5802 pie
828 5730 889 5799 jure
901 5737 1013 5786 coronet
1028 5748 1035 5782 ε
1192 5728 1254 5784 lam
1268 5739 1341 5786 sente
1354 5732 1474 5803 capiunt,
1489 5744 1517 5790 et
1530 5736 1601 5791 vatis
1611 5736 1689 5792 valde
1699 5737 1840 5807 requirunt
1853 5756 1861 5794 t

352 5827 448 5883 Laude
460 5826 508 5882 Dei
519 5841 572 5881 non
586 5824 733 5888 discordet,
741 5820 788 5876 sed
800 5821 873 5875 dicat
887 5819 1000 5874 honesta
1085 5826 1100 5879 '2
1156 5833 1181 5896 B
1195 5817 1235 5874 En
1244 5819 1316 5876 dedit
1328 5821 1382 5878 lane
1394 5834 1485 5880 tester
1497 5827 1573 5882 tobis
1586 5824 1721 5891 Salvator,
1735 5828 1830 5898 etipse

358 5918 422 5988 Eiet
432 5931 500 5987 opus
512 5914 639 5987 pendens,
651 5913 748 5983 pisces,
762 5911 867 5979 dirique
879 5909 1019 5974 dracones,
1195 5907 1253 5963 llex
1263 5913 1388 5982 proprius
1398 5914 1496 5984 praesul
1506 5914 1635 5985 laetusque
1645 5925 1752 5973 creater
1763 5917 1869 5974 lliesus.

353 6007 456 6074 Colles,
470 6015 498 6062 et
511 6005 575 6070 luel,
586 6011 701 6068 montes,
715 6016 822 6074 pesona,
835 5997 1049 6067 annositatem,

1051 6113 1284 6132 ὼ
