4509 6850
297 586 351 647 aas
781 580 958 638 conatam.
980 580 1013 635 m
1033 581 1253 639 urrunnun.
1273 583 1391 640 -nu
1412 584 1446 642 v.
1525 551 1531 558 ’
1872 581 1932 650 ’9η

300 714 378 757 vorm
390 697 517 753 vitiorum
536 702 564 751 et
578 691 746 749 adversantis
758 690 852 747 mundi
870 691 928 748 sive
945 690 1088 761 spirituum
1103 701 1127 759 Α
1141 708 1188 749 sus
1200 693 1282 750 inerit
1300 696 1428 753 minimus
1442 697 1583 753 vocabitur
1595 698 1623 753 in
1637 713 1719 770 regne
1738 700 1880 771 caelorum,
1890 706 1932 763 vei

303 792 480 861 malignorum
494 786 563 842 bella
577 798 731 856 compressa
744 782 896 853 quiescunt.
1142 787 1354 857 assumptionem
1368 788 1459 843 carnis
1476 804 1524 860 per
1546 804 1627 859 quam
1640 791 1763 846 venimus
1773 791 1807 847 ad
1822 795 1933 853 verbum

334 882 386 952 Qui
400 891 487 936 autem
500 879 527 933 in
540 877 660 933 naricata
682 882 903 941 manutenerent
920 882 944 928 et
965 872 1092 928 adoraue-
1141 876 1189 933 Dei
1202 885 1230 932 et
1244 876 1316 933 iiiios
1330 886 1423 948 postea
1438 878 1560 935 fruemur
1572 881 1722 953 majestate.

298 986 360 1031 rant
371 990 430 1030 eum
447 972 576 1025 dicentes:
592 966 658 1024 Vere
678 964 932 1022 circumiectu
954 981 1036 1020 unum
1052 965 1091 1020 si·
1443 990 1556 1051 ggppq
1577 993 1635 1050 xv,

300 1085 394 1143 gutum,
409 1065 603 1137 tranquillitate
617 1063 701 1118 ¹¹¹²?ss
713 1061 828 1127 seddim·
842 1075 902 1132 (1¹¹2i
921 1059 1092 1130 postoima
1143 1080 1183 1133 Ad
1203 1077 1353 1137 Pharisaeos
1364 1098 1458 1148 memo,
1472 1084 1504 1139 de
1514 1100 1544 1140 eo
1553 1086 1623 1152 quod
1635 1087 1784 1158 coinquinat
1794 1089 1935 1145 bominem.

300 1162 433 1235 procellas
447 1161 583 1216 interdum
597 1164 625 1213 et
644 1171 709 1213 casu
724 1155 782 1211 lieri
800 1154 887 1220 solet,
903 1163 992 1210 nautae
1011 1162 1093 1224 atquc
1179 1150 1265 1234 Sonat
1276 1150 1563 1224 fiiiamSpropienissoe
1573 1165 1597 1210 et
1607 1156 1674 1211 aiios
1684 1157 1752 1212 mate
1762 1159 1937 1229 affectamu-

299 1263 422 1307 vectares
436 1263 499 1303 vere
511 1246 560 1302 liei
571 1245 669 1301 Filium
679 1242 854 1310 motantur,
868 1250 895 1299 et
911 1242 992 1298 Arinis
1003 1242 1030 1297 in
1042 1242 1093 1298 lle
1179 1229 1227 1275 ‘¹⁰⁸
1241 1231 1338 1292 ‘etiem
1351 1224 1462 1293 i’ssiiffiss
1475 1233 1589 1290 tuamor
1602 1225 1686 1281 miliia
1704 1228 1849 1315 bominum.

298 1342 381 1399 alesia
401 1338 531 1411 praedicat
550 1343 715 1393 creaturam.
729 1332 989 1407 (Munnfflosergo
1003 1333 1092 1404 ipsum
1181 1329 1237 1404 [1.]
1270 1330 1342 1386 lunc
1369 1343 1534 1389 accesserunt
1564 1336 1599 1389 ad
1627 1352 1687 1390 eum
1716 1336 1749 1390 ab
1782 1337 1938 1412 llieroroig·

300 1449 353 1489 nou
363 1430 443 1501 juxta
456 1428 646 1484 baereticorum
670 1424 835 1481 dementiam
846 1432 999 1479 creaturam
1023 1422 1095 1477 inter
1144 1425 1194 1479 ntis
1209 1423 1302 1478 scriba
1315 1433 1339 1478 et
1355 1422 1486 1481 Pharisaei
1504 1427 1620 1482 dicentes
1636 1445 1645 1483 .·
1660 1427 1750 1495 Quare
1762 1428 1886 1501 discipuli
1898 1432 1937 1486 rui

300 1525 390 1583 omnia
413 1531 543 1589 creatam,
565 1519 613 1576 sed
639 1526 790 1576 creatorem
809 1526 873 1574 ante
898 1517 990 1574 omnia
1014 1515 1094 1573 simul
1145 1516 1375 1587 transgrediuntur
1393 1518 1561 1574 traditionem
1589 1520 1751 1574 seniorum?
1780 1518 1841 1575 Non
1867 1522 1937 1577 enim

300 1632 362 1674 cum
374 1615 455 1671 Patre
472 1623 499 1668 et
514 1611 617 1683 Spiritu
637 1618 733 1667 sancto
749 1610 922 1672 existentem,
938 1618 1021 1678 atque
1037 1622 1095 1662 mn·
1145 1606 1233 1662 taoant
1247 1623 1341 1662 manus
1361 1624 1423 1663 tuas
1438 1625 1497 1664 cam
1510 1626 1603 1680 panem
1622 1611 1830 1667 manducanto
1855 1628 1937 1684 quam

300 1716 411 1764 nentem
435 1703 577 1760 credamus
597 1709 625 1756 et
643 1700 832 1757 confiteamur.
851 1697 885 1752 Et
905 1697 932 1751 in
956 1697 1014 1767 ipsa
1028 1708 1094 1752 ean-
1146 1710 1210 1749 vcra
1222 1694 1267 1751 iila
1284 1695 1391 1752 Domini
1404 1696 1539 1755 couiessio
1550 1698 1584 1753 ad
1597 1698 1718 1764 Patrem,
1740 1699 1810 1765 Quia
1828 1702 1939 1756 abscon-

192 1840 194 1843 >
300 1799 419 1855 fassione
430 1796 518 1867 dignis
529 1794 661 1850 bonorum
672 1791 796 1846 laudibus
810 1801 922 1859 operum
934 1801 1097 1844 veneremur
1146 1787 1208 1841 disti
1228 1788 1284 1843 bac
1304 1789 1495 1859 esurientibus
1520 1800 1545 1845 et
1567 1791 1747 1861 prudentibus,
1772 1803 1797 1848 et
1818 1793 1939 1849 reneioui

300 1906 374 1954 enin,
390 1887 603 1959 etpraedicemus
617 1884 644 1939 in
658 1889 804 1952 conspectu
823 1879 939 1936 filiorum
955 1878 1096 1935 hominnm
1146 1892 1178 1930 ea
1208 1876 1324 1947 parantia
1356 1877 1437 1949 (Luc.
1470 1880 1514 1951 x).
1547 1880 1676 1938 Homines
1708 1891 1788 1939 terrae
1818 1883 1939 1940 Genesa-

301 1980 391 2051 ipanm
407 1992 468 2033 esse
479 1975 575 2030 Filium
589 1972 638 2029 liei
660 1971 838 2042 unigenitum,
855 1976 1000 2025 narrantes
1012 1968 1097 2023 virun-
1147 1968 1219 2031 retii,
1231 1967 1278 2037 qai
1291 1967 1379 2023 minus
1390 1968 1462 2024 docti
1476 1969 1647 2036 videbamur,
1664 1986 1716 2027 non
1730 1971 1815 2028 sotum
1827 1974 1876 2042 ipsi
1893 1988 1941 2029 ve-

303 2079 344 2124 tos
357 2067 416 2139 eius
426 2074 454 2122 et
466 2063 600 2121 mirabilia
611 2060 671 2132 ejus
681 2075 742 2131 quae
752 2059 826 2115 iecit.
1111 2064 1136 2122 Β
1150 2059 1236 2123 niunt,
1252 2074 1281 2115 sc
1292 2067 1319 2115 et
1332 2074 1397 2115 suos
1413 2061 1559 2125 adducunt,
1581 2061 1636 2118 imo
1662 2070 1769 2134 gestant
1791 2066 1826 2120 ad
1851 2065 1943 2120 botan-

339 2159 448 2214 Etcum
471 2154 704 2225 transfretassent,
725 2160 848 2210 uenerunt
865 2159 1006 2205 interram
1028 2145 1098 2202 Gen·
1151 2165 1226 2216 nom,
1238 2160 1268 2204 ut
1281 2151 1323 2205 vel
1339 2150 1472 2206 ssmbriam
1493 2152 1615 2222 ejusque
1634 2154 1733 2208 saivari
1758 2163 1860 2224 queant
1885 2170 1943 2211 me·

303 2267 390 2307 maor.
405 2250 489 2305 Terra
506 2247 647 2304 Gennesar
656 2245 735 2316 juxta
757 2230 882 2315 stagnum
898 2241 1096 2306 Gennesarctb‚
1150 2247 1261 2294 reantur
1274 2238 1434 2310 contingere
1441 2239 1605 2296 vestimenti.
1618 2240 1681 2298 ldae
1693 2242 1835 2299 confestim
1845 2245 1942 2301 merita

303 2349 333 2397 ut
348 2340 458 2412 qnidam
481 2346 616 2403 asserunt,
634 2336 704 2392 idem
718 2341 761 2390 est
785 2333 857 2403 quod
879 2346 956 2388 mare
971 2330 1097 2396 Gaiilaee,
1150 2329 1247 2400 cupito
1260 2329 1356 2386 suiuus
1370 2332 1495 2388 marcente
1513 2332 1663 2402 potiuntur.
1684 2332 1720 2389 m
1733 2349 1798 2390 vero
1811 2334 1941 2392 Pharisaei

302 2433 346 2490 vel
356 2447 432 2487 mare
446 2430 605 2486 Tiberiadis.
622 2427 675 2483 Sed
689 2440 764 2481 mare
779 2423 897 2481 Galilaeae
910 2421 945 2478 ab
958 2420 1100 2492 adjacente
1150 2428 1178 2476 et
1188 2420 1296 2487 scribae,
1320 2423 1366 2491 qni
1394 2423 1521 2479 doctores
1541 2437 1602 2479 esse
1612 2424 1703 2495 populi
1718 2426 1876 2495 debuerant,
1888 2443 1942 2485 non

302 2525 443 2597 provincia
467 2523 568 2578 dictum
585 2534 660 2575 mare
681 2515 833 2573 Tiberiadis
855 2530 870 2570 a
894 2515 1017 2584 proxima
1033 2513 1100 2570 civi-
1150 2510 1303 2567 adverbum
1313 2511 1488 2578 audiendam,
1501 2528 1553 2569 non
1568 2514 1601 2569 ad
1614 2516 1787 2584 quaerendam
1797 2519 1942 2587 medelam,

305 2624 360 2671 tate
381 2630 441 2685 quat
467 2613 532 2670 olim
558 2608 714 2667 Gennereth
734 2615 847 2671 vocata,
874 2605 922 2663 aed
940 2606 975 2661 ab
991 2603 1099 2660 llerode
1150 2603 1198 2658 sed
1210 2602 1244 2657 ad
1258 2602 1405 2658 movendas
1418 2602 1504 2659 solum
1518 2604 1696 2675 quaestionum
1715 2621 1818 2679 pugnas
1840 2610 1873 2664 ad
1890 2611 1943 2668 iio-

303 2705 439 2762 tetrarcha
454 2703 604 2759 instaurata
618 2700 646 2755 in
658 2699 789 2756 honorem
805 2694 1041 2760 TiberiiGresaris,
1051 2693 1099 2749 ‘ii-
1151 2697 1253 2751 turinum
1268 2704 1450 2761 concurrunt3
1465 2710 1566 2766 eosque
1576 2696 1609 2753 de
1624 2712 1678 2753 non
1693 2697 1756 2756 iotis
1768 2700 1894 2756 manibus
1905 2703 1943 2757 vi·

302 2795 394 2855 iterius
405 2801 446 2850 est
457 2791 601 2863 appellata.
611 2789 698 2847 Porro
707 2787 848 2844 Gennesar
858 2786 1007 2843 secundum
1019 2799 1099 2857 quos
1150 2798 1290 2860 tuperant,
1308 2789 1467 2859 inquorum
1480 2789 1619 2859 operibus,
1636 2806 1697 2862 quae
1716 2785 1766 2863 per'
1776 2807 1873 2849 marius
1885 2793 1943 2850 siro

305 2888 367 2942 darn
387 2883 472 2939 abaci
493 2882 577 2952 ipsius
603 2887 700 2935 natura
724 2892 822 2933 nomen
841 2876 951 2933 trahens
973 2892 1026 2948 qua
1048 2878 1101 2933 eri·
1149 2889 1308 2951 pereaetera
1324 2879 1446 2949 corporis
1460 2880 1581 2936 membra
1596 2879 1673 2948 ssuttt,
1685 2881 1753 2937 nibil
1766 2881 1944 2940 immunditias

305 2977 445 3048 spantibas
465 2973 544 3045 aquis
559 2972 593 3029 de
610 2986 640 3028 se
655 2971 714 3042 ipso
731 2970 782 3026 sihi
797 2969 1024 3026 excitareauram
1038 2984 1099 3042 per·
1151 2974 1317 3031 sordidantis
1332 2975 1454 3031 invenire
1476 2974 1611 3040 valebant,
1627 2991 1689 3030 cum
1714 2992 1743 3033 se
1766 2979 1852 3048 magis
1870 2980 1945 3050 ipsos

306 3067 425 3132 bibetur,
437 3062 532 3121 Graeco
542 3060 684 3127 vocabulo,
696 3060 773 3132 quusi
794 3075 928 3131 generans
941 3060 992 3117 sibi
1005 3075 1100 3117 aurata
1151 3063 1260 3135 cuipare
1275 3064 1428 3133 debuerint,
1449 3065 1495 3136 qui
1514 3064 1583 3121 lotas
1595 3081 1664 3137 aqna
1687 3083 1783 3124 marrus
1800 3068 1942 3135 habentes,

306 3157 415 3213 dicitur.
431 3153 523 3225 Neque
537 3154 565 3208 in
579 3151 667 3223 stagni
683 3166 786 3208 morem
802 3151 936 3209 stemitur
954 3167 1036 3223 aqna,
1051 3153 1099 3209 sed
1151 3154 1345 3211 conscientiam
1365 3154 1451 3211 liram
1475 3156 1604 3227 pollutam
1618 3157 1770 3228 gestabant.
1782 3158 1895 3232 (Mans.)
1911 3160 1946 3216 Et

305 3249 490 3321 frequentibus
512 3246 587 3302 auris
605 3245 771 3315 spirantibus
790 3244 918 3317 agitatur,
931 3244 1100 3301 hanstudui-
1152 3246 1222 3301 ntira
1236 3245 1438 3302 Pbarisaeorum
1460 3247 1666 3319 scribarumque
1690 3249 1813 3317 stultitia,
1836 3250 1943 3322 quilici

306 3342 356 3409 cis,
383 3350 411 3397 et
429 3340 465 3396 ad
488 3338 635 3409 potandam
657 3336 765 3393 babilis.
791 3335 844 3393 Sed
867 3336 987 3394 Hebraeae
1002 3337 1100 3409 linguae
1152 3336 1250 3393 lilium
1265 3345 1393 3410 arguant,
1405 3338 1636 3408 quarebominam
1648 3340 1807 3398 traditiones
1826 3351 1853 3398 et
1876 3358 1945 3415 prus·

305 3431 501 3490 consuetudine
515 3429 604 3485 amnis
628 3443 761 3500 aquarum
773 3430 958 3501 congregatio,
968 3429 1025 3486 sive
1039 3430 1098 3484 dui·
1111 3426 1134 3489 C
1149 3438 1227 3500 cepta
1249 3445 1304 3486 non
1329 3437 1430 3486 servet.
1455 3428 1507 3486 Sed
1520 3431 1584 3500 qaia
1597 3446 1662 3486 vera
1676 3439 1718 3488 est
1731 3432 1776 3487 iila
1788 3433 1944 3503 Scriptura-

306 3521 356 3586 cis,
369 3520 426 3575 sive
448 3518 529 3584 salsa,
542 3532 618 3573 mare
638 3525 819 3587 nuncapatur.
843 3517 894 3585 Qui
920 3517 996 3575 meus
1016 3518 1100 3575 intei-
1153 3523 1530 3594 rumsententia,queedicit:
1547 3519 1609 3577 Non
1628 3532 1667 3577 eat
1687 3524 1825 3595 rapientia,
1842 3535 1944 3580 nonest

306 3607 407 3667 fluente
425 3607 545 3665 bartiano
557 3617 667 3664 centum
688 3616 717 3663 et
729 3609 869 3680 sexaginta
893 3609 988 3666 stadiis
1001 3609 1028 3666 iu
1043 3609 1102 3667 lon-
1152 3607 1301 3679 prudentio,
1317 3618 1417 3663 nonest
1433 3607 1572 3663 comitium
1587 3616 1679 3662 contro
1691 3607 1834 3663 Dominum
1849 3608 1943 3680 (Prot.

305 3702 465 3776 gimdioem,
475 3709 502 3756 et
516 3700 694 3772 qnadraginta
710 3700 866 3757 exauditur
880 3701 907 3756 in
920 3700 1100 3765 latitudinem.
1153 3699 1228 3772 sxa);
1243 3700 1386 3756 audiamus
1401 3699 1466 3771 quid
1482 3699 1624 3770 sequimr:

306 3794 428 3863 lienique
445 3792 468 3847 si
488 3791 631 3848 scierimus
644 3791 709 3861 quid
731 3791 759 3846 in
772 3790 870 3847 Latina
883 3792 1102 3864 liugua'rcsooet
1187 3794 1341 3867 lpseautem
1352 3796 1519 3868 respondens,
1528 3798 1566 3851 ait
1578 3795 1631 3851 iiiia
1643 3813 1653 3850 .·
1666 3795 1755 3863 Quare
1764 3804 1789 3852 et
1801 3813 1847 3852 aas
1860 3806 1946 3852 trans·

307 3882 458 3948 Gennesar,
476 3881 657 3951 intelligemus
680 3881 816 3952 quomodo
839 3879 919 3939 iesus
932 3898 981 3955 per
1007 3890 1100 3955 typam
1151 3889 1291 3960 gredimini
1313 3888 1468 3945 mandmmn
1489 3888 1537 3943 bei
1562 3895 1668 3959 propter
1699 3887 1869 3942 traditionem
1904 3904 1947 3943 oc·

308 3973 508 4047 Apostolorum,
519 3980 547 4027 et
568 3972 655 4038 navis,
680 3971 829 4028 Ecclesiam
858 3973 891 4030 de
905 3975 1101 4045 persecutionis
1151 3981 1258 4035 stram?
1275 3978 1412 4052 (Hieron.)
1434 3979 1541 4035 Falsum
1566 3979 1728 4035 calumniam
1748 3994 1812 4035 vera
1832 3993 1945 4048 respon-

308 4069 449 4141 nauiragio
463 4067 608 4124 liberatam
623 4066 781 4123 transducat
794 4066 830 4122 ad
843 4066 929 4134 liuns,
948 4076 975 4124 et
989 4068 1017 4122 iu
1030 4077 1101 4123 tran·
1153 4072 1228 4127 sione
1240 4070 1371 4134 confutat,
1387 4086 1459 4136 cum,
1468 4071 1566 4141 inquit,
1582 4085 1630 4125 roa
1645 4078 1755 4139 propter
1769 4069 1943 4125 traditionem

309 4162 469 4234 quitissimo
493 4170 571 4232 portu
596 4158 766 4229 requiescere
791 4158 883 4215 iaciat.
906 4159 1102 4229 interpretatur
1153 4161 1292 4217 bantinum
1305 4169 1439 4231 praecepta
1454 4159 1560 4217 Domini
1586 4159 1739 4232 negligatis,
1759 4174 1844 4231 quare
1868 4159 1947 4217 disci·

309 4262 399 4311 autem
415 4252 555 4309 Gennesar
565 4260 639 4305 ortus
654 4249 823 4321 principium,
837 4258 867 4304 ut
880 4249 908 4305 in
923 4249 994 4306 libro
1004 4249 1102 4308 deNo-
1152 4250 1231 4320 pulos
1241 4265 1317 4308 meos
1329 4250 1481 4324 arguendos
1494 4249 1616 4315 creditis,
1632 4250 1739 4321 quodsi
1755 4265 1861 4307 morum
1868 4250 1945 4321 jerasa

309 4345 427 4402 minibus
441 4343 582 4399 ilebraicis
595 4341 756 4397 invenimus.
773 4341 849 4398 Tune
862 4342 935 4398 enim
964 4342 1044 4415 piena
1057 4359 1103 4401 uo
1152 4342 1229 4412 parri
1242 4344 1370 4414 pendant,
1383 4349 1413 4397 ut
1426 4343 1475 4398 lici
1493 4343 1562 4398 scita
1575 4342 1746 4398 custodiant?

310 4434 354 4491 bis
365 4435 498 4490 tribuetur
511 4430 701 4502 tranquillitas,
712 4430 821 4502 quando
831 4431 950 4502 paradisi
961 4446 1009 4502 per
1021 4430 1101 4488 Chri·
1191 4433 1263 4489 Nom
1274 4434 1344 4489 licus
1355 4433 1421 4489 dicit
1432 4447 1442 4487 .·
1456 4433 1566 4489 lionora
1577 4444 1677 4505 patrem
1688 4444 1712 4489 et
1725 4445 1834 4490 matrem
1844 4453 1853 4500 ;
1863 4444 1887 4491 et
1899 4438 1944 4508 qai

310 4533 383 4584 etum
406 4524 485 4581 nobis
500 4522 660 4578 restituetur
671 4520 815 4577 numnius
830 4561 837 4587 ,
863 4536 896 4576 ac
909 4521 1004 4593 primu
1027 4523 1102 4581 stolae
1154 4525 1318 4582 maledixerit
1328 4527 1397 4597 patri
1407 4525 1446 4581 oet
1459 4526 1549 4593 matri,
1563 4536 1647 4582 morte
1657 4528 1795 4583 moriatur.
1813 4528 1905 4584 llonor
1916 4515 1963 4585 i'n'

310 4616 440 4675 reddetur
451 4611 616 4686 iucunditas.
1155 4615 1313 4687 seripturis,
1321 4630 1374 4671 noo
1386 4623 1490 4672 tantum
1503 4616 1530 4671 in
1540 4616 1747 4675 salutationibus
1757 4627 1784 4676 et
1797 4618 1892 4677 ciliciis
1900 4621 1947 4676 de-

348 4706 452 4761 Etcum
472 4703 651 4775 cognovissent
673 4718 732 4757 eum
747 4703 795 4757 oiri
812 4703 864 4758 toci
877 4704 961 4770 iiiior,
977 4707 1101 4761 mucram
1155 4704 1283 4772 terendis,
1297 4714 1427 4776 qnantum
1438 4706 1465 4761 in
1477 4705 1647 4780 eleemosyna
1658 4723 1690 4763 ac
1701 4723 1842 4764 mnuemm
1864 4709 1946 4767 colla·

311 4800 340 4855 in
353 4800 502 4853 unincrsann
525 4795 655 4866 regionem
668 4794 752 4850 iiiam.
764 4793 899 4868 (Hieron.)
914 4794 1104 4869 Gognorcmnt
1115 4783 1143 4844 D
1156 4796 1229 4853 tione
1239 4798 1364 4854 sentitur.
1378 4796 1498 4862 Honora,
1515 4797 1765 4869 inquitdpostolns,
1777 4799 1946 4872 omnemque

312 4906 375 4948 cuin
389 4904 509 4955 rumare,
518 4902 571 4943 nou
587 4885 670 4953 tacie3
686 4887 728 4942 vei
744 4899 817 4944 certo
828 4904 885 4959 prae
898 4889 1037 4961 signorum
1047 4906 1105 4946 ma·
1156 4909 1223 4950 oeno
1235 4892 1320 4948 udae
1329 4900 1389 4946 sunt
1401 4888 1428 4961 (l
1443 4890 1510 4945 Tim.
1522 4888 1560 4963 r).
1577 4891 1628 4948 iiic
1643 4892 1732 4949 honor
1744 4893 1845 4949 donum
1867 4890 1945 4948 intei-

313 4983 475 5056 gaitudine,
501 4995 561 5052 quae
589 4978 715 5050 patrabat
741 4980 769 5035 in
787 4983 904 5052 populis,
922 4984 1003 5040 etiarn
1028 4984 1105 5042 vulto
1156 4985 1258 5057 ligitur.
1279 4984 1313 5039 Et
1333 4984 1361 5039 in
1379 4981 1432 5037 aiio
1445 4981 1505 5039 loco
1523 4999 1530 5036 :
1549 4980 1699 5054 Presbyteri
1723 4981 1822 5055 duplici
1847 4983 1947 5038 bonore

313 5073 439 5149 piurimis
454 5081 534 5128 notus
545 5078 614 5127 erat.
641 5070 676 5126 Et
689 5071 750 5127 vide
762 5081 863 5141 quanta
877 5075 945 5131 indes
967 5075 1003 5131 sit
1018 5076 1106 5131 homi·
1156 5075 1302 5134 honorandi
1317 5075 1441 5141 mamma,
1456 5074 1501 5146 qui
1513 5072 1634 5128 laborant
1647 5073 1674 5130 in
1689 5073 1765 5130 oeric
1783 5083 1808 5128 et
1825 5072 1945 5127 doetmna

314 5184 380 5225 uum
400 5176 480 5224 terrae
502 5163 704 5231 Gennesaretb‚
730 5174 761 5221 ut
784 5181 838 5222 non
856 5169 1028 5238 presentium
1046 5179 1106 5224 tan-
1156 5162 1379 5235 Dominiiliid.).
1396 5162 1567 5232 espossiae
1579 5158 1945 5231 mandatamiubemnrbovi

316 5272 373 5318 tum
396 5259 482 5315 salute
500 5257 619 5319 contenti
637 5257 701 5321 sint,
717 5257 765 5313 sed
788 5258 898 5313 mittant
918 5259 952 5315 ad
972 5258 1040 5315 alias
1056 5274 1104 5330 per
1157 5256 1340 5316 triturantios
1356 5271 1410 5311 nou
1423 5255 1577 5323 occludere,
1591 5261 1622 5310 ut
1632 5255 1730 5327 dignus
1752 5254 1788 5310 sit
1805 5251 1947 5325 operarios

315 5351 459 5410 circatitum
471 5349 606 5413 civitates,
619 5362 673 5418 quo
682 5361 777 5429 ompes
786 5355 898 5403 currant
910 5349 944 5404 ad
958 5349 1103 5405 medicum.
1157 5346 1282 5405 mercede
1289 5360 1348 5400 saa.

354 5441 387 5496 dt
399 5439 548 5495 obtulerunt
563 5437 686 5492 nonanes
697 5435 765 5491 mate
782 5436 914 5502 trabentes,
937 5448 961 5493 ct
979 5439 1104 5510 rogabant
1199 5434 1250 5491 Vos
1267 5445 1353 5490 auum
1364 5434 1472 5489 dicitis:
1487 5433 1642 5508 Quicunque
1660 5432 1756 5489 dixerit
1765 5431 1835 5502 patri
1845 5428 1883 5485 oei
1894 5435 1949 5485 ma·

316 5548 392 5597 mm,
410 5541 437 5585 ut
459 5529 498 5585 oet
521 5528 654 5600 fimbriam
673 5527 816 5582 aestimanti
838 5527 895 5598 ejas
914 5537 1065 5600 congerere·
1081 5539 1107 5585 ot
1159 5530 1194 5584 tri
1205 5543 1214 5582 .·
1226 5528 1324 5583 Munus
1335 5525 1507 5599 quodcunque
1517 5537 1555 5582 est
1566 5543 1599 5583 ea
1608 5542 1656 5590 me,
1671 5524 1719 5579 tibi
1727 5522 1853 5594 proderit,
1860 5530 1884 5576 et
1895 5536 1948 5577 nort

316 5624 465 5696 quicunque
477 5621 615 5692 tetigerunt
628 5618 694 5674 sciui
707 5618 771 5686 [aeti
781 5628 852 5674 sunt.
867 5618 959 5692 (Rus.)
972 5619 1023 5687 Qui
1037 5619 1107 5676 male
1159 5618 1342 5689 honorificabit
1356 5627 1458 5689 patrem
1469 5634 1546 5672 suem
1556 5627 1603 5673 aut
1613 5625 1722 5671 matrem
1737 5630 1824 5680 mam,
1844 5623 1869 5669 et
1885 5611 1947 5667 irti-

317 5728 349 5772 sc
361 5714 462 5770 habent
475 5728 528 5768 non
544 5719 658 5782 tangunt
670 5725 769 5780 corpus
781 5707 950 5780 Jesu‚neque
961 5718 1047 5765 totum
1061 5726 1108 5766 ve·
1160 5722 1216 5767 tum
1236 5709 1334 5781 fecistis
1353 5708 1508 5764 mandatam
1525 5707 1574 5763 liei
1599 5714 1704 5778 propter
1717 5704 1885 5758 traditionem
1901 5715 1946 5756 oe·

318 5805 475 5862 stimonium
486 5803 555 5874 ejus,
568 5801 615 5857 sed
629 5809 778 5857 extremam
788 5798 934 5855 fimbriam.
948 5800 982 5855 Et
993 5801 1107 5870 quicun-
1160 5797 1609 5874 stram.l>raeoeperatliominnsvei
1617 5797 1824 5862 imbecillitates,
1832 5794 1874 5851 vel
1882 5803 1947 5851 ata·

318 5911 373 5970 que
386 5896 525 5968 tetigerint
537 5895 723 5951 sanabuntur:
739 5891 873 5949 imbriam
884 5892 1036 5948 vestimenti
1048 5890 1108 5962 ejus
1161 5905 1213 5960 tes,
1233 5894 1276 5949 rel
1291 5893 1419 5965 penurias
1432 5899 1572 5964 parentum
1596 5890 1783 5955 considerans,
1794 5895 1824 5943 ut
1839 5886 1886 5943 tilii
1898 5885 1946 5942 bo

321 5989 462 6048 naitanum
485 5988 642 6044 mandatum
666 5984 793 6057 intellige.
804 5983 881 6053 Quod
895 5984 943 6054 qui
959 5992 1109 6056 transgres
1161 5991 1301 6055 norarcnt,
1315 5985 1397 6042 etiam
1410 5984 1437 6038 in
1450 5983 1512 6039 vita
1524 5982 1683 6041 necessariis
1696 5979 1948 6048 ministrantium·
