<?xml version="1.0" encoding="UTF-8"?>
<!DOCTYPE html PUBLIC "-//W3C//DTD XHTML 1.0 Transitional//EN"
    "http://www.w3.org/TR/xhtml1/DTD/xhtml1-transitional.dtd">
<html xmlns="http://www.w3.org/1999/xhtml" xml:lang="en" lang="en">
 <head>
  <title>
</title>
<meta http-equiv="Content-Type" content="text/html;charset=utf-8" />
  <meta name='ocr-system' content='tesseract 3.04.00' />
  <meta name='ocr-capabilities' content='ocr_page ocr_carea ocr_par ocr_line ocrx_word'/>
</head>
<body>
  <div class='ocr_page' id='page_1' title='image "./patrologiaecurs88unkngoog_0293.png"; bbox 0 0 4509 6850; ppageno 0'>
   <div class='ocr_carea' id='block_1_1' title="bbox 222 601 1892 673">
    <p class='ocr_par' dir='ltr' id='par_1_1' title="bbox 222 601 1892 673">
     <span class='ocr_line' id='line_1_1' title="bbox 222 601 1892 673; baseline -0.025 9"><span class='ocrx_word' id='word_1_1' title='bbox 222 612 305 673; x_wconf 71' lang='grc'><strong>611</strong></span> <span class='ocrx_word' id='word_1_2' title='bbox 771 604 945 661; x_wconf 76' lang='lat' dir='ltr'><strong>mutatam.</strong></span> <span class='ocrx_word' id='word_1_3' title='bbox 967 603 999 656; x_wconf 82' lang='lat' dir='ltr'><strong>tn</strong></span> <span class='ocrx_word' id='word_1_4' title='bbox 1020 601 1179 656; x_wconf 74' lang='lat' dir='ltr'><strong>cuneatur.</strong></span> <span class='ocrx_word' id='word_1_5' title='bbox 1200 633 1230 643; x_wconf 92' lang='lat'><em>-</em></span> <span class='ocrx_word' id='word_1_6' title='bbox 1253 602 1316 659; x_wconf 83' lang='lat' dir='ltr'><strong>uta.</strong></span> <span class='ocrx_word' id='word_1_7' title='bbox 1336 603 1377 659; x_wconf 89' lang='grc' dir='ltr'><strong>ιιι.</strong></span> <span class='ocrx_word' id='word_1_8' title='bbox 1839 605 1892 663; x_wconf 73' lang='lat'><strong>373</strong></span> 
     </span>
    </p>
   </div>
   <div class='ocr_carea' id='block_1_2' title="bbox 211 712 1901 3442">
    <p class='ocr_par' dir='ltr' id='par_1_2' title="bbox 211 712 1901 3442">
     <span class='ocr_line' id='line_1_2' title="bbox 219 712 1890 796; baseline -0.002 -13"><span class='ocrx_word' id='word_1_9' title='bbox 219 724 308 788; x_wconf 73' lang='lat' dir='ltr'><strong>crae</strong></span> <span class='ocrx_word' id='word_1_10' title='bbox 330 727 431 782; x_wconf 86' lang='lat' dir='ltr'><strong>Ruenta</strong></span> <span class='ocrx_word' id='word_1_11' title='bbox 453 724 651 796; x_wconf 82' lang='lat' dir='ltr'><strong>loquebantur?</strong></span> <span class='ocrx_word' id='word_1_12' title='bbox 672 722 730 779; x_wconf 85' lang='lat' dir='ltr'><strong>Nisi</strong></span> <span class='ocrx_word' id='word_1_13' title='bbox 742 724 815 778; x_wconf 86' lang='lat' dir='ltr'><strong>enirn</strong></span> <span class='ocrx_word' id='word_1_14' title='bbox 828 721 982 792; x_wconf 75' lang='lat' dir='ltr'>unigenitus</span> <span class='ocrx_word' id='word_1_15' title='bbox 1000 718 1047 774; x_wconf 86' lang='lat' dir='ltr'><strong>Dei</strong></span> <span class='ocrx_word' id='word_1_16' title='bbox 1062 720 1127 779; x_wconf 80' lang='lat' dir='ltr'><strong>Act</strong></span> <span class='ocrx_word' id='word_1_17' title='bbox 1139 733 1189 788; x_wconf 83' lang='lat' dir='ltr'><strong>per</strong></span> <span class='ocrx_word' id='word_1_18' title='bbox 1214 720 1347 775; x_wconf 89' lang='lat' dir='ltr'><strong>camelum</strong></span> <span class='ocrx_word' id='word_1_19' title='bbox 1364 719 1408 776; x_wconf 91' lang='lat' dir='ltr'><strong>eui</strong></span> <span class='ocrx_word' id='word_1_20' title='bbox 1430 712 1556 791; x_wconf 83' lang='lat' dir='ltr'><strong>praesedit</strong></span> <span class='ocrx_word' id='word_1_21' title='bbox 1575 712 1655 782; x_wconf 76' lang='lat' dir='ltr'><strong>tortis</strong></span> <span class='ocrx_word' id='word_1_22' title='bbox 1677 727 1796 787; x_wconf 87' lang='lat' dir='ltr'><strong>motibus</strong></span> <span class='ocrx_word' id='word_1_23' title='bbox 1808 736 1890 795; x_wconf 68' lang='lat' dir='ltr'><strong>almae</strong></span> 
     </span>
     <span class='ocr_line' id='line_1_3' title="bbox 219 808 1889 887; baseline 0 -14"><span class='ocrx_word' id='word_1_24' title='bbox 219 821 350 881; x_wconf 74' lang='lat' dir='ltr'><strong>Filius,</strong></span> <span class='ocrx_word' id='word_1_25' title='bbox 372 819 540 880; x_wconf 87' lang='lat' dir='ltr'><strong>incarnatus,</strong></span> <span class='ocrx_word' id='word_1_26' title='bbox 565 824 696 879; x_wconf 85' lang='lat' dir='ltr'><strong>tentatus,</strong></span> <span class='ocrx_word' id='word_1_27' title='bbox 711 816 905 886; x_wconf 85' lang='lat' dir='ltr'><strong>apprehensus,</strong></span> <span class='ocrx_word' id='word_1_28' title='bbox 925 812 1047 882; x_wconf 79' lang='lat' dir='ltr'>colaphis</span> <span class='ocrx_word' id='word_1_29' title='bbox 1097 808 1203 864; x_wconf 89' lang='lat' dir='ltr'><strong>onustis</strong></span> <span class='ocrx_word' id='word_1_30' title='bbox 1217 810 1350 865; x_wconf 88' lang='lat' dir='ltr'><strong>idolcmm</strong></span> <span class='ocrx_word' id='word_1_31' title='bbox 1371 810 1487 868; x_wconf 89' lang='lat' dir='ltr'><strong>cultibus</strong></span> <span class='ocrx_word' id='word_1_32' title='bbox 1499 812 1606 870; x_wconf 86' lang='lat' dir='ltr'><strong>deditus</strong></span> <span class='ocrx_word' id='word_1_33' title='bbox 1618 815 1758 887; x_wconf 89' lang='lat' dir='ltr'><strong>gentilium</strong></span> <span class='ocrx_word' id='word_1_34' title='bbox 1775 816 1889 885; x_wconf 85' lang='lat' dir='ltr'><strong>populat</strong></span> 
     </span>
     <span class='ocr_line' id='line_1_4' title="bbox 219 899 1892 980; baseline 0.001 -15"><span class='ocrx_word' id='word_1_35' title='bbox 219 925 351 974; x_wconf 69' lang='lat' dir='ltr'><strong>tzsus,</strong></span> <span class='ocrx_word' id='word_1_36' title='bbox 368 908 456 980; x_wconf 84' lang='lat' dir='ltr'><strong>sputis</strong></span> <span class='ocrx_word' id='word_1_37' title='bbox 473 907 577 970; x_wconf 89' lang='lat' dir='ltr'><strong>illusus,</strong></span> <span class='ocrx_word' id='word_1_38' title='bbox 591 906 738 961; x_wconf 82' lang='lat' dir='ltr'><strong>cruciliuus</strong></span> <span class='ocrx_word' id='word_1_39' title='bbox 754 919 786 959; x_wconf 90' lang='lat' dir='ltr'><strong>ac</strong></span> <span class='ocrx_word' id='word_1_40' title='bbox 803 911 926 958; x_wconf 89' lang='lat' dir='ltr'><strong>mortuus</strong></span> <span class='ocrx_word' id='word_1_41' title='bbox 941 902 1044 966; x_wconf 86' lang='lat' dir='ltr'><strong>iuissct,</strong></span> <span class='ocrx_word' id='word_1_42' title='bbox 1097 899 1276 970; x_wconf 86' lang='lat' dir='ltr'><strong>designatur?</strong></span> <span class='ocrx_word' id='word_1_43' title='bbox 1297 902 1348 969; x_wconf 80' lang='lat' dir='ltr'><strong>Qui</strong></span> <span class='ocrx_word' id='word_1_44' title='bbox 1362 904 1434 958; x_wconf 91' lang='lat' dir='ltr'><strong>enim</strong></span> <span class='ocrx_word' id='word_1_45' title='bbox 1448 919 1482 959; x_wconf 84' lang='lat' dir='ltr'><strong>ex</strong></span> <span class='ocrx_word' id='word_1_46' title='bbox 1496 906 1651 977; x_wconf 72' lang='lat' dir='ltr'>semetipsis</span> <span class='ocrx_word' id='word_1_47' title='bbox 1665 906 1718 964; x_wconf 89' lang='lat' dir='ltr'><strong>sibi</strong></span> <span class='ocrx_word' id='word_1_48' title='bbox 1731 909 1892 967; x_wconf 80' lang='lat' dir='ltr'><strong>invenerunt</strong></span> 
     </span>
     <span class='ocr_line' id='line_1_5' title="bbox 211 990 1891 1072; baseline 0 -15"><span class='ocrx_word' id='word_1_49' title='bbox 211 1002 334 1063; x_wconf 84' lang='lat' dir='ltr'><strong>nobis</strong></span> <span class='ocrx_word' id='word_1_50' title='bbox 347 1001 428 1072; x_wconf 80' lang='lat' dir='ltr'><strong>buius</strong></span> <span class='ocrx_word' id='word_1_51' title='bbox 441 1000 527 1071; x_wconf 93' lang='lat' dir='ltr'><strong>putei,</strong></span> <span class='ocrx_word' id='word_1_52' title='bbox 546 999 573 1054; x_wconf 91' lang='lat' dir='ltr'><strong>id</strong></span> <span class='ocrx_word' id='word_1_53' title='bbox 586 1007 629 1054; x_wconf 90' lang='lat' dir='ltr'><strong>est</strong></span> <span class='ocrx_word' id='word_1_54' title='bbox 649 998 795 1068; x_wconf 78' lang='lat' dir='ltr'><strong>scriptura</strong></span> <span class='ocrx_word' id='word_1_55' title='bbox 808 1011 893 1051; x_wconf 79' lang='lat' dir='ltr'><strong>sacrae</strong></span> <span class='ocrx_word' id='word_1_56' title='bbox 909 994 1048 1064; x_wconf 89' lang='lat' dir='ltr'><strong>proiundi-</strong></span> <span class='ocrx_word' id='word_1_57' title='bbox 1098 990 1165 1045; x_wconf 89' lang='lat' dir='ltr'><strong>deos</strong></span> <span class='ocrx_word' id='word_1_58' title='bbox 1174 1008 1243 1063; x_wconf 89' lang='lat' dir='ltr'><strong>quos</strong></span> <span class='ocrx_word' id='word_1_59' title='bbox 1255 992 1385 1059; x_wconf 87' lang='lat' dir='ltr'><strong>colerent,</strong></span> <span class='ocrx_word' id='word_1_60' title='bbox 1400 995 1475 1063; x_wconf 83' lang='lat' dir='ltr'><strong>quasi</strong></span> <span class='ocrx_word' id='word_1_61' title='bbox 1488 1011 1503 1049; x_wconf 88' lang='lat' dir='ltr'><strong>a</strong></span> <span class='ocrx_word' id='word_1_62' title='bbox 1515 1000 1668 1067; x_wconf 77' lang='lat' dir='ltr'><strong>semetipsis</strong></span> <span class='ocrx_word' id='word_1_63' title='bbox 1682 1016 1753 1056; x_wconf 91' lang='lat' dir='ltr'><strong>onus</strong></span> <span class='ocrx_word' id='word_1_64' title='bbox 1765 1001 1793 1056; x_wconf 91' lang='lat' dir='ltr'><strong>ia</strong></span> <span class='ocrx_word' id='word_1_65' title='bbox 1808 1001 1891 1057; x_wconf 86' lang='lat' dir='ltr'><strong>dorso</strong></span> 
     </span>
     <span class='ocr_line' id='line_1_6' title="bbox 214 1083 1894 1163; baseline 0 -15"><span class='ocrx_word' id='word_1_66' title='bbox 214 1107 296 1153; x_wconf 73' lang='lat' dir='ltr'><strong>tas</strong></span> <span class='ocrx_word' id='word_1_67' title='bbox 312 1109 369 1148; x_wconf 87' lang='lat' dir='ltr'><strong>noo</strong></span> <span class='ocrx_word' id='word_1_68' title='bbox 386 1101 501 1163; x_wconf 85' lang='lat' dir='ltr'><strong>pateret.</strong></span> <span class='ocrx_word' id='word_1_69' title='bbox 523 1091 593 1158; x_wconf 86' lang='lat' dir='ltr'><strong>Quid</strong></span> <span class='ocrx_word' id='word_1_70' title='bbox 610 1106 677 1160; x_wconf 89' lang='lat' dir='ltr'><strong>ergo</strong></span> <span class='ocrx_word' id='word_1_71' title='bbox 696 1089 818 1144; x_wconf 90' lang='lat' dir='ltr'><strong>lidelibus</strong></span> <span class='ocrx_word' id='word_1_72' title='bbox 835 1087 973 1144; x_wconf 77' lang='lat' dir='ltr'><strong>humilitas</strong></span> <span class='ocrx_word' id='word_1_73' title='bbox 987 1101 1048 1155; x_wconf 90' lang='lat' dir='ltr'><strong>pas·</strong></span> <span class='ocrx_word' id='word_1_74' title='bbox 1097 1091 1259 1137; x_wconf 87' lang='lat' dir='ltr'><strong>excreuerat</strong></span> <span class='ocrx_word' id='word_1_75' title='bbox 1280 1083 1351 1152; x_wconf 92' lang='lat' dir='ltr'><strong>quod</strong></span> <span class='ocrx_word' id='word_1_76' title='bbox 1366 1092 1516 1154; x_wconf 88' lang='lat' dir='ltr'><strong>portarent.</strong></span> <span class='ocrx_word' id='word_1_77' title='bbox 1541 1086 1665 1160; x_wconf 71' lang='lat' dir='ltr'><strong>Rebecca</strong></span> <span class='ocrx_word' id='word_1_78' title='bbox 1681 1105 1746 1162; x_wconf 92' lang='lat' dir='ltr'><strong>ergo</strong></span> <span class='ocrx_word' id='word_1_79' title='bbox 1768 1094 1803 1150; x_wconf 91' lang='lat' dir='ltr'><strong>ad</strong></span> <span class='ocrx_word' id='word_1_80' title='bbox 1817 1093 1894 1150; x_wconf 87' lang='lat' dir='ltr'><strong>isaac</strong></span> 
     </span>
     <span class='ocr_line' id='line_1_7' title="bbox 214 1171 1894 1253; baseline 0 -15"><span class='ocrx_word' id='word_1_81' title='bbox 214 1185 342 1244; x_wconf 74' lang='lat' dir='ltr'><strong>sionis</strong></span> <span class='ocrx_word' id='word_1_82' title='bbox 352 1182 412 1253; x_wconf 86' lang='lat' dir='ltr'><strong>ejus</strong></span> <span class='ocrx_word' id='word_1_83' title='bbox 424 1180 495 1236; x_wconf 86' lang='lat' dir='ltr'><strong>lacta</strong></span> <span class='ocrx_word' id='word_1_84' title='bbox 509 1186 562 1245; x_wconf 91' lang='lat' dir='ltr'><strong>est,</strong></span> <span class='ocrx_word' id='word_1_85' title='bbox 576 1181 626 1235; x_wconf 90' lang='lat' dir='ltr'><strong>nisi</strong></span> <span class='ocrx_word' id='word_1_86' title='bbox 640 1180 724 1234; x_wconf 87' lang='lat' dir='ltr'><strong>clavis</strong></span> <span class='ocrx_word' id='word_1_87' title='bbox 736 1178 893 1248; x_wconf 79' lang='lat' dir='ltr'><strong>apertionis,</strong></span> <span class='ocrx_word' id='word_1_88' title='bbox 909 1192 1047 1247; x_wconf 88' lang='lat' dir='ltr'><strong>perquam</strong></span> <span class='ocrx_word' id='word_1_89' title='bbox 1099 1171 1221 1236; x_wconf 85' lang='lat' dir='ltr'><strong>ueniens,</strong></span> <span class='ocrx_word' id='word_1_90' title='bbox 1236 1171 1318 1226; x_wconf 90' lang='lat' dir='ltr'><strong>dorso</strong></span> <span class='ocrx_word' id='word_1_91' title='bbox 1328 1174 1426 1228; x_wconf 90' lang='lat' dir='ltr'><strong>cameli</strong></span> <span class='ocrx_word' id='word_1_92' title='bbox 1447 1175 1598 1243; x_wconf 83' lang='lat' dir='ltr'><strong>deducitur,</strong></span> <span class='ocrx_word' id='word_1_93' title='bbox 1616 1178 1679 1247; x_wconf 89' lang='lat' dir='ltr'><strong>quia</strong></span> <span class='ocrx_word' id='word_1_94' title='bbox 1693 1194 1725 1234; x_wconf 84' lang='lat' dir='ltr'><strong>ex</strong></span> <span class='ocrx_word' id='word_1_95' title='bbox 1740 1183 1894 1252; x_wconf 75' lang='lat' dir='ltr'><strong>gentilitate</strong></span> 
     </span>
     <span class='ocr_line' id='line_1_8' title="bbox 217 1263 1893 1346; baseline 0.001 -18"><span class='ocrx_word' id='word_1_96' title='bbox 217 1274 450 1346; x_wconf 73' lang='lat' dir='ltr'><strong>mysteriorum</strong></span> <span class='ocrx_word' id='word_1_97' title='bbox 458 1272 505 1327; x_wconf 86' lang='lat' dir='ltr'><strong>bet</strong></span> <span class='ocrx_word' id='word_1_98' title='bbox 514 1282 623 1343; x_wconf 89' lang='lat' dir='ltr'><strong>puteum</strong></span> <span class='ocrx_word' id='word_1_99' title='bbox 638 1271 799 1344; x_wconf 77' lang='lat' dir='ltr'><strong>invenimus,</strong></span> <span class='ocrx_word' id='word_1_100' title='bbox 815 1271 1048 1339; x_wconf 76' lang='lat' dir='ltr'><strong>utaquamscien-</strong></span> <span class='ocrx_word' id='word_1_101' title='bbox 1098 1263 1219 1319; x_wconf 82' lang='lat' dir='ltr'><strong>Ecclesia</strong></span> <span class='ocrx_word' id='word_1_102' title='bbox 1229 1281 1384 1335; x_wconf 82' lang='lat' dir='ltr'><strong>properans</strong></span> <span class='ocrx_word' id='word_1_103' title='bbox 1398 1267 1424 1321; x_wconf 92' lang='lat' dir='ltr'><strong>iu</strong></span> <span class='ocrx_word' id='word_1_104' title='bbox 1441 1268 1520 1324; x_wconf 90' lang='lat' dir='ltr'><strong>tortis</strong></span> <span class='ocrx_word' id='word_1_105' title='bbox 1534 1269 1693 1342; x_wconf 83' lang='lat' dir='ltr'><strong>vitiosisque</strong></span> <span class='ocrx_word' id='word_1_106' title='bbox 1716 1273 1778 1327; x_wconf 72' lang='lat' dir='ltr'><strong>rita.¹</strong></span> <span class='ocrx_word' id='word_1_107' title='bbox 1793 1275 1893 1330; x_wconf 83' lang='lat' dir='ltr'><strong>ueteris</strong></span> 
     </span>
     <span class='ocr_line' id='line_1_9' title="bbox 218 1356 1895 1433; baseline -0.004 -10"><span class='ocrx_word' id='word_1_108' title='bbox 218 1367 299 1424; x_wconf 74' lang='lat' dir='ltr'><strong>tite</strong></span> <span class='ocrx_word' id='word_1_109' title='bbox 314 1365 349 1420; x_wconf 89' lang='lat' dir='ltr'><strong>de</strong></span> <span class='ocrx_word' id='word_1_110' title='bbox 362 1361 499 1433; x_wconf 88' lang='lat' dir='ltr'><strong>prolondo</strong></span> <span class='ocrx_word' id='word_1_111' title='bbox 521 1362 686 1417; x_wconf 82' lang='lat' dir='ltr'><strong>libaremus?</strong></span> <span class='ocrx_word' id='word_1_112' title='bbox 700 1361 914 1415; x_wconf 88' lang='lat' dir='ltr'><strong>lucamationem</strong></span> <span class='ocrx_word' id='word_1_113' title='bbox 934 1360 1046 1430; x_wconf 76' lang='lat' dir='ltr'><strong>quiippe,</strong></span> <span class='ocrx_word' id='word_1_114' title='bbox 1098 1356 1351 1410; x_wconf 87' lang='lat' dir='ltr'><strong>conversationibus</strong></span> <span class='ocrx_word' id='word_1_115' title='bbox 1369 1357 1513 1412; x_wconf 78' lang='lat' dir='ltr'><strong>invenitur.</strong></span> <span class='ocrx_word' id='word_1_116' title='bbox 1534 1358 1599 1426; x_wconf 79' lang='lat' dir='ltr'><strong>Quae</strong></span> <span class='ocrx_word' id='word_1_117' title='bbox 1614 1368 1644 1415; x_wconf 93' lang='lat' dir='ltr'><strong>ut</strong></span> <span class='ocrx_word' id='word_1_118' title='bbox 1658 1361 1733 1418; x_wconf 92' lang='lat' dir='ltr'><strong>lsaac</strong></span> <span class='ocrx_word' id='word_1_119' title='bbox 1751 1363 1837 1429; x_wconf 84' lang='lat' dir='ltr'><strong>vidit,</strong></span> <span class='ocrx_word' id='word_1_120' title='bbox 1861 1362 1895 1418; x_wconf 90' lang='lat' dir='ltr'><strong>de</strong></span> 
     </span>
     <span class='ocr_line' id='line_1_10' title="bbox 220 1445 1893 1532; baseline 0.005 -23"><span class='ocrx_word' id='word_1_121' title='bbox 220 1455 423 1532; x_wconf 81' lang='lat' dir='ltr'><strong>passionem,</strong></span> <span class='ocrx_word' id='word_1_122' title='bbox 436 1461 561 1516; x_wconf 89' lang='lat' dir='ltr'><strong>mortem,</strong></span> <span class='ocrx_word' id='word_1_123' title='bbox 578 1452 806 1507; x_wconf 75' lang='lat' dir='ltr'><strong>resurrectionem</strong></span> <span class='ocrx_word' id='word_1_124' title='bbox 817 1461 898 1520; x_wconf 91' lang='lat' dir='ltr'><strong>atquc</strong></span> <span class='ocrx_word' id='word_1_125' title='bbox 913 1453 1048 1507; x_wconf 90' lang='lat' dir='ltr'><strong>ascensio·</strong></span> <span class='ocrx_word' id='word_1_126' title='bbox 1097 1445 1203 1501; x_wconf 89' lang='lat' dir='ltr'><strong>camelo</strong></span> <span class='ocrx_word' id='word_1_127' title='bbox 1217 1446 1365 1512; x_wconf 85' lang='lat' dir='ltr'><strong>descendit.</strong></span> <span class='ocrx_word' id='word_1_128' title='bbox 1380 1448 1442 1517; x_wconf 77' lang='grc'><strong>11111</strong></span> <span class='ocrx_word' id='word_1_129' title='bbox 1458 1450 1697 1517; x_wconf 75' lang='grc' dir='ltr'><strong>1111111Ε1111111,</strong></span> <span class='ocrx_word' id='word_1_130' title='bbox 1722 1464 1824 1523; x_wconf 77' lang='grc'><strong>1111111</strong></span> <span class='ocrx_word' id='word_1_131' title='bbox 1840 1452 1893 1508; x_wconf 67' lang='lat' dir='ltr'><strong>Re·</strong></span> 
     </span>
     <span class='ocr_line' id='line_1_11' title="bbox 222 1534 1894 1615; baseline -0.001 -15"><span class='ocrx_word' id='word_1_132' title='bbox 222 1563 320 1606; x_wconf 88' lang='lat' dir='ltr'><strong>nem</strong></span> <span class='ocrx_word' id='word_1_133' title='bbox 335 1546 417 1611; x_wconf 85' lang='lat' dir='ltr'><strong>illius,</strong></span> <span class='ocrx_word' id='word_1_134' title='bbox 429 1546 500 1602; x_wconf 89' lang='lat' dir='ltr'><strong>sacri</strong></span> <span class='ocrx_word' id='word_1_135' title='bbox 515 1545 614 1615; x_wconf 90' lang='lat' dir='ltr'><strong>eloquii</strong></span> <span class='ocrx_word' id='word_1_136' title='bbox 626 1545 731 1615; x_wconf 78' lang='lat' dir='ltr'><strong>paginae</strong></span> <span class='ocrx_word' id='word_1_137' title='bbox 744 1544 900 1614; x_wconf 90' lang='lat' dir='ltr'><strong>lequuntur,</strong></span> <span class='ocrx_word' id='word_1_138' title='bbox 912 1560 972 1615; x_wconf 80' lang='lat' dir='ltr'><strong>quac</strong></span> <span class='ocrx_word' id='word_1_139' title='bbox 984 1546 1048 1615; x_wconf 78' lang='lat' dir='ltr'><strong>quia</strong></span> <span class='ocrx_word' id='word_1_140' title='bbox 1099 1534 1265 1606; x_wconf 88' lang='lat' dir='ltr'><strong>demptorem</strong></span> <span class='ocrx_word' id='word_1_141' title='bbox 1283 1552 1360 1590; x_wconf 89' lang='lat' dir='ltr'><strong>sunm</strong></span> <span class='ocrx_word' id='word_1_142' title='bbox 1382 1539 1508 1594; x_wconf 91' lang='lat' dir='ltr'><strong>subtilius</strong></span> <span class='ocrx_word' id='word_1_143' title='bbox 1524 1543 1656 1611; x_wconf 91' lang='lat' dir='ltr'><strong>agnoscit,</strong></span> <span class='ocrx_word' id='word_1_144' title='bbox 1679 1551 1755 1599; x_wconf 91' lang='lat' dir='ltr'><strong>tanto</strong></span> <span class='ocrx_word' id='word_1_145' title='bbox 1776 1543 1894 1599; x_wconf 83' lang='lat' dir='ltr'><strong>carnalis</strong></span> 
     </span>
     <span class='ocr_line' id='line_1_12' title="bbox 227 1627 1893 1708; baseline -0.001 -15"><span class='ocrx_word' id='word_1_146' title='bbox 227 1638 328 1693; x_wconf 72' lang='lat' dir='ltr'><strong>racia</strong></span> <span class='ocrx_word' id='word_1_147' title='bbox 356 1637 549 1707; x_wconf 81' lang='lat' dir='ltr'><strong>eognovimus,</strong></span> <span class='ocrx_word' id='word_1_148' title='bbox 573 1636 629 1705; x_wconf 85' lang='lat' dir='ltr'><strong>jam</strong></span> <span class='ocrx_word' id='word_1_149' title='bbox 650 1650 722 1690; x_wconf 92' lang='lat' dir='ltr'><strong>nunc</strong></span> <span class='ocrx_word' id='word_1_150' title='bbox 744 1634 918 1706; x_wconf 87' lang='lat' dir='ltr'><strong>intelligimus</strong></span> <span class='ocrx_word' id='word_1_151' title='bbox 945 1635 1047 1690; x_wconf 78' lang='lat' dir='ltr'><strong>andita,</strong></span> <span class='ocrx_word' id='word_1_152' title='bbox 1099 1627 1161 1682; x_wconf 76' lang='lat' dir='ltr'><strong>vite</strong></span> <span class='ocrx_word' id='word_1_153' title='bbox 1186 1629 1274 1682; x_wconf 85' lang='lat' dir='ltr'><strong>studia</strong></span> <span class='ocrx_word' id='word_1_154' title='bbox 1301 1629 1552 1697; x_wconf 82' lang='lat' dir='ltr'><strong>trnrmlinsdeseric,</strong></span> <span class='ocrx_word' id='word_1_155' title='bbox 1581 1642 1662 1703; x_wconf 86' lang='lat' dir='ltr'><strong>atque</strong></span> <span class='ocrx_word' id='word_1_156' title='bbox 1690 1635 1718 1689; x_wconf 93' lang='lat' dir='ltr'><strong>in</strong></span> <span class='ocrx_word' id='word_1_157' title='bbox 1747 1637 1893 1708; x_wconf 85' lang='lat' dir='ltr'><strong>semetipsa</strong></span> 
     </span>
     <span class='ocr_line' id='line_1_13' title="bbox 228 1716 1894 1798; baseline -0.002 -13"><span class='ocrx_word' id='word_1_158' title='bbox 228 1729 323 1785; x_wconf 76' lang='lat' dir='ltr'><strong>Haec</strong></span> <span class='ocrx_word' id='word_1_159' title='bbox 344 1735 436 1783; x_wconf 85' lang='lat' dir='ltr'><strong>auteur</strong></span> <span class='ocrx_word' id='word_1_160' title='bbox 461 1727 536 1798; x_wconf 88' lang='lat' dir='ltr'><strong>prius</strong></span> <span class='ocrx_word' id='word_1_161' title='bbox 562 1725 614 1795; x_wconf 91' lang='lat' dir='ltr'><strong>legi</strong></span> <span class='ocrx_word' id='word_1_162' title='bbox 634 1732 775 1795; x_wconf 90' lang='lat' dir='ltr'><strong>poterant;</strong></span> <span class='ocrx_word' id='word_1_163' title='bbox 792 1725 838 1780; x_wconf 92' lang='lat' dir='ltr'><strong>sed</strong></span> <span class='ocrx_word' id='word_1_164' title='bbox 857 1725 919 1794; x_wconf 87' lang='lat' dir='ltr'><strong>qnia</strong></span> <span class='ocrx_word' id='word_1_165' title='bbox 935 1725 1049 1780; x_wconf 79' lang='lat' dir='ltr'><strong>necdum</strong></span> <span class='ocrx_word' id='word_1_166' title='bbox 1100 1716 1250 1773; x_wconf 86' lang='lat' dir='ltr'><strong>tortitudini</strong></span> <span class='ocrx_word' id='word_1_167' title='bbox 1274 1720 1377 1775; x_wconf 84' lang='lat' dir='ltr'><strong>vitiose</strong></span> <span class='ocrx_word' id='word_1_168' title='bbox 1397 1722 1568 1778; x_wconf 86' lang='lat' dir='ltr'><strong>contradicit.</strong></span> <span class='ocrx_word' id='word_1_169' title='bbox 1588 1722 1672 1795; x_wconf 91' lang='lat' dir='ltr'><strong>lgitur</strong></span> <span class='ocrx_word' id='word_1_170' title='bbox 1685 1724 1761 1779; x_wconf 87' lang='lat' dir='ltr'><strong>laaac</strong></span> <span class='ocrx_word' id='word_1_171' title='bbox 1774 1726 1832 1782; x_wconf 83' lang='lat' dir='ltr'><strong>viso</strong></span> <span class='ocrx_word' id='word_1_172' title='bbox 1846 1729 1894 1782; x_wconf 86' lang='lat' dir='ltr'><strong>de-</strong></span> 
     </span>
     <span class='ocr_line' id='line_1_14' title="bbox 224 1810 1896 1892; baseline 0.006 -24"><span class='ocrx_word' id='word_1_173' title='bbox 224 1827 401 1881; x_wconf 67' lang='lat' dir='ltr'><strong>venerant,</strong></span> <span class='ocrx_word' id='word_1_174' title='bbox 418 1815 530 1885; x_wconf 86' lang='lat' dir='ltr'><strong>intelligi</strong></span> <span class='ocrx_word' id='word_1_175' title='bbox 545 1829 599 1869; x_wconf 90' lang='lat' dir='ltr'><strong>non</strong></span> <span class='ocrx_word' id='word_1_176' title='bbox 612 1813 746 1868; x_wconf 84' lang='lat' dir='ltr'><strong>valebant.</strong></span> <span class='ocrx_word' id='word_1_177' title='bbox 767 1814 844 1869; x_wconf 90' lang='lat' dir='ltr'><strong>Unde</strong></span> <span class='ocrx_word' id='word_1_178' title='bbox 861 1822 888 1869; x_wconf 92' lang='lat' dir='ltr'><strong>et</strong></span> <span class='ocrx_word' id='word_1_179' title='bbox 908 1830 956 1884; x_wconf 91' lang='lat' dir='ltr'><strong>per</strong></span> <span class='ocrx_word' id='word_1_180' title='bbox 968 1813 1050 1870; x_wconf 88' lang='lat' dir='ltr'><strong>loan-</strong></span> <span class='ocrx_word' id='word_1_181' title='bbox 1101 1810 1215 1876; x_wconf 79' lang='lat' dir='ltr'><strong>asendit,</strong></span> <span class='ocrx_word' id='word_1_182' title='bbox 1232 1813 1305 1882; x_wconf 91' lang='lat' dir='ltr'><strong>quia,</strong></span> <span class='ocrx_word' id='word_1_183' title='bbox 1319 1813 1432 1870; x_wconf 86' lang='lat' dir='ltr'><strong>Domino</strong></span> <span class='ocrx_word' id='word_1_184' title='bbox 1446 1817 1563 1886; x_wconf 87' lang='lat' dir='ltr'><strong>cognito,</strong></span> <span class='ocrx_word' id='word_1_185' title='bbox 1578 1819 1649 1872; x_wconf 82' lang='lat' dir='ltr'><strong>uiam</strong></span> <span class='ocrx_word' id='word_1_186' title='bbox 1664 1832 1740 1873; x_wconf 91' lang='lat' dir='ltr'><strong>suam</strong></span> <span class='ocrx_word' id='word_1_187' title='bbox 1759 1822 1896 1892; x_wconf 69' lang='lat' dir='ltr'><strong>gentilitas</strong></span> 
     </span>
     <span class='ocr_line' id='line_1_15' title="bbox 230 1900 1895 1975; baseline 0.005 -15"><span class='ocrx_word' id='word_1_188' title='bbox 230 1923 323 1962; x_wconf 88' lang='lat' dir='ltr'><strong>nem</strong></span> <span class='ocrx_word' id='word_1_189' title='bbox 336 1906 436 1962; x_wconf 88' lang='lat' dir='ltr'><strong>dicitur</strong></span> <span class='ocrx_word' id='word_1_190' title='bbox 450 1922 457 1958; x_wconf 76' lang='grc' dir='ltr'><em>τ</em></span> <span class='ocrx_word' id='word_1_191' title='bbox 473 1902 541 1958; x_wconf 86' lang='lat' dir='ltr'><strong>l&#39;icit</strong></span> <span class='ocrx_word' id='word_1_192' title='bbox 554 1903 594 1957; x_wconf 87' lang='lat' dir='ltr'><strong>leo</strong></span> <span class='ocrx_word' id='word_1_193' title='bbox 610 1903 722 1957; x_wconf 84' lang='lat' dir='ltr'><strong>detribu</strong></span> <span class='ocrx_word' id='word_1_194' title='bbox 735 1902 825 1968; x_wconf 79' lang='lat' dir='ltr'><strong>lado,</strong></span> <span class='ocrx_word' id='word_1_195' title='bbox 839 1905 940 1975; x_wconf 83' lang='lat' dir='ltr'><strong>aperire</strong></span> <span class='ocrx_word' id='word_1_196' title='bbox 955 1904 1050 1960; x_wconf 81' lang='lat' dir='ltr'><strong>librum</strong></span> <span class='ocrx_word' id='word_1_197' title='bbox 1101 1900 1229 1968; x_wconf 87' lang='lat' dir='ltr'><strong>descruit,</strong></span> <span class='ocrx_word' id='word_1_198' title='bbox 1248 1910 1277 1958; x_wconf 91' lang='lat' dir='ltr'><strong>ct</strong></span> <span class='ocrx_word' id='word_1_199' title='bbox 1289 1904 1323 1959; x_wconf 93' lang='lat' dir='ltr'><strong>ab</strong></span> <span class='ocrx_word' id='word_1_200' title='bbox 1335 1904 1451 1961; x_wconf 86' lang='lat' dir='ltr'><strong>clatione</strong></span> <span class='ocrx_word' id='word_1_201' title='bbox 1470 1906 1638 1966; x_wconf 89' lang='lat' dir='ltr'><strong>celsitudinis</strong></span> <span class='ocrx_word' id='word_1_202' title='bbox 1658 1910 1712 1966; x_wconf 93' lang='lat' dir='ltr'><strong>ima</strong></span> <span class='ocrx_word' id='word_1_203' title='bbox 1734 1912 1895 1969; x_wconf 86' lang='lat' dir='ltr'><strong>humilitatis</strong></span> 
     </span>
     <span class='ocr_line' id='line_1_16' title="bbox 231 1993 1894 2069; baseline 0.008 -20"><span class='ocrx_word' id='word_1_204' title='bbox 231 2009 288 2050; x_wconf 78' lang='lat' dir='ltr'><strong>et</strong></span> <span class='ocrx_word' id='word_1_205' title='bbox 297 1996 394 2051; x_wconf 69' lang='lat' dir='ltr'><strong>mirem</strong></span> <span class='ocrx_word' id='word_1_206' title='bbox 406 2004 502 2065; x_wconf 75' lang='lat' dir='ltr'><strong>septem</strong></span> <span class='ocrx_word' id='word_1_207' title='bbox 514 1993 651 2064; x_wconf 79' lang='lat' dir='ltr'><strong>signaculo</strong></span> <span class='ocrx_word' id='word_1_208' title='bbox 665 1993 723 2064; x_wconf 75' lang='lat' dir='ltr'><strong>eiua</strong></span> <span class='ocrx_word' id='word_1_209' title='bbox 735 1994 744 2065; x_wconf 94' lang='grc'><strong>(</strong></span> <span class='ocrx_word' id='word_1_210' title='bbox 755 1993 835 2064; x_wconf 66' lang='lat' dir='ltr'><strong>apoc.</strong></span> <span class='ocrx_word' id='word_1_211' title='bbox 851 1994 889 2064; x_wconf 84' lang='grc' dir='ltr'><strong>ι).</strong></span> <span class='ocrx_word' id='word_1_212' title='bbox 904 1995 963 2066; x_wconf 90' lang='lat' dir='ltr'><strong>lpse</strong></span> <span class='ocrx_word' id='word_1_213' title='bbox 975 1997 1047 2051; x_wconf 90' lang='lat' dir='ltr'><strong>enirn</strong></span> <span class='ocrx_word' id='word_1_214' title='bbox 1101 1996 1189 2066; x_wconf 91' lang='lat' dir='ltr'><strong>petiit.</strong></span> <span class='ocrx_word' id='word_1_215' title='bbox 1203 1996 1272 2064; x_wconf 86' lang='lat' dir='ltr'><strong>Quid</strong></span> <span class='ocrx_word' id='word_1_216' title='bbox 1285 2006 1326 2053; x_wconf 90' lang='lat' dir='ltr'><strong>est</strong></span> <span class='ocrx_word' id='word_1_217' title='bbox 1347 2007 1435 2054; x_wconf 90' lang='lat' dir='ltr'><strong>autem</strong></span> <span class='ocrx_word' id='word_1_218' title='bbox 1456 2001 1527 2069; x_wconf 89' lang='lat' dir='ltr'><strong>quod</strong></span> <span class='ocrx_word' id='word_1_219' title='bbox 1548 2001 1622 2057; x_wconf 89' lang='lat' dir='ltr'><strong>isaac</strong></span> <span class='ocrx_word' id='word_1_220' title='bbox 1638 2005 1664 2058; x_wconf 91' lang='lat' dir='ltr'><strong>in</strong></span> <span class='ocrx_word' id='word_1_221' title='bbox 1677 2005 1781 2060; x_wconf 90' lang='lat' dir='ltr'><strong>camelo</strong></span> <span class='ocrx_word' id='word_1_222' title='bbox 1795 2008 1894 2063; x_wconf 81' lang='lat' dir='ltr'><strong>sedeas</strong></span> 
     </span>
     <span class='ocr_line' id='line_1_17' title="bbox 232 2073 1896 2165; baseline 0.011 -30"><span class='ocrx_word' id='word_1_223' title='bbox 232 2082 258 2135; x_wconf 81' lang='grc' dir='ltr'>Ι</span> <span class='ocrx_word' id='word_1_224' title='bbox 267 2086 361 2141; x_wconf 80' lang='lat' dir='ltr'><strong>ibrum</strong></span> <span class='ocrx_word' id='word_1_225' title='bbox 373 2085 478 2155; x_wconf 86' lang='lat' dir='ltr'><strong>aperuit</strong></span> <span class='ocrx_word' id='word_1_226' title='bbox 490 2092 517 2139; x_wconf 93' lang='lat' dir='ltr'><strong>et</strong></span> <span class='ocrx_word' id='word_1_227' title='bbox 528 2083 665 2155; x_wconf 89' lang='lat' dir='ltr'><strong>signacula</strong></span> <span class='ocrx_word' id='word_1_228' title='bbox 678 2083 737 2153; x_wconf 87' lang='lat' dir='ltr'><strong>ejus</strong></span> <span class='ocrx_word' id='word_1_229' title='bbox 748 2084 837 2151; x_wconf 79' lang='lat' dir='ltr'><strong>solvit,</strong></span> <span class='ocrx_word' id='word_1_230' title='bbox 849 2087 894 2155; x_wconf 91' lang='lat' dir='ltr'><strong>qui</strong></span> <span class='ocrx_word' id='word_1_231' title='bbox 905 2089 1050 2155; x_wconf 89' lang='lat' dir='ltr'><strong>nascendo,</strong></span> <span class='ocrx_word' id='word_1_232' title='bbox 1067 2073 1091 2133; x_wconf 82' lang='grc' dir='ltr'>Β</span> <span class='ocrx_word' id='word_1_233' title='bbox 1105 2087 1228 2143; x_wconf 80' lang='lat' dir='ltr'><strong>Rebecca</strong></span> <span class='ocrx_word' id='word_1_234' title='bbox 1250 2090 1398 2159; x_wconf 84' lang='lat' dir='ltr'><strong>conspexit,</strong></span> <span class='ocrx_word' id='word_1_235' title='bbox 1427 2091 1477 2144; x_wconf 92' lang='lat' dir='ltr'><strong>nisi</strong></span> <span class='ocrx_word' id='word_1_236' title='bbox 1497 2092 1567 2161; x_wconf 90' lang='lat' dir='ltr'><strong>quod</strong></span> <span class='ocrx_word' id='word_1_237' title='bbox 1583 2093 1791 2165; x_wconf 88' lang='lat' dir='ltr'><strong>Redemptorem</strong></span> <span class='ocrx_word' id='word_1_238' title='bbox 1815 2112 1896 2155; x_wconf 86' lang='lat' dir='ltr'><strong>suum</strong></span> 
     </span>
     <span class='ocr_line' id='line_1_18' title="bbox 233 2176 1896 2251; baseline 0.008 -18"><span class='ocrx_word' id='word_1_239' title='bbox 233 2178 413 2244; x_wconf 74' lang='lat' dir='ltr'><strong>moriendo,</strong></span> <span class='ocrx_word' id='word_1_240' title='bbox 437 2176 603 2248; x_wconf 86' lang='lat' dir='ltr'><strong>resurgendo</strong></span> <span class='ocrx_word' id='word_1_241' title='bbox 621 2184 702 2247; x_wconf 93' lang='lat' dir='ltr'><strong>atque</strong></span> <span class='ocrx_word' id='word_1_242' title='bbox 720 2178 755 2232; x_wconf 92' lang='lat' dir='ltr'><strong>ad</strong></span> <span class='ocrx_word' id='word_1_243' title='bbox 772 2176 855 2232; x_wconf 88' lang='lat' dir='ltr'><strong>coelos</strong></span> <span class='ocrx_word' id='word_1_244' title='bbox 872 2178 1050 2248; x_wconf 88' lang='lat' dir='ltr'><strong>ascendendo,</strong></span> <span class='ocrx_word' id='word_1_245' title='bbox 1103 2178 1224 2234; x_wconf 85' lang='lat' dir='ltr'><strong>Ecclesia</strong></span> <span class='ocrx_word' id='word_1_246' title='bbox 1243 2196 1275 2235; x_wconf 84' lang='lat' dir='ltr'><strong>cx</strong></span> <span class='ocrx_word' id='word_1_247' title='bbox 1296 2180 1420 2251; x_wconf 88' lang='lat' dir='ltr'><strong>gentibus</strong></span> <span class='ocrx_word' id='word_1_248' title='bbox 1438 2185 1560 2249; x_wconf 86' lang='lat' dir='ltr'><strong>veniens,</strong></span> <span class='ocrx_word' id='word_1_249' title='bbox 1578 2184 1642 2239; x_wconf 91' lang='lat' dir='ltr'><strong>dum</strong></span> <span class='ocrx_word' id='word_1_250' title='bbox 1664 2187 1752 2243; x_wconf 89' lang='lat' dir='ltr'><strong>adbuc</strong></span> <span class='ocrx_word' id='word_1_251' title='bbox 1764 2189 1837 2244; x_wconf 88' lang='lat' dir='ltr'><strong>vitiis</strong></span> <span class='ocrx_word' id='word_1_252' title='bbox 1850 2205 1896 2246; x_wconf 90' lang='lat' dir='ltr'><strong>es·</strong></span> 
     </span>
     <span class='ocr_line' id='line_1_19' title="bbox 237 2266 1898 2345; baseline 0.007 -19"><span class='ocrx_word' id='word_1_253' title='bbox 237 2266 411 2342; x_wconf 75' lang='lat' dir='ltr'><strong>Scriptum</strong></span> <span class='ocrx_word' id='word_1_254' title='bbox 431 2283 518 2325; x_wconf 76' lang='lat' dir='ltr'><strong>sacrae</strong></span> <span class='ocrx_word' id='word_1_255' title='bbox 537 2268 615 2323; x_wconf 90' lang='lat' dir='ltr'><strong>nobis</strong></span> <span class='ocrx_word' id='word_1_256' title='bbox 627 2282 727 2323; x_wconf 89' lang='lat' dir='ltr'><strong>arcana</strong></span> <span class='ocrx_word' id='word_1_257' title='bbox 745 2268 881 2338; x_wconf 77' lang='lat' dir='ltr'><strong>patefecit.</strong></span> <span class='ocrx_word' id='word_1_258' title='bbox 905 2269 940 2324; x_wconf 92' lang='lat' dir='ltr'><strong>Et</strong></span> <span class='ocrx_word' id='word_1_259' title='bbox 954 2278 1052 2325; x_wconf 88' lang='lat' dir='ltr'><strong>notan·</strong></span> <span class='ocrx_word' id='word_1_260' title='bbox 1103 2280 1145 2325; x_wconf 89' lang='lat' dir='ltr'><strong>set</strong></span> <span class='ocrx_word' id='word_1_261' title='bbox 1159 2272 1261 2338; x_wconf 82' lang='lat' dir='ltr'><strong>innita,</strong></span> <span class='ocrx_word' id='word_1_262' title='bbox 1280 2280 1308 2328; x_wconf 92' lang='lat' dir='ltr'><strong>et</strong></span> <span class='ocrx_word' id='word_1_263' title='bbox 1320 2276 1434 2329; x_wconf 90' lang='lat' dir='ltr'><strong>necdum</strong></span> <span class='ocrx_word' id='word_1_264' title='bbox 1449 2274 1650 2345; x_wconf 84' lang='lat' dir='ltr'><strong>spiritualibus,</strong></span> <span class='ocrx_word' id='word_1_265' title='bbox 1675 2279 1722 2334; x_wconf 88' lang='lat' dir='ltr'><strong>sed</strong></span> <span class='ocrx_word' id='word_1_266' title='bbox 1734 2280 1898 2339; x_wconf 83' lang='lat' dir='ltr'><strong>animalibus</strong></span> 
     </span>
     <span class='ocr_line' id='line_1_20' title="bbox 225 2359 1899 2434; baseline 0.005 -15"><span class='ocrx_word' id='word_1_267' title='bbox 225 2363 327 2419; x_wconf 77' lang='lat' dir='ltr'><strong>dun</strong></span> <span class='ocrx_word' id='word_1_268' title='bbox 348 2361 421 2434; x_wconf 89' lang='lat' dir='ltr'><strong>qued</strong></span> <span class='ocrx_word' id='word_1_269' title='bbox 440 2375 495 2417; x_wconf 90' lang='lat' dir='ltr'><strong>nou</strong></span> <span class='ocrx_word' id='word_1_270' title='bbox 516 2360 635 2416; x_wconf 89' lang='lat' dir='ltr'><strong>dicitur:</strong></span> <span class='ocrx_word' id='word_1_271' title='bbox 651 2359 814 2415; x_wconf 64' lang='lat' dir='ltr'><strong>ambulabat</strong></span> <span class='ocrx_word' id='word_1_272' title='bbox 832 2374 881 2430; x_wconf 90' lang='lat' dir='ltr'><strong>per</strong></span> <span class='ocrx_word' id='word_1_273' title='bbox 898 2361 970 2415; x_wconf 80' lang='lat' dir='ltr'><strong>uiam</strong></span> <span class='ocrx_word' id='word_1_274' title='bbox 993 2376 1053 2430; x_wconf 89' lang='lat' dir='ltr'><strong>quae</strong></span> <span class='ocrx_word' id='word_1_275' title='bbox 1103 2360 1220 2415; x_wconf 79' lang='lat' dir='ltr'><strong>auctibus</strong></span> <span class='ocrx_word' id='word_1_276' title='bbox 1245 2361 1399 2426; x_wconf 85' lang='lat' dir='ltr'><strong>inhaereret,</strong></span> <span class='ocrx_word' id='word_1_277' title='bbox 1426 2365 1586 2434; x_wconf 83' lang='lat' dir='ltr'><strong>conspexit?</strong></span> <span class='ocrx_word' id='word_1_278' title='bbox 1608 2364 1663 2422; x_wconf 89' lang='lat' dir='ltr'><strong>Nec</strong></span> <span class='ocrx_word' id='word_1_279' title='bbox 1688 2382 1796 2425; x_wconf 82' lang='lat' dir='ltr'><strong>movere</strong></span> <span class='ocrx_word' id='word_1_280' title='bbox 1817 2367 1899 2428; x_wconf 88' lang='lat' dir='ltr'><strong>debet</strong></span> 
     </span>
     <span class='ocr_line' id='line_1_21' title="bbox 235 2450 1898 2530; baseline 0.008 -26"><span class='ocrx_word' id='word_1_281' title='bbox 235 2456 338 2511; x_wconf 68' lang='lat' dir='ltr'><strong>«lucit</strong></span> <span class='ocrx_word' id='word_1_282' title='bbox 366 2455 400 2509; x_wconf 91' lang='lat' dir='ltr'><strong>ad</strong></span> <span class='ocrx_word' id='word_1_283' title='bbox 426 2461 557 2524; x_wconf 91' lang='lat' dir='ltr'><strong>puteum,</strong></span> <span class='ocrx_word' id='word_1_284' title='bbox 595 2452 642 2507; x_wconf 89' lang='lat' dir='ltr'><strong>sed</strong></span> <span class='ocrx_word' id='word_1_285' title='bbox 670 2451 864 2507; x_wconf 79' lang='lat' dir='ltr'><strong>deoanbnlolat.</strong></span> <span class='ocrx_word' id='word_1_286' title='bbox 894 2453 1053 2509; x_wconf 86' lang='lat' dir='ltr'><strong>Deambulat</strong></span> <span class='ocrx_word' id='word_1_287' title='bbox 1103 2450 1176 2520; x_wconf 94' lang='lat' dir='ltr'><strong>quod</strong></span> <span class='ocrx_word' id='word_1_288' title='bbox 1191 2466 1258 2520; x_wconf 92' lang='lat' dir='ltr'><strong>puer</strong></span> <span class='ocrx_word' id='word_1_289' title='bbox 1274 2467 1381 2522; x_wconf 90' lang='lat' dir='ltr'><strong>quoque</strong></span> <span class='ocrx_word' id='word_1_290' title='bbox 1403 2468 1465 2507; x_wconf 89' lang='lat' dir='ltr'><strong>cum</strong></span> <span class='ocrx_word' id='word_1_291' title='bbox 1485 2455 1596 2510; x_wconf 90' lang='lat' dir='ltr'><strong>camelis</strong></span> <span class='ocrx_word' id='word_1_292' title='bbox 1619 2466 1731 2511; x_wconf 84' lang='lat' dir='ltr'><strong>venerat</strong></span> <span class='ocrx_word' id='word_1_293' title='bbox 1751 2459 1779 2513; x_wconf 91' lang='lat' dir='ltr'><strong>iu</strong></span> <span class='ocrx_word' id='word_1_294' title='bbox 1800 2460 1898 2530; x_wconf 80' lang='lat' dir='ltr'><strong>quibus</strong></span> 
     </span>
     <span class='ocr_line' id='line_1_22' title="bbox 236 2545 1898 2630; baseline 0.007 -30"><span class='ocrx_word' id='word_1_295' title='bbox 236 2548 361 2618; x_wconf 85' lang='lat' dir='ltr'><strong>quippe</strong></span> <span class='ocrx_word' id='word_1_296' title='bbox 383 2546 518 2617; x_wconf 75' lang='lat' dir='ltr'><strong>quitiam</strong></span> <span class='ocrx_word' id='word_1_297' title='bbox 540 2558 684 2616; x_wconf 89' lang='lat' dir='ltr'><strong>perquam</strong></span> <span class='ocrx_word' id='word_1_298' title='bbox 706 2545 827 2599; x_wconf 86' lang='lat' dir='ltr'><strong>ambulat</strong></span> <span class='ocrx_word' id='word_1_299' title='bbox 842 2545 931 2600; x_wconf 93' lang='lat' dir='ltr'><strong>eundo</strong></span> <span class='ocrx_word' id='word_1_300' title='bbox 951 2554 979 2600; x_wconf 91' lang='lat' dir='ltr'><strong>ct</strong></span> <span class='ocrx_word' id='word_1_301' title='bbox 994 2545 1054 2599; x_wconf 88' lang='lat' dir='ltr'><strong>red·</strong></span> <span class='ocrx_word' id='word_1_302' title='bbox 1104 2547 1145 2602; x_wconf 91' lang='lat' dir='ltr'><strong>sui</strong></span> <span class='ocrx_word' id='word_1_303' title='bbox 1159 2548 1260 2603; x_wconf 89' lang='lat' dir='ltr'><strong>domini</strong></span> <span class='ocrx_word' id='word_1_304' title='bbox 1275 2550 1382 2605; x_wconf 83' lang='lat' dir='ltr'><strong>diritius</strong></span> <span class='ocrx_word' id='word_1_305' title='bbox 1397 2550 1511 2618; x_wconf 83' lang='lat' dir='ltr'><strong>serebat,</strong></span> <span class='ocrx_word' id='word_1_306' title='bbox 1525 2553 1587 2621; x_wconf 95' lang='lat' dir='ltr'><strong>quia</strong></span> <span class='ocrx_word' id='word_1_307' title='bbox 1607 2554 1657 2624; x_wconf 91' lang='lat' dir='ltr'><strong>ipsi</strong></span> <span class='ocrx_word' id='word_1_308' title='bbox 1673 2570 1778 2624; x_wconf 93' lang='lat' dir='ltr'><strong>quoque</strong></span> <span class='ocrx_word' id='word_1_309' title='bbox 1800 2557 1898 2630; x_wconf 65' lang='lat' dir='ltr'><strong>pradi-</strong></span> 
     </span>
     <span class='ocr_line' id='line_1_23' title="bbox 234 2635 1897 2714; baseline 0.005 -22"><span class='ocrx_word' id='word_1_310' title='bbox 234 2639 351 2693; x_wconf 67' lang='lat' dir='ltr'><strong>eundo</strong></span> <span class='ocrx_word' id='word_1_311' title='bbox 371 2636 574 2693; x_wconf 75' lang='lat' dir='ltr'><strong>conculcatio</strong></span> <span class='ocrx_word' id='word_1_312' title='bbox 597 2635 749 2691; x_wconf 90' lang='lat' dir='ltr'><strong>humilitate</strong></span> <span class='ocrx_word' id='word_1_313' title='bbox 771 2637 905 2707; x_wconf 89' lang='lat' dir='ltr'><strong>passionis</strong></span> <span class='ocrx_word' id='word_1_314' title='bbox 924 2637 1054 2692; x_wconf 84' lang='lat' dir='ltr'><strong>liomiuus</strong></span> <span class='ocrx_word' id='word_1_315' title='bbox 1104 2644 1211 2692; x_wconf 89' lang='lat' dir='ltr'><strong>catores</strong></span> <span class='ocrx_word' id='word_1_316' title='bbox 1226 2639 1323 2702; x_wconf 88' lang='lat' dir='ltr'><strong>sancti,</strong></span> <span class='ocrx_word' id='word_1_317' title='bbox 1351 2641 1473 2709; x_wconf 78' lang='lat' dir='ltr'><strong>quamvis</strong></span> <span class='ocrx_word' id='word_1_318' title='bbox 1492 2641 1549 2709; x_wconf 83' lang='lat' dir='ltr'><strong>jam</strong></span> <span class='ocrx_word' id='word_1_319' title='bbox 1576 2644 1610 2698; x_wconf 88' lang='lat' dir='ltr'><strong>ad</strong></span> <span class='ocrx_word' id='word_1_320' title='bbox 1632 2646 1772 2714; x_wconf 89' lang='lat' dir='ltr'><strong>superiora</strong></span> <span class='ocrx_word' id='word_1_321' title='bbox 1799 2647 1897 2702; x_wconf 90' lang='lat' dir='ltr'><strong>intelli·</strong></span> 
     </span>
     <span class='ocr_line' id='line_1_24' title="bbox 238 2726 1898 2799; baseline 0.008 -19"><span class='ocrx_word' id='word_1_322' title='bbox 238 2726 457 2793; x_wconf 72' lang='lat' dir='ltr'><strong>«deambulavit,</strong></span> <span class='ocrx_word' id='word_1_323' title='bbox 481 2726 543 2797; x_wconf 93' lang='lat' dir='ltr'><strong>quia</strong></span> <span class='ocrx_word' id='word_1_324' title='bbox 563 2728 643 2783; x_wconf 92' lang='lat' dir='ltr'><strong>modo</strong></span> <span class='ocrx_word' id='word_1_325' title='bbox 657 2744 671 2781; x_wconf 89' lang='lat' dir='ltr'><strong>a</strong></span> <span class='ocrx_word' id='word_1_326' title='bbox 686 2726 785 2784; x_wconf 79' lang='lat' dir='ltr'><strong>lardaeis</strong></span> <span class='ocrx_word' id='word_1_327' title='bbox 799 2729 943 2784; x_wconf 86' lang='lat' dir='ltr'><strong>uerborum</strong></span> <span class='ocrx_word' id='word_1_328' title='bbox 959 2737 1054 2783; x_wconf 89' lang='lat' dir='ltr'><strong>conta·</strong></span> <span class='ocrx_word' id='word_1_329' title='bbox 1104 2728 1190 2798; x_wconf 88' lang='lat' dir='ltr'><strong>gemla</strong></span> <span class='ocrx_word' id='word_1_330' title='bbox 1212 2736 1293 2798; x_wconf 91' lang='lat' dir='ltr'><strong>atque</strong></span> <span class='ocrx_word' id='word_1_331' title='bbox 1314 2730 1485 2799; x_wconf 85' lang='lat' dir='ltr'><strong>proterenda,</strong></span> <span class='ocrx_word' id='word_1_332' title='bbox 1508 2743 1535 2788; x_wconf 91' lang='lat' dir='ltr'><strong>et</strong></span> <span class='ocrx_word' id='word_1_333' title='bbox 1553 2733 1687 2791; x_wconf 88' lang='lat' dir='ltr'><strong>intellectu</strong></span> <span class='ocrx_word' id='word_1_334' title='bbox 1713 2746 1740 2791; x_wconf 94' lang='lat' dir='ltr'><strong>et</strong></span> <span class='ocrx_word' id='word_1_335' title='bbox 1753 2737 1808 2792; x_wconf 82' lang='lat' dir='ltr'><strong>vita</strong></span> <span class='ocrx_word' id='word_1_336' title='bbox 1830 2739 1898 2795; x_wconf 90' lang='lat' dir='ltr'><strong>emi·</strong></span> 
     </span>
     <span class='ocr_line' id='line_1_25' title="bbox 244 2820 1896 2894; baseline 0.011 -26"><span class='ocrx_word' id='word_1_337' title='bbox 244 2820 370 2886; x_wconf 67' lang='lat' dir='ltr'><strong>nostias,</strong></span> <span class='ocrx_word' id='word_1_338' title='bbox 387 2820 467 2876; x_wconf 80' lang='lat' dir='ltr'><strong>modo</strong></span> <span class='ocrx_word' id='word_1_339' title='bbox 481 2829 575 2876; x_wconf 77' lang='lat' dir='ltr'><strong>contra</strong></span> <span class='ocrx_word' id='word_1_340' title='bbox 589 2835 619 2877; x_wconf 80' lang='lat' dir='ltr'><strong>se</strong></span> <span class='ocrx_word' id='word_1_341' title='bbox 636 2821 734 2877; x_wconf 83' lang='lat' dir='ltr'><strong>ialsnrn</strong></span> <span class='ocrx_word' id='word_1_342' title='bbox 752 2823 952 2889; x_wconf 74' lang='lat' dir='ltr'><strong>testimoninm,</strong></span> <span class='ocrx_word' id='word_1_343' title='bbox 976 2823 1055 2878; x_wconf 72' lang='lat' dir='ltr'><strong>niodo</strong></span> <span class='ocrx_word' id='word_1_344' title='bbox 1104 2826 1176 2884; x_wconf 88' lang='lat' dir='ltr'><strong>cent,</strong></span> <span class='ocrx_word' id='word_1_345' title='bbox 1205 2820 1293 2875; x_wconf 91' lang='lat' dir='ltr'><strong>adbuc</strong></span> <span class='ocrx_word' id='word_1_346' title='bbox 1305 2829 1405 2877; x_wconf 76' lang='lat' dir='ltr'><strong>‚tamen</strong></span> <span class='ocrx_word' id='word_1_347' title='bbox 1427 2822 1454 2876; x_wconf 92' lang='lat' dir='ltr'><strong>in</strong></span> <span class='ocrx_word' id='word_1_348' title='bbox 1480 2825 1631 2894; x_wconf 90' lang='lat' dir='ltr'><strong>semetipsis</strong></span> <span class='ocrx_word' id='word_1_349' title='bbox 1655 2826 1896 2886; x_wconf 85' lang='lat' dir='ltr'><strong>contradictionem</strong></span> 
     </span>
     <span class='ocr_line' id='line_1_26' title="bbox 244 2908 1898 2987; baseline 0.005 -22"><span class='ocrx_word' id='word_1_350' title='bbox 244 2913 365 2984; x_wconf 72' lang='lat' dir='ltr'><strong>alapas,</strong></span> <span class='ocrx_word' id='word_1_351' title='bbox 381 2912 463 2968; x_wconf 84' lang='lat' dir='ltr'><strong>modo</strong></span> <span class='ocrx_word' id='word_1_352' title='bbox 480 2921 568 2984; x_wconf 90' lang='lat' dir='ltr'><strong>sputa,</strong></span> <span class='ocrx_word' id='word_1_353' title='bbox 588 2914 669 2969; x_wconf 90' lang='lat' dir='ltr'><strong>modo</strong></span> <span class='ocrx_word' id='word_1_354' title='bbox 685 2929 805 2980; x_wconf 91' lang='lat' dir='ltr'><strong>crucem,</strong></span> <span class='ocrx_word' id='word_1_355' title='bbox 826 2915 906 2970; x_wconf 93' lang='lat' dir='ltr'><strong>modo</strong></span> <span class='ocrx_word' id='word_1_356' title='bbox 926 2928 1055 2969; x_wconf 90' lang='lat' dir='ltr'><strong>coronam</strong></span> <span class='ocrx_word' id='word_1_357' title='bbox 1105 2908 1195 2964; x_wconf 82' lang='lat' dir='ltr'><strong>carnis</strong></span> <span class='ocrx_word' id='word_1_358' title='bbox 1219 2910 1347 2965; x_wconf 89' lang='lat' dir='ltr'><strong>sentiunt.</strong></span> <span class='ocrx_word' id='word_1_359' title='bbox 1363 2909 1431 2965; x_wconf 91' lang='lat' dir='ltr'><strong>Nam</strong></span> <span class='ocrx_word' id='word_1_360' title='bbox 1454 2913 1547 2968; x_wconf 80' lang='lat' dir='ltr'><strong>rident</strong></span> <span class='ocrx_word' id='word_1_361' title='bbox 1566 2915 1644 2970; x_wconf 90' lang='lat' dir='ltr'><strong>aliam</strong></span> <span class='ocrx_word' id='word_1_362' title='bbox 1662 2915 1748 2987; x_wconf 90' lang='lat' dir='ltr'><strong>legem</strong></span> <span class='ocrx_word' id='word_1_363' title='bbox 1769 2918 1795 2973; x_wconf 95' lang='lat' dir='ltr'><strong>in</strong></span> <span class='ocrx_word' id='word_1_364' title='bbox 1812 2935 1898 2975; x_wconf 86' lang='lat' dir='ltr'><strong>mern·</strong></span> 
     </span>
     <span class='ocr_line' id='line_1_27' title="bbox 246 2998 1899 3080; baseline 0.004 -23"><span class='ocrx_word' id='word_1_365' title='bbox 246 3005 386 3073; x_wconf 65' lang='lat' dir='ltr'><strong>spineam</strong></span> <span class='ocrx_word' id='word_1_366' title='bbox 401 3002 541 3059; x_wconf 90' lang='lat' dir='ltr'><strong>tolerando</strong></span> <span class='ocrx_word' id='word_1_367' title='bbox 566 3004 704 3059; x_wconf 85' lang='lat' dir='ltr'><strong>sustinuit.</strong></span> <span class='ocrx_word' id='word_1_368' title='bbox 730 3004 921 3060; x_wconf 83' lang='lat' dir='ltr'><strong>beamlrulassc</strong></span> <span class='ocrx_word' id='word_1_369' title='bbox 943 3019 1008 3076; x_wconf 92' lang='lat' dir='ltr'><strong>ergo</strong></span> <span class='ocrx_word' id='word_1_370' title='bbox 1027 3005 1055 3058; x_wconf 91' lang='lat' dir='ltr'><strong>in</strong></span> <span class='ocrx_word' id='word_1_371' title='bbox 1104 2998 1162 3053; x_wconf 86' lang='lat' dir='ltr'><strong>bris</strong></span> <span class='ocrx_word' id='word_1_372' title='bbox 1175 2999 1232 3054; x_wconf 88' lang='lat' dir='ltr'><strong>suis</strong></span> <span class='ocrx_word' id='word_1_373' title='bbox 1252 3012 1446 3070; x_wconf 79' lang='lat' dir='ltr'><strong>repugnantem</strong></span> <span class='ocrx_word' id='word_1_374' title='bbox 1467 3003 1518 3074; x_wconf 90' lang='lat' dir='ltr'><strong>legi</strong></span> <span class='ocrx_word' id='word_1_375' title='bbox 1539 3006 1636 3061; x_wconf 87' lang='lat' dir='ltr'><strong>mentis</strong></span> <span class='ocrx_word' id='word_1_376' title='bbox 1651 3022 1716 3070; x_wconf 78' lang='lat' dir='ltr'><strong>suaa,</strong></span> <span class='ocrx_word' id='word_1_377' title='bbox 1732 3018 1758 3062; x_wconf 92' lang='lat' dir='ltr'><strong>et</strong></span> <span class='ocrx_word' id='word_1_378' title='bbox 1778 3010 1899 3080; x_wconf 87' lang='lat' dir='ltr'><strong>captivos</strong></span> 
     </span>
     <span class='ocr_line' id='line_1_28' title="bbox 248 3091 1898 3171; baseline 0.007 -27"><span class='ocrx_word' id='word_1_379' title='bbox 248 3096 419 3153; x_wconf 67' lang='lat' dir='ltr'><strong>hnmilitate</strong></span> <span class='ocrx_word' id='word_1_380' title='bbox 442 3097 574 3168; x_wconf 59' lang='lat' dir='ltr'><strong>passionis</strong></span> <span class='ocrx_word' id='word_1_381' title='bbox 595 3104 638 3153; x_wconf 74' lang='lat' dir='ltr'><strong>ssa</strong></span> <span class='ocrx_word' id='word_1_382' title='bbox 657 3105 697 3152; x_wconf 80' lang='lat' dir='ltr'><strong>tor</strong></span> <span class='ocrx_word' id='word_1_383' title='bbox 720 3098 897 3153; x_wconf 73' lang='lat' dir='ltr'><strong>adversitates</strong></span> <span class='ocrx_word' id='word_1_384' title='bbox 912 3105 940 3152; x_wconf 76' lang='lat' dir='ltr'><strong>st</strong></span> <span class='ocrx_word' id='word_1_385' title='bbox 957 3096 1056 3165; x_wconf 80' lang='lat' dir='ltr'><strong>probra</strong></span> <span class='ocrx_word' id='word_1_386' title='bbox 1107 3091 1281 3145; x_wconf 89' lang='lat' dir='ltr'><strong>seducentem</strong></span> <span class='ocrx_word' id='word_1_387' title='bbox 1295 3092 1322 3146; x_wconf 92' lang='lat' dir='ltr'><strong>ia</strong></span> <span class='ocrx_word' id='word_1_388' title='bbox 1335 3094 1393 3165; x_wconf 87' lang='lat' dir='ltr'><strong>lege</strong></span> <span class='ocrx_word' id='word_1_389' title='bbox 1416 3096 1518 3165; x_wconf 85' lang='lat' dir='ltr'><strong>peccati</strong></span> <span class='ocrx_word' id='word_1_390' title='bbox 1539 3095 1632 3169; x_wconf 86' lang='lat' dir='ltr'><strong>(Rom.</strong></span> <span class='ocrx_word' id='word_1_391' title='bbox 1649 3099 1714 3171; x_wconf 87' lang='grc' dir='ltr'><strong>ιιι).</strong></span> <span class='ocrx_word' id='word_1_392' title='bbox 1740 3100 1773 3154; x_wconf 91' lang='lat' dir='ltr'><strong>Et</strong></span> <span class='ocrx_word' id='word_1_393' title='bbox 1788 3102 1898 3156; x_wconf 81' lang='lat' dir='ltr'><strong>diuitias</strong></span> 
     </span>
     <span class='ocr_line' id='line_1_29' title="bbox 244 3179 1897 3260; baseline 0.008 -27"><span class='ocrx_word' id='word_1_394' title='bbox 244 3192 381 3247; x_wconf 63' lang='lat' dir='ltr'><strong>(iiim-gis</strong></span> <span class='ocrx_word' id='word_1_395' title='bbox 404 3189 491 3246; x_wconf 67' lang='lat' dir='ltr'><strong>modis</strong></span> <span class='ocrx_word' id='word_1_396' title='bbox 513 3189 636 3245; x_wconf 62' lang='lat' dir='ltr'><strong>iterando</strong></span> <span class='ocrx_word' id='word_1_397' title='bbox 661 3190 812 3260; x_wconf 65' lang='lat' dir='ltr'><strong>percipisse,</strong></span> <span class='ocrx_word' id='word_1_398' title='bbox 833 3189 883 3257; x_wconf 80' lang='lat' dir='ltr'><strong>Qui</strong></span> <span class='ocrx_word' id='word_1_399' title='bbox 903 3189 978 3245; x_wconf 63' lang='lat' dir='ltr'><strong>issac</strong></span> <span class='ocrx_word' id='word_1_400' title='bbox 1001 3188 1055 3244; x_wconf 72' lang='lat' dir='ltr'><strong>iis.</strong></span> <span class='ocrx_word' id='word_1_401' title='bbox 1107 3179 1134 3233; x_wconf 93' lang='lat' dir='ltr'><strong>in</strong></span> <span class='ocrx_word' id='word_1_402' title='bbox 1146 3179 1255 3237; x_wconf 90' lang='lat' dir='ltr'><strong>camelis</strong></span> <span class='ocrx_word' id='word_1_403' title='bbox 1273 3191 1372 3251; x_wconf 90' lang='lat' dir='ltr'><strong>portat,</strong></span> <span class='ocrx_word' id='word_1_404' title='bbox 1394 3184 1456 3253; x_wconf 93' lang='lat' dir='ltr'><strong>quia</strong></span> <span class='ocrx_word' id='word_1_405' title='bbox 1470 3200 1504 3240; x_wconf 88' lang='lat' dir='ltr'><strong>ne</strong></span> <span class='ocrx_word' id='word_1_406' title='bbox 1527 3188 1683 3257; x_wconf 79' lang='lat' dir='ltr'><strong>magnitudo</strong></span> <span class='ocrx_word' id='word_1_407' title='bbox 1701 3189 1897 3246; x_wconf 76' lang='lat' dir='ltr'><strong>revelationum</strong></span> 
     </span>
     <span class='ocr_line' id='line_1_30' title="bbox 246 3269 1901 3350; baseline 0.007 -24"><span class='ocrx_word' id='word_1_408' title='bbox 246 3286 347 3336; x_wconf 67' lang='lat' dir='ltr'><strong>meses</strong></span> <span class='ocrx_word' id='word_1_409' title='bbox 361 3282 487 3337; x_wconf 66' lang='lat' dir='ltr'><strong>veniesne</strong></span> <span class='ocrx_word' id='word_1_410' title='bbox 504 3281 531 3335; x_wconf 76' lang='lat' dir='ltr'><strong>in</strong></span> <span class='ocrx_word' id='word_1_411' title='bbox 549 3288 621 3336; x_wconf 67' lang='lat' dir='ltr'><strong>isira</strong></span> <span class='ocrx_word' id='word_1_412' title='bbox 635 3280 755 3336; x_wconf 66' lang='lat' dir='ltr'><strong>nnsis-,iii</strong></span> <span class='ocrx_word' id='word_1_413' title='bbox 778 3280 890 3346; x_wconf 68' lang='lat' dir='ltr'><strong>nanim,</strong></span> <span class='ocrx_word' id='word_1_414' title='bbox 915 3280 978 3350; x_wconf 78' lang='lat' dir='ltr'><strong>quis</strong></span> <span class='ocrx_word' id='word_1_415' title='bbox 994 3280 1057 3334; x_wconf 76' lang='lat' dir='ltr'><strong>nni.</strong></span> <span class='ocrx_word' id='word_1_416' title='bbox 1107 3269 1221 3325; x_wconf 80' lang='lat' dir='ltr'><strong>extrrllat</strong></span> <span class='ocrx_word' id='word_1_417' title='bbox 1238 3285 1295 3337; x_wconf 89' lang='lat' dir='ltr'><strong>eos,</strong></span> <span class='ocrx_word' id='word_1_418' title='bbox 1310 3273 1389 3328; x_wconf 88' lang='lat' dir='ltr'><strong>datur</strong></span> <span class='ocrx_word' id='word_1_419' title='bbox 1403 3276 1443 3330; x_wconf 87' lang='lat' dir='ltr'><strong>cis</strong></span> <span class='ocrx_word' id='word_1_420' title='bbox 1460 3276 1585 3332; x_wconf 90' lang='lat' dir='ltr'><strong>stimulus</strong></span> <span class='ocrx_word' id='word_1_421' title='bbox 1606 3278 1696 3334; x_wconf 88' lang='lat' dir='ltr'><strong>carnis</strong></span> <span class='ocrx_word' id='word_1_422' title='bbox 1712 3294 1776 3334; x_wconf 75' lang='lat' dir='ltr'><strong>suae.</strong></span> <span class='ocrx_word' id='word_1_423' title='bbox 1795 3281 1901 3337; x_wconf 88' lang='lat' dir='ltr'><strong>liabent</strong></span> 
     </span>
     <span class='ocr_line' id='line_1_31' title="bbox 244 3362 1900 3442; baseline 0.009 -29"><span class='ocrx_word' id='word_1_424' title='bbox 244 3372 374 3442; x_wconf 59' lang='lat' dir='ltr'><strong>genitus</strong></span> <span class='ocrx_word' id='word_1_425' title='bbox 386 3370 517 3428; x_wconf 66' lang='lat' dir='ltr'><strong>Dominus</strong></span> <span class='ocrx_word' id='word_1_426' title='bbox 529 3385 562 3427; x_wconf 73' lang='lat' dir='ltr'><strong>ac</strong></span> <span class='ocrx_word' id='word_1_427' title='bbox 581 3370 746 3441; x_wconf 69' lang='lat' dir='ltr'><strong>Redemptor</strong></span> <span class='ocrx_word' id='word_1_428' title='bbox 765 3379 868 3437; x_wconf 64' lang='lat' dir='ltr'><strong>noster,</strong></span> <span class='ocrx_word' id='word_1_429' title='bbox 881 3371 1006 3426; x_wconf 77' lang='lat' dir='ltr'><strong>veniente</strong></span> <span class='ocrx_word' id='word_1_430' title='bbox 1022 3370 1056 3426; x_wconf 75' lang='lat' dir='ltr'><strong>ad</strong></span> <span class='ocrx_word' id='word_1_431' title='bbox 1107 3362 1180 3416; x_wconf 74' lang='lat' dir='ltr'><strong>enitll</strong></span> <span class='ocrx_word' id='word_1_432' title='bbox 1196 3362 1351 3417; x_wconf 77' lang='lat' dir='ltr'><strong>illesallrtllil</strong></span> <span class='ocrx_word' id='word_1_433' title='bbox 1368 3363 1447 3419; x_wconf 78' lang='lat' dir='ltr'><strong>isium</strong></span> <span class='ocrx_word' id='word_1_434' title='bbox 1460 3366 1486 3421; x_wconf 89' lang='lat' dir='ltr'><strong>in</strong></span> <span class='ocrx_word' id='word_1_435' title='bbox 1498 3368 1570 3423; x_wconf 71' lang='lat' dir='ltr'><strong>vasis</strong></span> <span class='ocrx_word' id='word_1_436' title='bbox 1582 3368 1720 3437; x_wconf 74' lang='lat' dir='ltr'><strong>ficlilibus,</strong></span> <span class='ocrx_word' id='word_1_437' title='bbox 1737 3379 1766 3426; x_wconf 91' lang='lat' dir='ltr'><strong>ut</strong></span> <span class='ocrx_word' id='word_1_438' title='bbox 1779 3371 1900 3429; x_wconf 83' lang='lat' dir='ltr'><strong>sublimi-</strong></span> 
     </span>
    </p>
   </div>
   <div class='ocr_carea' id='block_1_3' title="bbox 242 3427 1903 3991">
    <p class='ocr_par' dir='ltr' id='par_1_3' title="bbox 242 3427 1903 3991">
     <span class='ocr_line' id='line_1_32' title="bbox 242 3427 1901 3534; baseline 0.001 -14"><span class='ocrx_word' id='word_1_439' title='bbox 242 3477 298 3520; x_wconf 75' lang='lat' dir='ltr'><strong>Se</strong></span> <span class='ocrx_word' id='word_1_440' title='bbox 311 3462 442 3529; x_wconf 74' lang='lat' dir='ltr'><strong>Ecclesia,</strong></span> <span class='ocrx_word' id='word_1_441' title='bbox 458 3463 485 3518; x_wconf 94' lang='lat' dir='ltr'><strong>in</strong></span> <span class='ocrx_word' id='word_1_442' title='bbox 500 3462 606 3518; x_wconf 91' lang='lat' dir='ltr'><strong>illorum</strong></span> <span class='ocrx_word' id='word_1_443' title='bbox 620 3462 757 3518; x_wconf 87' lang='lat' dir='ltr'><strong>mentibus</strong></span> <span class='ocrx_word' id='word_1_444' title='bbox 770 3455 870 3516; x_wconf 87' lang='lat' dir='ltr'><strong>mansit</strong></span> <span class='ocrx_word' id='word_1_445' title='bbox 884 3476 952 3532; x_wconf 94' lang='lat' dir='ltr'><strong>quos</strong></span> <span class='ocrx_word' id='word_1_446' title='bbox 965 3475 998 3515; x_wconf 91' lang='lat' dir='ltr'><strong>ex</strong></span> <span class='ocrx_word' id='word_1_447' title='bbox 1009 3460 1056 3516; x_wconf 88' lang='lat' dir='ltr'><strong>lu·</strong></span> <span class='ocrx_word' id='word_1_448' title='bbox 1070 3427 1092 3490; x_wconf 76' lang='lat' dir='ltr'><strong>c</strong></span> <span class='ocrx_word' id='word_1_449' title='bbox 1110 3463 1151 3509; x_wconf 72' lang='grc'><strong>113</strong></span> <span class='ocrx_word' id='word_1_450' title='bbox 1167 3454 1201 3509; x_wconf 91' lang='lat' dir='ltr'><strong>sit</strong></span> <span class='ocrx_word' id='word_1_451' title='bbox 1214 3455 1323 3509; x_wconf 77' lang='lat' dir='ltr'><strong>virtutis</strong></span> <span class='ocrx_word' id='word_1_452' title='bbox 1337 3454 1394 3519; x_wconf 76' lang='lat' dir='ltr'><strong>Dei,</strong></span> <span class='ocrx_word' id='word_1_453' title='bbox 1413 3466 1441 3511; x_wconf 91' lang='lat' dir='ltr'><strong>et</strong></span> <span class='ocrx_word' id='word_1_454' title='bbox 1452 3474 1505 3514; x_wconf 85' lang='lat' dir='ltr'><strong>nott</strong></span> <span class='ocrx_word' id='word_1_455' title='bbox 1518 3473 1552 3513; x_wconf 81' lang='lat' dir='ltr'><strong>ex</strong></span> <span class='ocrx_word' id='word_1_456' title='bbox 1566 3460 1616 3515; x_wconf 86' lang='lat' dir='ltr'><strong>eis.</strong></span> <span class='ocrx_word' id='word_1_457' title='bbox 1636 3460 1686 3529; x_wconf 85' lang='lat' dir='ltr'><strong>Qui</strong></span> <span class='ocrx_word' id='word_1_458' title='bbox 1702 3476 1767 3534; x_wconf 90' lang='lat' dir='ltr'><strong>ergo</strong></span> <span class='ocrx_word' id='word_1_459' title='bbox 1778 3480 1827 3534; x_wconf 90' lang='lat' dir='ltr'><strong>per</strong></span> <span class='ocrx_word' id='word_1_460' title='bbox 1840 3481 1901 3521; x_wconf 86' lang='lat' dir='ltr'><strong>car·</strong></span> 
     </span>
     <span class='ocr_line' id='line_1_33' title="bbox 242 3544 1900 3626; baseline 0.002 -18"><span class='ocrx_word' id='word_1_461' title='bbox 242 3556 323 3611; x_wconf 72' lang='lat' dir='ltr'><strong>«lea</strong></span> <span class='ocrx_word' id='word_1_462' title='bbox 337 3556 466 3622; x_wconf 82' lang='lat' dir='ltr'><strong>editos,n</strong></span> <span class='ocrx_word' id='word_1_463' title='bbox 485 3555 632 3626; x_wconf 85' lang='lat' dir='ltr'><strong>ntorporis</strong></span> <span class='ocrx_word' id='word_1_464' title='bbox 645 3554 738 3626; x_wconf 78' lang='lat' dir='ltr'><strong>frigus,</strong></span> <span class='ocrx_word' id='word_1_465' title='bbox 752 3555 800 3610; x_wconf 93' lang='lat' dir='ltr'><strong>sed</strong></span> <span class='ocrx_word' id='word_1_466' title='bbox 815 3553 904 3609; x_wconf 87' lang='lat' dir='ltr'><strong>lervor</strong></span> <span class='ocrx_word' id='word_1_467' title='bbox 917 3553 1058 3610; x_wconf 85' lang='lat' dir='ltr'><strong>charitatis</strong></span> <span class='ocrx_word' id='word_1_468' title='bbox 1109 3559 1171 3598; x_wconf 82' lang='grc'><strong>11111</strong></span> <span class='ocrx_word' id='word_1_469' title='bbox 1187 3544 1307 3600; x_wconf 74' lang='grc'><strong>1111111111</strong></span> <span class='ocrx_word' id='word_1_470' title='bbox 1331 3545 1485 3616; x_wconf 70' lang='grc'><strong>1111111111,</strong></span> <span class='ocrx_word' id='word_1_471' title='bbox 1509 3559 1536 3604; x_wconf 90' lang='lat' dir='ltr'><strong>et</strong></span> <span class='ocrx_word' id='word_1_472' title='bbox 1559 3558 1647 3607; x_wconf 87' lang='lat' dir='ltr'><strong>tamen</strong></span> <span class='ocrx_word' id='word_1_473' title='bbox 1670 3553 1758 3609; x_wconf 76' lang='lat' dir='ltr'><strong>adhuc</strong></span> <span class='ocrx_word' id='word_1_474' title='bbox 1775 3555 1802 3609; x_wconf 91' lang='lat' dir='ltr'><strong>in</strong></span> <span class='ocrx_word' id='word_1_475' title='bbox 1816 3571 1900 3613; x_wconf 86' lang='lat' dir='ltr'><strong>carne</strong></span> 
     </span>
     <span class='ocr_line' id='line_1_34' title="bbox 249 3570 1900 3718; baseline 0.011 -32"><span class='ocrx_word' id='word_1_476' title='bbox 249 3648 362 3702; x_wconf 52' lang='lat' dir='ltr'><strong>sennis,</strong></span> <span class='ocrx_word' id='word_1_477' title='bbox 382 3647 420 3703; x_wconf 65' lang='lat' dir='ltr'><strong>E,</strong></span> <span class='ocrx_word' id='word_1_478' title='bbox 434 3570 484 3703; x_wconf 45' lang='lat' dir='ltr'><strong>apg</strong></span> <span class='ocrx_word' id='word_1_479' title='bbox 496 3647 595 3718; x_wconf 62' lang='lat' dir='ltr'><strong>quippe</strong></span> <span class='ocrx_word' id='word_1_480' title='bbox 610 3645 709 3717; x_wconf 59' lang='lat' dir='ltr'><strong>popuii,</strong></span> <span class='ocrx_word' id='word_1_481' title='bbox 722 3644 799 3699; x_wconf 63' lang='lat' dir='ltr'><strong>Anna</strong></span> <span class='ocrx_word' id='word_1_482' title='bbox 819 3645 1000 3716; x_wconf 62' lang='lat' dir='ltr'><strong>prophetissa,</strong></span> <span class='ocrx_word' id='word_1_483' title='bbox 1023 3659 1057 3700; x_wconf 52' lang='grc' dir='ltr'><strong>ος</strong></span> <span class='ocrx_word' id='word_1_484' title='bbox 1108 3634 1348 3691; x_wconf 88' lang='lat' dir='ltr'><strong>contradictionem</strong></span> <span class='ocrx_word' id='word_1_485' title='bbox 1365 3637 1398 3693; x_wconf 90' lang='lat' dir='ltr'><strong>de</strong></span> <span class='ocrx_word' id='word_1_486' title='bbox 1416 3639 1481 3693; x_wconf 83' lang='lat' dir='ltr'><strong>vitio</strong></span> <span class='ocrx_word' id='word_1_487' title='bbox 1495 3641 1625 3708; x_wconf 90' lang='lat' dir='ltr'><strong>sentiunt,</strong></span> <span class='ocrx_word' id='word_1_488' title='bbox 1640 3645 1705 3714; x_wconf 92' lang='lat' dir='ltr'><strong>quid</strong></span> <span class='ocrx_word' id='word_1_489' title='bbox 1724 3644 1795 3701; x_wconf 89' lang='lat' dir='ltr'><strong>aliud</strong></span> <span class='ocrx_word' id='word_1_490' title='bbox 1818 3664 1900 3718; x_wconf 92' lang='lat' dir='ltr'><strong>quam</strong></span> 
     </span>
     <span class='ocr_line' id='line_1_35' title="bbox 249 3731 1901 3806; baseline 0.005 -19"><span class='ocrx_word' id='word_1_491' title='bbox 249 3732 313 3792; x_wconf 78' lang='lat' dir='ltr'><strong>itta</strong></span> <span class='ocrx_word' id='word_1_492' title='bbox 325 3735 436 3795; x_wconf 85' lang='lat' dir='ltr'><strong>Simeon</strong></span> <span class='ocrx_word' id='word_1_493' title='bbox 449 3737 563 3802; x_wconf 87' lang='lat' dir='ltr'><strong>exstitit,</strong></span> <span class='ocrx_word' id='word_1_494' title='bbox 583 3736 628 3806; x_wconf 89' lang='lat' dir='ltr'><strong>qui</strong></span> <span class='ocrx_word' id='word_1_495' title='bbox 645 3735 672 3790; x_wconf 91' lang='lat' dir='ltr'><strong>ia</strong></span> <span class='ocrx_word' id='word_1_496' title='bbox 691 3735 769 3790; x_wconf 92' lang='lat' dir='ltr'><strong>ulnas</strong></span> <span class='ocrx_word' id='word_1_497' title='bbox 789 3734 934 3790; x_wconf 83' lang='lat' dir='ltr'><strong>bominum</strong></span> <span class='ocrx_word' id='word_1_498' title='bbox 954 3734 1058 3803; x_wconf 90' lang='lat' dir='ltr'><strong>accepit</strong></span> <span class='ocrx_word' id='word_1_499' title='bbox 1109 3741 1192 3796; x_wconf 90' lang='lat' dir='ltr'><strong>super</strong></span> <span class='ocrx_word' id='word_1_500' title='bbox 1207 3735 1331 3785; x_wconf 87' lang='lat' dir='ltr'><strong>tortuosa.</strong></span> <span class='ocrx_word' id='word_1_501' title='bbox 1338 3731 1502 3787; x_wconf 88' lang='lat' dir='ltr'><strong>camelorum</strong></span> <span class='ocrx_word' id='word_1_502' title='bbox 1515 3733 1595 3789; x_wconf 90' lang='lat' dir='ltr'><strong>dorsa</strong></span> <span class='ocrx_word' id='word_1_503' title='bbox 1606 3735 1715 3792; x_wconf 84' lang='lat' dir='ltr'><strong>diuitias</strong></span> <span class='ocrx_word' id='word_1_504' title='bbox 1730 3736 1836 3794; x_wconf 87' lang='lat' dir='ltr'><strong>ieruntl</strong></span> <span class='ocrx_word' id='word_1_505' title='bbox 1849 3741 1901 3796; x_wconf 91' lang='lat' dir='ltr'><strong>Re·</strong></span> 
     </span>
     <span class='ocr_line' id='line_1_36' title="bbox 248 3816 1902 3901; baseline 0.003 -19"><span class='ocrx_word' id='word_1_506' title='bbox 248 3827 351 3897; x_wconf 68' lang='lat' dir='ltr'><strong>(tac.</strong></span> <span class='ocrx_word' id='word_1_507' title='bbox 367 3830 417 3899; x_wconf 85' lang='lat' dir='ltr'><strong>rr).</strong></span> <span class='ocrx_word' id='word_1_508' title='bbox 435 3828 568 3901; x_wconf 76' lang='lat' dir='ltr'><strong>Egressus</strong></span> <span class='ocrx_word' id='word_1_509' title='bbox 581 3835 670 3883; x_wconf 82' lang='lat' dir='ltr'><strong>aaron</strong></span> <span class='ocrx_word' id='word_1_510' title='bbox 683 3825 773 3882; x_wconf 78' lang='lat' dir='ltr'><strong>tuerat</strong></span> <span class='ocrx_word' id='word_1_511' title='bbox 786 3826 820 3881; x_wconf 66' lang='lat' dir='ltr'><strong>art</strong></span> <span class='ocrx_word' id='word_1_512' title='bbox 835 3826 1016 3881; x_wconf 80' lang='lat' dir='ltr'><strong>meditandum</strong></span> <span class='ocrx_word' id='word_1_513' title='bbox 1031 3826 1058 3880; x_wconf 86' lang='lat' dir='ltr'><strong>in</strong></span> <span class='ocrx_word' id='word_1_514' title='bbox 1108 3816 1192 3873; x_wconf 79' lang='lat' dir='ltr'><strong>bocca</strong></span> <span class='ocrx_word' id='word_1_515' title='bbox 1211 3834 1276 3874; x_wconf 78' lang='lat' dir='ltr'><strong>vero</strong></span> <span class='ocrx_word' id='word_1_516' title='bbox 1289 3819 1365 3875; x_wconf 80' lang='lat' dir='ltr'><strong>tsaao</strong></span> <span class='ocrx_word' id='word_1_517' title='bbox 1377 3821 1446 3887; x_wconf 81' lang='lat' dir='ltr'><strong>riso,</strong></span> <span class='ocrx_word' id='word_1_518' title='bbox 1466 3822 1528 3891; x_wconf 83' lang='lat' dir='ltr'><strong>quis</strong></span> <span class='ocrx_word' id='word_1_519' title='bbox 1546 3823 1590 3880; x_wconf 81' lang='lat' dir='ltr'><strong>ille</strong></span> <span class='ocrx_word' id='word_1_520' title='bbox 1612 3825 1693 3881; x_wconf 73' lang='lat' dir='ltr'><strong>honio</strong></span> <span class='ocrx_word' id='word_1_521' title='bbox 1706 3827 1750 3892; x_wconf 83' lang='lat' dir='ltr'><strong>sit.</strong></span> <span class='ocrx_word' id='word_1_522' title='bbox 1768 3829 1902 3898; x_wconf 79' lang='lat' dir='ltr'><strong>requisito</strong></span> 
     </span>
     <span class='ocr_line' id='line_1_37' title="bbox 248 3910 1903 3991; baseline 0.002 -17"><span class='ocrx_word' id='word_1_523' title='bbox 248 3931 341 3991; x_wconf 66' lang='lat' dir='ltr'><strong>agre,</strong></span> <span class='ocrx_word' id='word_1_524' title='bbox 364 3919 429 3991; x_wconf 91' lang='lat' dir='ltr'><strong>quia</strong></span> <span class='ocrx_word' id='word_1_525' title='bbox 444 3934 509 3991; x_wconf 87' lang='lat' dir='ltr'><strong>ager</strong></span> <span class='ocrx_word' id='word_1_526' title='bbox 524 3918 640 3974; x_wconf 92' lang='lat' dir='ltr'><strong>mundus</strong></span> <span class='ocrx_word' id='word_1_527' title='bbox 653 3917 794 3986; x_wconf 91' lang='lat' dir='ltr'><strong>accipitur.</strong></span> <span class='ocrx_word' id='word_1_528' title='bbox 816 3916 875 3987; x_wconf 92' lang='lat' dir='ltr'><strong>lpse</strong></span> <span class='ocrx_word' id='word_1_529' title='bbox 890 3930 939 3985; x_wconf 92' lang='lat' dir='ltr'><strong>per</strong></span> <span class='ocrx_word' id='word_1_530' title='bbox 959 3931 988 3972; x_wconf 79' lang='lat' dir='ltr'><strong>se</strong></span> <span class='ocrx_word' id='word_1_531' title='bbox 1003 3917 1058 3972; x_wconf 80' lang='lat' dir='ltr'><strong>Do-</strong></span> <span class='ocrx_word' id='word_1_532' title='bbox 1108 3921 1203 3977; x_wconf 92' lang='lat' dir='ltr'><strong>puero,</strong></span> <span class='ocrx_word' id='word_1_533' title='bbox 1229 3910 1409 3980; x_wconf 78' lang='lat' dir='ltr'><strong>recognoscit,</strong></span> <span class='ocrx_word' id='word_1_534' title='bbox 1432 3912 1495 3981; x_wconf 90' lang='lat' dir='ltr'><strong>quia</strong></span> <span class='ocrx_word' id='word_1_535' title='bbox 1519 3914 1639 3983; x_wconf 91' lang='lat' dir='ltr'><strong>quotidie</strong></span> <span class='ocrx_word' id='word_1_536' title='bbox 1662 3927 1756 3973; x_wconf 90' lang='lat' dir='ltr'><strong>sancta</strong></span> <span class='ocrx_word' id='word_1_537' title='bbox 1781 3918 1903 3977; x_wconf 85' lang='lat' dir='ltr'><strong>Ecclesia</strong></span> 
     </span>
    </p>
   </div>
   <div class='ocr_carea' id='block_1_4' title="bbox 1110 3999 1903 4172">
    <p class='ocr_par' dir='ltr' id='par_1_4' title="bbox 1110 3999 1903 4172">
     <span class='ocr_line' id='line_1_38' title="bbox 1110 3999 1903 4081; baseline 0.018 -28"><span class='ocrx_word' id='word_1_538' title='bbox 1110 3999 1197 4056; x_wconf 88' lang='lat' dir='ltr'><strong>adbuc</strong></span> <span class='ocrx_word' id='word_1_539' title='bbox 1208 4016 1256 4071; x_wconf 90' lang='lat' dir='ltr'><strong>per</strong></span> <span class='ocrx_word' id='word_1_540' title='bbox 1266 4002 1458 4071; x_wconf 85' lang='lat' dir='ltr'><strong>prophetarum</strong></span> <span class='ocrx_word' id='word_1_541' title='bbox 1469 4013 1550 4075; x_wconf 89' lang='lat' dir='ltr'><strong>atque</strong></span> <span class='ocrx_word' id='word_1_542' title='bbox 1564 4007 1746 4076; x_wconf 88' lang='lat' dir='ltr'><strong>apostolorum</strong></span> <span class='ocrx_word' id='word_1_543' title='bbox 1758 4011 1829 4066; x_wconf 88' lang='lat' dir='ltr'><strong>dieta</strong></span> <span class='ocrx_word' id='word_1_544' title='bbox 1837 4013 1903 4081; x_wconf 94' lang='lat' dir='ltr'><strong>quid</strong></span> 
     </span>
     <span class='ocr_line' id='line_1_39' title="bbox 1111 4090 1903 4172; baseline 0.016 -28"><span class='ocrx_word' id='word_1_545' title='bbox 1111 4090 1144 4146; x_wconf 93' lang='lat' dir='ltr'><strong>de</strong></span> <span class='ocrx_word' id='word_1_546' title='bbox 1168 4091 1339 4160; x_wconf 90' lang='lat' dir='ltr'><strong>redemptore</strong></span> <span class='ocrx_word' id='word_1_547' title='bbox 1362 4107 1412 4147; x_wconf 87' lang='lat' dir='ltr'><strong>suo</strong></span> <span class='ocrx_word' id='word_1_548' title='bbox 1427 4095 1538 4150; x_wconf 90' lang='lat' dir='ltr'><strong>credere</strong></span> <span class='ocrx_word' id='word_1_549' title='bbox 1561 4097 1658 4151; x_wconf 88' lang='lat' dir='ltr'><strong>debeat</strong></span> <span class='ocrx_word' id='word_1_550' title='bbox 1682 4099 1814 4172; x_wconf 90' lang='lat' dir='ltr'><strong>intelligit.</strong></span> <span class='ocrx_word' id='word_1_551' title='bbox 1837 4102 1903 4169; x_wconf 77' lang='lat' dir='ltr'><strong>Quas</strong></span> 
     </span>
    </p>
   </div>
   <div class='ocr_carea' id='block_1_5' title="bbox 246 4008 1060 4174">
    <p class='ocr_par' dir='ltr' id='par_1_5' title="bbox 246 4008 1060 4174">
     <span class='ocr_line' id='line_1_40' title="bbox 252 4008 1057 4087; baseline -0.001 -23"><span class='ocrx_word' id='word_1_552' title='bbox 252 4012 355 4068; x_wconf 67' lang='lat' dir='ltr'><strong>{trinus</strong></span> <span class='ocrx_word' id='word_1_553' title='bbox 365 4012 478 4082; x_wconf 84' lang='lat' dir='ltr'><strong>exponit</strong></span> <span class='ocrx_word' id='word_1_554' title='bbox 488 4011 595 4067; x_wconf 86' lang='lat' dir='ltr'><strong>dicens:</strong></span> <span class='ocrx_word' id='word_1_555' title='bbox 605 4013 673 4080; x_wconf 79' lang='lat' dir='ltr'><strong>Ager</strong></span> <span class='ocrx_word' id='word_1_556' title='bbox 683 4019 813 4064; x_wconf 83' lang='lat' dir='ltr'><strong>autemest</strong></span> <span class='ocrx_word' id='word_1_557' title='bbox 826 4010 938 4064; x_wconf 81' lang='lat' dir='ltr'><strong>artrtadttx</strong></span> <span class='ocrx_word' id='word_1_558' title='bbox 950 4008 1057 4087; x_wconf 79' lang='lat' dir='ltr'><strong>(llottb.</strong></span> 
     </span>
     <span class='ocr_line' id='line_1_41' title="bbox 246 4099 1060 4174; baseline 0 -20"><span class='ocrx_word' id='word_1_559' title='bbox 246 4101 338 4174; x_wconf 63' lang='lat' dir='ltr'><strong>xtra).</strong></span> <span class='ocrx_word' id='word_1_560' title='bbox 353 4101 423 4170; x_wconf 83' lang='lat' dir='ltr'><strong>Quia</strong></span> <span class='ocrx_word' id='word_1_561' title='bbox 439 4102 466 4157; x_wconf 90' lang='lat' dir='ltr'><strong>iu</strong></span> <span class='ocrx_word' id='word_1_562' title='bbox 480 4101 533 4156; x_wconf 90' lang='lat' dir='ltr'><strong>boc</strong></span> <span class='ocrx_word' id='word_1_563' title='bbox 545 4114 688 4172; x_wconf 87' lang='lat' dir='ltr'><strong>egressus,</strong></span> <span class='ocrx_word' id='word_1_564' title='bbox 710 4100 782 4170; x_wconf 90' lang='lat' dir='ltr'><strong>quod</strong></span> <span class='ocrx_word' id='word_1_565' title='bbox 797 4099 911 4154; x_wconf 83' lang='lat' dir='ltr'><strong>risibilis</strong></span> <span class='ocrx_word' id='word_1_566' title='bbox 929 4115 1060 4170; x_wconf 90' lang='lat' dir='ltr'><strong>apparere</strong></span> 
     </span>
    </p>
   </div>
   <div class='ocr_carea' id='block_1_6' title="bbox 245 4189 1060 4541">
    <p class='ocr_par' dir='ltr' id='par_1_6' title="bbox 245 4189 1060 4541">
     <span class='ocr_line' id='line_1_42' title="bbox 250 4189 1059 4263; baseline -0.002 -18"><span class='ocrx_word' id='word_1_567' title='bbox 250 4193 461 4263; x_wconf 69' lang='lat' dir='ltr'><strong>dignatusest,</strong></span> <span class='ocrx_word' id='word_1_568' title='bbox 483 4192 554 4246; x_wconf 90' lang='lat' dir='ltr'><strong>sicut</strong></span> <span class='ocrx_word' id='word_1_569' title='bbox 569 4191 699 4261; x_wconf 86' lang='lat' dir='ltr'><strong>scriptum</strong></span> <span class='ocrx_word' id='word_1_570' title='bbox 719 4201 762 4245; x_wconf 88' lang='lat' dir='ltr'><strong>est</strong></span> <span class='ocrx_word' id='word_1_571' title='bbox 782 4205 789 4243; x_wconf 75' lang='grc' dir='ltr'><strong>ε</strong></span> <span class='ocrx_word' id='word_1_572' title='bbox 805 4189 891 4243; x_wconf 68' lang='lat' dir='ltr'><strong>Existi</strong></span> <span class='ocrx_word' id='word_1_573' title='bbox 906 4190 933 4244; x_wconf 86' lang='lat' dir='ltr'><strong>in</strong></span> <span class='ocrx_word' id='word_1_574' title='bbox 948 4191 1059 4245; x_wconf 78' lang='lat' dir='ltr'><strong>solarem</strong></span> 
     </span>
     <span class='ocr_line' id='line_1_43' title="bbox 245 4280 1058 4355; baseline -0.005 -16"><span class='ocrx_word' id='word_1_575' title='bbox 245 4286 354 4355; x_wconf 66' lang='lat' dir='ltr'><strong>populi</strong></span> <span class='ocrx_word' id='word_1_576' title='bbox 377 4286 429 4347; x_wconf 86' lang='lat' dir='ltr'><strong>tui,</strong></span> <span class='ocrx_word' id='word_1_577' title='bbox 445 4294 473 4339; x_wconf 85' lang='grc' dir='ltr'><strong>ιιι</strong></span> <span class='ocrx_word' id='word_1_578' title='bbox 488 4282 574 4338; x_wconf 72' lang='lat' dir='ltr'><strong>salros</strong></span> <span class='ocrx_word' id='word_1_579' title='bbox 595 4283 680 4355; x_wconf 68' lang='lat' dir='ltr'><strong>(ocior</strong></span> <span class='ocrx_word' id='word_1_580' title='bbox 695 4281 805 4336; x_wconf 74' lang='lat' dir='ltr'><strong>christos</strong></span> <span class='ocrx_word' id='word_1_581' title='bbox 818 4292 888 4336; x_wconf 81' lang='lat' dir='ltr'><strong>tuot.</strong></span> <span class='ocrx_word' id='word_1_582' title='bbox 903 4280 997 4336; x_wconf 88' lang='lat' dir='ltr'><strong>Solent</strong></span> <span class='ocrx_word' id='word_1_583' title='bbox 1009 4297 1058 4335; x_wconf 94' lang='lat' dir='ltr'><strong>au-</strong></span> 
     </span>
     <span class='ocr_line' id='line_1_44' title="bbox 252 4375 1059 4446; baseline 0 -17"><span class='ocrx_word' id='word_1_584' title='bbox 252 4386 322 4432; x_wconf 71' lang='lat' dir='ltr'><strong>nem</strong></span> <span class='ocrx_word' id='word_1_585' title='bbox 341 4378 484 4434; x_wconf 83' lang='lat' dir='ltr'><strong>exercitati</strong></span> <span class='ocrx_word' id='word_1_586' title='bbox 508 4375 621 4446; x_wconf 85' lang='lat' dir='ltr'><strong>iuvenes</strong></span> <span class='ocrx_word' id='word_1_587' title='bbox 644 4377 672 4431; x_wconf 95' lang='lat' dir='ltr'><strong>in</strong></span> <span class='ocrx_word' id='word_1_588' title='bbox 690 4391 828 4431; x_wconf 90' lang='lat' dir='ltr'><strong>armorum</strong></span> <span class='ocrx_word' id='word_1_589' title='bbox 850 4392 900 4430; x_wconf 89' lang='lat' dir='ltr'><strong>usu</strong></span> <span class='ocrx_word' id='word_1_590' title='bbox 925 4376 1059 4431; x_wconf 86' lang='lat' dir='ltr'><strong>meditari.</strong></span> 
     </span>
     <span class='ocr_line' id='line_1_45' title="bbox 248 4462 1060 4541; baseline 0.001 -21"><span class='ocrx_word' id='word_1_591' title='bbox 248 4462 342 4524; x_wconf 69' lang='lat' dir='ltr'><strong>Isaac</strong></span> <span class='ocrx_word' id='word_1_592' title='bbox 354 4485 422 4541; x_wconf 87' lang='lat' dir='ltr'><strong>ergo</strong></span> <span class='ocrx_word' id='word_1_593' title='bbox 440 4468 474 4525; x_wconf 89' lang='lat' dir='ltr'><strong>ad</strong></span> <span class='ocrx_word' id='word_1_594' title='bbox 491 4468 676 4525; x_wconf 87' lang='lat' dir='ltr'><strong>meditandum</strong></span> <span class='ocrx_word' id='word_1_595' title='bbox 699 4468 725 4521; x_wconf 92' lang='lat' dir='ltr'><strong>in</strong></span> <span class='ocrx_word' id='word_1_596' title='bbox 749 4482 813 4538; x_wconf 86' lang='lat' dir='ltr'><strong>agro</strong></span> <span class='ocrx_word' id='word_1_597' title='bbox 831 4467 909 4532; x_wconf 70' lang='lat' dir='ltr'><strong>exiit,</strong></span> <span class='ocrx_word' id='word_1_598' title='bbox 929 4466 991 4536; x_wconf 85' lang='lat' dir='ltr'><strong>quia</strong></span> <span class='ocrx_word' id='word_1_599' title='bbox 1005 4466 1060 4521; x_wconf 89' lang='lat' dir='ltr'><strong>Re-</strong></span> 
     </span>
    </p>
   </div>
   <div class='ocr_carea' id='block_1_7' title="bbox 1110 4181 1905 4347">
    <p class='ocr_par' dir='ltr' id='par_1_7' title="bbox 1110 4181 1905 4347">
     <span class='ocr_line' id='line_1_46' title="bbox 1111 4181 1905 4256; baseline 0.015 -22"><span class='ocrx_word' id='word_1_600' title='bbox 1111 4195 1170 4236; x_wconf 85' lang='lat' dir='ltr'><strong>sese</strong></span> <span class='ocrx_word' id='word_1_601' title='bbox 1193 4196 1254 4237; x_wconf 79' lang='lat' dir='ltr'><strong>niort</strong></span> <span class='ocrx_word' id='word_1_602' title='bbox 1272 4181 1480 4252; x_wconf 91' lang='lat' dir='ltr'><strong>palliooperuit,</strong></span> <span class='ocrx_word' id='word_1_603' title='bbox 1504 4185 1567 4254; x_wconf 92' lang='lat' dir='ltr'><strong>quia</strong></span> <span class='ocrx_word' id='word_1_604' title='bbox 1588 4196 1690 4256; x_wconf 92' lang='lat' dir='ltr'><strong>quanto</strong></span> <span class='ocrx_word' id='word_1_605' title='bbox 1705 4190 1830 4246; x_wconf 90' lang='lat' dir='ltr'><strong>subtilius</strong></span> <span class='ocrx_word' id='word_1_606' title='bbox 1844 4190 1905 4247; x_wconf 88' lang='lat' dir='ltr'><strong>Sal·</strong></span> 
     </span>
     <span class='ocr_line' id='line_1_47' title="bbox 1110 4272 1905 4347; baseline 0.02 -21"><span class='ocrx_word' id='word_1_607' title='bbox 1110 4272 1213 4326; x_wconf 76' lang='lat' dir='ltr'><strong>tatoris</strong></span> <span class='ocrx_word' id='word_1_608' title='bbox 1235 4273 1277 4330; x_wconf 86' lang='lat' dir='ltr'><strong>sui</strong></span> <span class='ocrx_word' id='word_1_609' title='bbox 1302 4276 1429 4344; x_wconf 80' lang='lat' dir='ltr'><strong>mysteria</strong></span> <span class='ocrx_word' id='word_1_610' title='bbox 1453 4287 1590 4347; x_wconf 90' lang='lat' dir='ltr'><strong>penetrat,</strong></span> <span class='ocrx_word' id='word_1_611' title='bbox 1617 4287 1691 4335; x_wconf 91' lang='lat' dir='ltr'><strong>tauto</strong></span> <span class='ocrx_word' id='word_1_612' title='bbox 1710 4280 1790 4338; x_wconf 86' lang='lat' dir='ltr'><strong>altius</strong></span> <span class='ocrx_word' id='word_1_613' title='bbox 1809 4284 1842 4339; x_wconf 92' lang='lat' dir='ltr'><strong>de</strong></span> <span class='ocrx_word' id='word_1_614' title='bbox 1855 4298 1905 4341; x_wconf 88' lang='lat' dir='ltr'><strong>att·</strong></span> 
     </span>
    </p>
   </div>
   <div class='ocr_carea' id='block_1_8' title="bbox 1112 4364 2016 4445">
    <p class='ocr_par' dir='ltr' id='par_1_8' title="bbox 1112 4364 2016 4445">
     <span class='ocr_line' id='line_1_48' title="bbox 1112 4364 2016 4445; baseline 0.014 -27"><span class='ocrx_word' id='word_1_615' title='bbox 1112 4371 1199 4418; x_wconf 90' lang='lat' dir='ltr'><strong>teacta</strong></span> <span class='ocrx_word' id='word_1_616' title='bbox 1226 4364 1281 4418; x_wconf 83' lang='lat' dir='ltr'><strong>rita</strong></span> <span class='ocrx_word' id='word_1_617' title='bbox 1303 4364 1495 4435; x_wconf 77' lang='lat' dir='ltr'><strong>contunditur3</strong></span> <span class='ocrx_word' id='word_1_618' title='bbox 1524 4378 1551 4424; x_wconf 92' lang='lat' dir='ltr'><strong>et</strong></span> <span class='ocrx_word' id='word_1_619' title='bbox 1572 4371 1635 4440; x_wconf 89' lang='lat' dir='ltr'><strong>quia</strong></span> <span class='ocrx_word' id='word_1_620' title='bbox 1655 4386 1782 4442; x_wconf 79' lang='lat' dir='ltr'><strong>perverse</strong></span> <span class='ocrx_word' id='word_1_621' title='bbox 1805 4374 1904 4445; x_wconf 88' lang='lat' dir='ltr'><strong>egerit,</strong></span> <span class='ocrx_word' id='word_1_622' title='bbox 1998 4385 2016 4405; x_wconf 87' lang='lat'><em>&#39;</em></span> 
     </span>
    </p>
   </div>
   <div class='ocr_carea' id='block_1_9' title="bbox 1112 4457 1904 4535">
    <p class='ocr_par' dir='ltr' id='par_1_9' title="bbox 1112 4457 1904 4535">
     <span class='ocr_line' id='line_1_49' title="bbox 1112 4457 1904 4535; baseline 0.019 -28"><span class='ocrx_word' id='word_1_623' title='bbox 1112 4457 1318 4510; x_wconf 78' lang='lat' dir='ltr'><strong>verecundatur.</strong></span> <span class='ocrx_word' id='word_1_624' title='bbox 1335 4457 1418 4513; x_wconf 88' lang='lat' dir='ltr'><strong>Pallio</strong></span> <span class='ocrx_word' id='word_1_625' title='bbox 1431 4474 1460 4514; x_wconf 90' lang='lat' dir='ltr'><strong>se</strong></span> <span class='ocrx_word' id='word_1_626' title='bbox 1485 4462 1624 4530; x_wconf 86' lang='lat' dir='ltr'><strong>cooperire</strong></span> <span class='ocrx_word' id='word_1_627' title='bbox 1637 4465 1754 4530; x_wconf 81' lang='lat' dir='ltr'><strong>curavit,</strong></span> <span class='ocrx_word' id='word_1_628' title='bbox 1768 4466 1832 4535; x_wconf 91' lang='lat' dir='ltr'><strong>quia</strong></span> <span class='ocrx_word' id='word_1_629' title='bbox 1844 4467 1904 4522; x_wconf 83' lang='lat' dir='ltr'><strong>uiso</strong></span> 
     </span>
    </p>
   </div>
   <div class='ocr_carea' id='block_1_10' title="bbox 244 4545 1906 4629">
    <p class='ocr_par' dir='ltr' id='par_1_10' title="bbox 244 4545 1906 4629">
     <span class='ocr_line' id='line_1_50' title="bbox 244 4545 1906 4629; baseline 0.007 -28"><span class='ocrx_word' id='word_1_630' title='bbox 244 4557 392 4629; x_wconf 65' lang='lat' dir='ltr'><strong>dempiffl·</strong></span> <span class='ocrx_word' id='word_1_631' title='bbox 416 4568 510 4615; x_wconf 63' lang='lat' dir='ltr'><strong>noster</strong></span> <span class='ocrx_word' id='word_1_632' title='bbox 528 4574 559 4614; x_wconf 73' lang='lat' dir='ltr'><strong>ge</strong></span> <span class='ocrx_word' id='word_1_633' title='bbox 575 4559 750 4628; x_wconf 68' lang='lat' dir='ltr'><strong>sequentibus</strong></span> <span class='ocrx_word' id='word_1_634' title='bbox 764 4556 877 4613; x_wconf 72' lang='lat' dir='ltr'><strong>sormam</strong></span> <span class='ocrx_word' id='word_1_635' title='bbox 901 4557 1062 4614; x_wconf 60' lang='lat' dir='ltr'><strong>humilitatis</strong></span> <span class='ocrx_word' id='word_1_636' title='bbox 1111 4545 1245 4611; x_wconf 81' lang='lat' dir='ltr'><strong>Detttittu,</strong></span> <span class='ocrx_word' id='word_1_637' title='bbox 1270 4547 1453 4604; x_wconf 77' lang='lat' dir='ltr'><strong>instituitatetn</strong></span> <span class='ocrx_word' id='word_1_638' title='bbox 1477 4568 1533 4606; x_wconf 75' lang='lat' dir='ltr'><strong>stile</strong></span> <span class='ocrx_word' id='word_1_639' title='bbox 1552 4553 1797 4622; x_wconf 82' lang='lat' dir='ltr'><strong>actioniserubuit,</strong></span> <span class='ocrx_word' id='word_1_640' title='bbox 1819 4557 1906 4613; x_wconf 59' lang='lat' dir='ltr'><strong>elini</strong></span> 
     </span>
    </p>
   </div>
   <div class='ocr_carea' id='block_1_11' title="bbox 244 4644 2006 4731">
    <p class='ocr_par' dir='ltr' id='par_1_11' title="bbox 244 4644 2006 4731">
     <span class='ocr_line' id='line_1_51' title="bbox 244 4644 2006 4731; baseline 0.002 -27"><span class='ocrx_word' id='word_1_641' title='bbox 244 4649 401 4714; x_wconf 67' lang='lat' dir='ltr'><strong>prebens,</strong></span> <span class='ocrx_word' id='word_1_642' title='bbox 416 4663 465 4720; x_wconf 88' lang='lat' dir='ltr'><strong>per</strong></span> <span class='ocrx_word' id='word_1_643' title='bbox 477 4648 637 4731; x_wconf 74' lang='lat' dir='ltr'><strong>exercitium</strong></span> <span class='ocrx_word' id='word_1_644' title='bbox 651 4647 865 4720; x_wconf 87' lang='lat' dir='ltr'><strong>longanimitatis</strong></span> <span class='ocrx_word' id='word_1_645' title='bbox 882 4663 938 4702; x_wconf 81' lang='lat' dir='ltr'><strong>succ</strong></span> <span class='ocrx_word' id='word_1_646' title='bbox 954 4648 1060 4717; x_wconf 91' lang='lat' dir='ltr'><strong>passio·</strong></span> <span class='ocrx_word' id='word_1_647' title='bbox 1112 4658 1172 4713; x_wconf 80' lang='lat' dir='ltr'><strong>qua·</strong></span> <span class='ocrx_word' id='word_1_648' title='bbox 1188 4644 1263 4719; x_wconf 88' lang='lat' dir='ltr'><strong>prius</strong></span> <span class='ocrx_word' id='word_1_649' title='bbox 1285 4644 1312 4698; x_wconf 90' lang='lat' dir='ltr'><strong>in</strong></span> <span class='ocrx_word' id='word_1_650' title='bbox 1328 4645 1432 4701; x_wconf 86' lang='lat' dir='ltr'><strong>camelo</strong></span> <span class='ocrx_word' id='word_1_651' title='bbox 1447 4647 1531 4702; x_wconf 91' lang='lat' dir='ltr'><strong>libere</strong></span> <span class='ocrx_word' id='word_1_652' title='bbox 1549 4648 1716 4718; x_wconf 85' lang='lat' dir='ltr'><strong>gestabatur,</strong></span> <span class='ocrx_word' id='word_1_653' title='bbox 1739 4650 1907 4707; x_wconf 80' lang='lat' dir='ltr'><strong>descendent</strong></span> <span class='ocrx_word' id='word_1_654' title='bbox 2003 4713 2006 4716; x_wconf 49' lang='grc'>,</span> 
     </span>
    </p>
   </div>
   <div class='ocr_carea' id='block_1_12' title="bbox 245 4734 1908 4840">
    <p class='ocr_par' dir='ltr' id='par_1_12' title="bbox 245 4734 1908 4840">
     <span class='ocr_line' id='line_1_52' title="bbox 245 4734 1908 4840; baseline 0.007 -54"><span class='ocrx_word' id='word_1_655' title='bbox 245 4739 363 4810; x_wconf 76' lang='lat' dir='ltr'><strong>nisque</strong></span> <span class='ocrx_word' id='word_1_656' title='bbox 378 4741 405 4795; x_wconf 85' lang='lat' dir='ltr'><strong>in</strong></span> <span class='ocrx_word' id='word_1_657' title='bbox 421 4756 452 4796; x_wconf 77' lang='lat' dir='ltr'><strong>ge</strong></span> <span class='ocrx_word' id='word_1_658' title='bbox 470 4750 498 4796; x_wconf 75' lang='lat' dir='ltr'><strong>et</strong></span> <span class='ocrx_word' id='word_1_659' title='bbox 515 4742 654 4812; x_wconf 62' lang='lat' dir='ltr'><strong>patiemim</strong></span> <span class='ocrx_word' id='word_1_660' title='bbox 671 4741 793 4812; x_wconf 63' lang='lat' dir='ltr'><strong>exempla</strong></span> <span class='ocrx_word' id='word_1_661' title='bbox 810 4741 979 4798; x_wconf 70' lang='lat' dir='ltr'><strong>monstravit,</strong></span> <span class='ocrx_word' id='word_1_662' title='bbox 1004 4740 1060 4796; x_wconf 79' lang='lat' dir='ltr'><strong>Me-</strong></span> <span class='ocrx_word' id='word_1_663' title='bbox 1073 4779 1100 4840; x_wconf 78' lang='lat' dir='ltr'>D</span> <span class='ocrx_word' id='word_1_664' title='bbox 1112 4734 1295 4803; x_wconf 84' lang='lat' dir='ltr'><strong>postmodum,</strong></span> <span class='ocrx_word' id='word_1_665' title='bbox 1314 4735 1475 4790; x_wconf 82' lang='lat' dir='ltr'><strong>verecundia</strong></span> <span class='ocrx_word' id='word_1_666' title='bbox 1488 4738 1598 4807; x_wconf 73' lang='lat' dir='ltr'><strong>legitur.</strong></span> <span class='ocrx_word' id='word_1_667' title='bbox 1616 4738 1692 4795; x_wconf 73' lang='lat' dir='ltr'><strong>Unde</strong></span> <span class='ocrx_word' id='word_1_668' title='bbox 1704 4741 1792 4797; x_wconf 71' lang='lat' dir='ltr'><strong>Eidem</strong></span> <span class='ocrx_word' id='word_1_669' title='bbox 1814 4742 1908 4798; x_wconf 76' lang='lat' dir='ltr'><strong>Eoeie·</strong></span> 
     </span>
    </p>
   </div>
   <div class='ocr_carea' id='block_1_13' title="bbox 243 4830 1064 5539">
    <p class='ocr_par' dir='ltr' id='par_1_13' title="bbox 243 4830 1064 5539">
     <span class='ocr_line' id='line_1_53' title="bbox 243 4830 1059 4904; baseline 0.001 -19"><span class='ocrx_word' id='word_1_670' title='bbox 243 4830 362 4888; x_wconf 73' lang='lat' dir='ltr'><strong>ditatio</strong></span> <span class='ocrx_word' id='word_1_671' title='bbox 375 4833 475 4904; x_wconf 85' lang='lat' dir='ltr'><strong>quippe</strong></span> <span class='ocrx_word' id='word_1_672' title='bbox 489 4849 628 4900; x_wconf 87' lang='lat' dir='ltr'><strong>armorum</strong></span> <span class='ocrx_word' id='word_1_673' title='bbox 642 4841 683 4890; x_wconf 89' lang='lat' dir='ltr'><strong>est</strong></span> <span class='ocrx_word' id='word_1_674' title='bbox 695 4834 874 4903; x_wconf 78' lang='lat' dir='ltr'><strong>frequentatio</strong></span> <span class='ocrx_word' id='word_1_675' title='bbox 894 4833 1059 4904; x_wconf 90' lang='lat' dir='ltr'><strong>passionum.</strong></span> 
     </span>
     <span class='ocr_line' id='line_1_54' title="bbox 247 4919 1063 4993; baseline 0 -16"><span class='ocrx_word' id='word_1_676' title='bbox 247 4919 321 4989; x_wconf 77' lang='lat' dir='ltr'><strong>Qut</strong></span> <span class='ocrx_word' id='word_1_677' title='bbox 333 4924 405 4978; x_wconf 90' lang='lat' dir='ltr'><strong>enim</strong></span> <span class='ocrx_word' id='word_1_678' title='bbox 421 4921 536 4980; x_wconf 75' lang='lat' dir='ltr'><strong>uerbera</strong></span> <span class='ocrx_word' id='word_1_679' title='bbox 558 4941 705 4992; x_wconf 91' lang='lat' dir='ltr'><strong>manuum,</strong></span> <span class='ocrx_word' id='word_1_680' title='bbox 729 4924 861 4987; x_wconf 81' lang='lat' dir='ltr'><strong>lanceam,</strong></span> <span class='ocrx_word' id='word_1_681' title='bbox 877 4939 985 4979; x_wconf 89' lang='lat' dir='ltr'><strong>crucem</strong></span> <span class='ocrx_word' id='word_1_682' title='bbox 1001 4938 1063 4993; x_wconf 88' lang='lat' dir='ltr'><strong>per·</strong></span> 
     </span>
     <span class='ocr_line' id='line_1_55' title="bbox 248 5014 1063 5088; baseline 0.012 -27"><span class='ocrx_word' id='word_1_683' title='bbox 248 5018 270 5061; x_wconf 83' lang='grc' dir='ltr'><strong>ι</strong></span> <span class='ocrx_word' id='word_1_684' title='bbox 283 5014 340 5079; x_wconf 88' lang='lat' dir='ltr'><strong>nlit,</strong></span> <span class='ocrx_word' id='word_1_685' title='bbox 358 5016 512 5085; x_wconf 87' lang='lat' dir='ltr'><strong>passionem</strong></span> <span class='ocrx_word' id='word_1_686' title='bbox 539 5032 616 5071; x_wconf 92' lang='lat' dir='ltr'><strong>suam</strong></span> <span class='ocrx_word' id='word_1_687' title='bbox 638 5032 724 5088; x_wconf 89' lang='lat' dir='ltr'><strong>usqne</strong></span> <span class='ocrx_word' id='word_1_688' title='bbox 748 5016 783 5070; x_wconf 92' lang='lat' dir='ltr'><strong>ad</strong></span> <span class='ocrx_word' id='word_1_689' title='bbox 803 5024 917 5071; x_wconf 92' lang='lat' dir='ltr'><strong>mortem</strong></span> <span class='ocrx_word' id='word_1_690' title='bbox 934 5016 1063 5085; x_wconf 79' lang='lat' dir='ltr'><strong>frequen-</strong></span> 
     </span>
     <span class='ocr_line' id='line_1_56' title="bbox 255 5103 1062 5176; baseline 0.004 -19"><span class='ocrx_word' id='word_1_691' title='bbox 255 5103 330 5157; x_wconf 60' lang='lat' dir='ltr'><strong>tare</strong></span> <span class='ocrx_word' id='word_1_692' title='bbox 343 5105 475 5175; x_wconf 90' lang='lat' dir='ltr'><strong>permisit.</strong></span> <span class='ocrx_word' id='word_1_693' title='bbox 501 5103 647 5160; x_wconf 87' lang='lat' dir='ltr'><strong>Passiones</strong></span> <span class='ocrx_word' id='word_1_694' title='bbox 668 5120 732 5160; x_wconf 77' lang='lat' dir='ltr'><strong>uero</strong></span> <span class='ocrx_word' id='word_1_695' title='bbox 751 5121 827 5159; x_wconf 78' lang='lat' dir='ltr'><strong>arana</strong></span> <span class='ocrx_word' id='word_1_696' title='bbox 852 5106 977 5171; x_wconf 88' lang='lat' dir='ltr'><strong>dieiruus,</strong></span> <span class='ocrx_word' id='word_1_697' title='bbox 999 5108 1062 5176; x_wconf 93' lang='lat' dir='ltr'><strong>quia</strong></span> 
     </span>
     <span class='ocr_line' id='line_1_57' title="bbox 255 5196 1064 5268; baseline -0.005 -14"><span class='ocrx_word' id='word_1_698' title='bbox 255 5202 321 5254; x_wconf 69' lang='lat' dir='ltr'><strong>nar</strong></span> <span class='ocrx_word' id='word_1_699' title='bbox 334 5196 404 5266; x_wconf 80' lang='lat' dir='ltr'><strong>ipsas</strong></span> <span class='ocrx_word' id='word_1_700' title='bbox 418 5197 454 5251; x_wconf 90' lang='lat' dir='ltr'><strong>ab</strong></span> <span class='ocrx_word' id='word_1_701' title='bbox 469 5197 626 5253; x_wconf 81' lang='lat' dir='ltr'><strong>adversario</strong></span> <span class='ocrx_word' id='word_1_702' title='bbox 639 5197 746 5253; x_wconf 82' lang='lat' dir='ltr'><strong>orerrlto</strong></span> <span class='ocrx_word' id='word_1_703' title='bbox 762 5197 918 5263; x_wconf 89' lang='lat' dir='ltr'><strong>liberamur,</strong></span> <span class='ocrx_word' id='word_1_704' title='bbox 933 5198 1003 5253; x_wconf 91' lang='lat' dir='ltr'><strong>sieut</strong></span> <span class='ocrx_word' id='word_1_705' title='bbox 1015 5213 1064 5268; x_wconf 91' lang='lat' dir='ltr'><strong>per</strong></span> 
     </span>
     <span class='ocr_line' id='line_1_58' title="bbox 259 5286 1063 5358; baseline 0.005 -21"><span class='ocrx_word' id='word_1_706' title='bbox 259 5286 387 5354; x_wconf 66' lang='lat' dir='ltr'><strong>seipsum</strong></span> <span class='ocrx_word' id='word_1_707' title='bbox 400 5287 531 5343; x_wconf 64' lang='lat' dir='ltr'><strong>murinus</strong></span> <span class='ocrx_word' id='word_1_708' title='bbox 543 5288 609 5342; x_wconf 92' lang='lat' dir='ltr'><strong>dicit</strong></span> <span class='ocrx_word' id='word_1_709' title='bbox 623 5304 630 5342; x_wconf 75' lang='grc' dir='ltr'><strong>ε</strong></span> <span class='ocrx_word' id='word_1_710' title='bbox 644 5287 678 5342; x_wconf 82' lang='lat' dir='ltr'><strong>lat</strong></span> <span class='ocrx_word' id='word_1_711' title='bbox 695 5287 822 5358; x_wconf 82' lang='lat' dir='ltr'><strong>patientia</strong></span> <span class='ocrx_word' id='word_1_712' title='bbox 844 5297 928 5341; x_wconf 83' lang='lat' dir='ltr'><strong>cestro</strong></span> <span class='ocrx_word' id='word_1_713' title='bbox 944 5288 1063 5358; x_wconf 76' lang='lat' dir='ltr'><strong>posside·</strong></span> 
     </span>
     <span class='ocr_line' id='line_1_59' title="bbox 262 5370 1063 5452; baseline 0.01 -27"><span class='ocrx_word' id='word_1_714' title='bbox 262 5370 333 5427; x_wconf 73' lang='lat' dir='ltr'><strong>buis</strong></span> <span class='ocrx_word' id='word_1_715' title='bbox 344 5378 446 5433; x_wconf 81' lang='lat' dir='ltr'><strong>animoa</strong></span> <span class='ocrx_word' id='word_1_716' title='bbox 462 5390 561 5433; x_wconf 75' lang='lat' dir='ltr'><strong>restrae</strong></span> <span class='ocrx_word' id='word_1_717' title='bbox 576 5378 656 5452; x_wconf 82' lang='lat' dir='ltr'><strong>(Lac.</strong></span> <span class='ocrx_word' id='word_1_718' title='bbox 679 5379 752 5451; x_wconf 81' lang='lat' dir='ltr'><strong>xxa).</strong></span> <span class='ocrx_word' id='word_1_719' title='bbox 766 5379 816 5446; x_wconf 83' lang='lat' dir='ltr'><strong>Qui</strong></span> <span class='ocrx_word' id='word_1_720' title='bbox 830 5379 863 5434; x_wconf 91' lang='lat' dir='ltr'><strong>ad</strong></span> <span class='ocrx_word' id='word_1_721' title='bbox 879 5379 1063 5435; x_wconf 83' lang='lat' dir='ltr'><strong>meditandum</strong></span> 
     </span>
     <span class='ocr_line' id='line_1_60' title="bbox 266 5455 1064 5539; baseline 0.006 -21"><span class='ocrx_word' id='word_1_722' title='bbox 266 5455 307 5515; x_wconf 77' lang='lat' dir='ltr'><strong>in</strong></span> <span class='ocrx_word' id='word_1_723' title='bbox 327 5482 389 5537; x_wconf 88' lang='lat' dir='ltr'><strong>agro</strong></span> <span class='ocrx_word' id='word_1_724' title='bbox 415 5467 543 5524; x_wconf 89' lang='lat' dir='ltr'><strong>inclinata</strong></span> <span class='ocrx_word' id='word_1_725' title='bbox 568 5467 625 5538; x_wconf 78' lang='lat' dir='ltr'><strong>iam</strong></span> <span class='ocrx_word' id='word_1_726' title='bbox 650 5469 693 5526; x_wconf 91' lang='lat' dir='ltr'><strong>die</strong></span> <span class='ocrx_word' id='word_1_727' title='bbox 717 5468 792 5534; x_wconf 86' lang='lat' dir='ltr'><strong>exiit,</strong></span> <span class='ocrx_word' id='word_1_728' title='bbox 818 5468 881 5539; x_wconf 87' lang='lat' dir='ltr'><strong>quia</strong></span> <span class='ocrx_word' id='word_1_729' title='bbox 908 5469 1064 5539; x_wconf 89' lang='lat' dir='ltr'><strong>passionum</strong></span> 
     </span>
    </p>
   </div>
   <div class='ocr_carea' id='block_1_14' title="bbox 272 5541 1908 5633">
    <p class='ocr_par' dir='ltr' id='par_1_14' title="bbox 272 5541 1908 5633">
     <span class='ocr_line' id='line_1_61' title="bbox 272 5541 1908 5633; baseline 0.009 -30"><span class='ocrx_word' id='word_1_730' title='bbox 272 5558 400 5612; x_wconf 75' lang='lat' dir='ltr'><strong>exercitia</strong></span> <span class='ocrx_word' id='word_1_731' title='bbox 410 5556 487 5627; x_wconf 81' lang='lat' dir='ltr'><strong>iuxta</strong></span> <span class='ocrx_word' id='word_1_732' title='bbox 502 5559 582 5614; x_wconf 89' lang='lat' dir='ltr'><strong>linem</strong></span> <span class='ocrx_word' id='word_1_733' title='bbox 596 5560 689 5614; x_wconf 89' lang='lat' dir='ltr'><strong>mundi</strong></span> <span class='ocrx_word' id='word_1_734' title='bbox 710 5560 838 5628; x_wconf 86' lang='lat' dir='ltr'><strong>suscepit,</strong></span> <span class='ocrx_word' id='word_1_735' title='bbox 851 5559 920 5615; x_wconf 92' lang='lat' dir='ltr'><strong>sicut</strong></span> <span class='ocrx_word' id='word_1_736' title='bbox 930 5576 978 5631; x_wconf 87' lang='lat' dir='ltr'><strong>per·</strong></span> <span class='ocrx_word' id='word_1_737' title='bbox 991 5541 1102 5615; x_wconf 58' lang='lat' dir='ltr'><strong>Psoi-&#39;⁴²&#39;</strong></span> <span class='ocrx_word' id='word_1_738' title='bbox 1116 5554 1345 5623; x_wconf 85' lang='lat' dir='ltr'><strong>contemplatione</strong></span> <span class='ocrx_word' id='word_1_739' title='bbox 1369 5557 1517 5628; x_wconf 82' lang='lat' dir='ltr'><strong>conjungit,</strong></span> <span class='ocrx_word' id='word_1_740' title='bbox 1541 5571 1572 5614; x_wconf 92' lang='lat' dir='ltr'><strong>ut</strong></span> <span class='ocrx_word' id='word_1_741' title='bbox 1588 5576 1648 5630; x_wconf 74' lang='lat' dir='ltr'><strong>quae</strong></span> <span class='ocrx_word' id='word_1_742' title='bbox 1662 5562 1737 5632; x_wconf 84' lang='lat' dir='ltr'><strong>prius</strong></span> <span class='ocrx_word' id='word_1_743' title='bbox 1758 5578 1792 5617; x_wconf 84' lang='lat' dir='ltr'><strong>ex</strong></span> <span class='ocrx_word' id='word_1_744' title='bbox 1806 5577 1908 5633; x_wconf 88' lang='lat' dir='ltr'><strong>cogna-</strong></span> 
     </span>
    </p>
   </div>
   <div class='ocr_carea' id='block_1_15' title="bbox 1115 4828 1912 5539">
    <p class='ocr_par' dir='ltr' id='par_1_15' title="bbox 1115 4828 1912 5539">
     <span class='ocr_line' id='line_1_62' title="bbox 1115 4828 1907 4903; baseline 0.011 -20"><span class='ocrx_word' id='word_1_745' title='bbox 1115 4828 1162 4883; x_wconf 77' lang='lat' dir='ltr'><strong>sice</strong></span> <span class='ocrx_word' id='word_1_746' title='bbox 1173 4844 1189 4883; x_wconf 90' lang='lat' dir='ltr'><strong>a</strong></span> <span class='ocrx_word' id='word_1_747' title='bbox 1200 4829 1292 4899; x_wconf 88' lang='lat' dir='ltr'><strong>priore</strong></span> <span class='ocrx_word' id='word_1_748' title='bbox 1304 4828 1420 4885; x_wconf 90' lang='lat' dir='ltr'><strong>elatione</strong></span> <span class='ocrx_word' id='word_1_749' title='bbox 1433 4846 1581 4896; x_wconf 81' lang='lat' dir='ltr'><strong>conversae,</strong></span> <span class='ocrx_word' id='word_1_750' title='bbox 1604 4848 1652 4903; x_wconf 92' lang='lat' dir='ltr'><strong>per</strong></span> <span class='ocrx_word' id='word_1_751' title='bbox 1668 4835 1844 4903; x_wconf 89' lang='lat' dir='ltr'><strong>apostolicam</strong></span> <span class='ocrx_word' id='word_1_752' title='bbox 1857 4852 1907 4892; x_wconf 82' lang='lat' dir='ltr'><strong>uo-</strong></span> 
     </span>
     <span class='ocr_line' id='line_1_63' title="bbox 1115 4920 1909 4998; baseline 0.011 -25"><span class='ocrx_word' id='word_1_753' title='bbox 1115 4933 1186 4986; x_wconf 92' lang='lat' dir='ltr'><strong>cem,</strong></span> <span class='ocrx_word' id='word_1_754' title='bbox 1200 4920 1276 4989; x_wconf 88' lang='lat' dir='ltr'><strong>quasi</strong></span> <span class='ocrx_word' id='word_1_755' title='bbox 1288 4920 1417 4976; x_wconf 78' lang='lat' dir='ltr'><strong>Rebeccae</strong></span> <span class='ocrx_word' id='word_1_756' title='bbox 1429 4921 1462 4976; x_wconf 90' lang='lat' dir='ltr'><strong>de</strong></span> <span class='ocrx_word' id='word_1_757' title='bbox 1476 4922 1581 4977; x_wconf 86' lang='lat' dir='ltr'><strong>carnelo</strong></span> <span class='ocrx_word' id='word_1_758' title='bbox 1598 4921 1785 4992; x_wconf 79' lang='lat' dir='ltr'><strong>descendenti,</strong></span> <span class='ocrx_word' id='word_1_759' title='bbox 1802 4926 1909 4998; x_wconf 87' lang='lat' dir='ltr'><strong>sibique</strong></span> 
     </span>
     <span class='ocr_line' id='line_1_64' title="bbox 1115 5008 1908 5086; baseline 0.013 -25"><span class='ocrx_word' id='word_1_760' title='bbox 1115 5008 1226 5077; x_wconf 89' lang='lat' dir='ltr'><strong>pallium</strong></span> <span class='ocrx_word' id='word_1_761' title='bbox 1249 5011 1449 5079; x_wconf 66' lang='lat' dir='ltr'><strong>superducenti</strong></span> <span class='ocrx_word' id='word_1_762' title='bbox 1474 5013 1575 5068; x_wconf 88' lang='lat' dir='ltr'><strong>dieitur</strong></span> <span class='ocrx_word' id='word_1_763' title='bbox 1586 5031 1593 5066; x_wconf 89' lang='lat'>:</span> <span class='ocrx_word' id='word_1_764' title='bbox 1606 5012 1688 5078; x_wconf 80' lang='lat' dir='ltr'><strong>Quam</strong></span> <span class='ocrx_word' id='word_1_765' title='bbox 1705 5017 1774 5070; x_wconf 82' lang='lat' dir='ltr'><strong>enim</strong></span> <span class='ocrx_word' id='word_1_766' title='bbox 1790 5017 1908 5086; x_wconf 71' lang='lat' dir='ltr'><strong>fructum</strong></span> 
     </span>
     <span class='ocr_line' id='line_1_65' title="bbox 1116 5100 1912 5176; baseline 0.013 -23"><span class='ocrx_word' id='word_1_767' title='bbox 1116 5100 1243 5156; x_wconf 83' lang='lat' dir='ltr'><strong>bolaiatit</strong></span> <span class='ocrx_word' id='word_1_768' title='bbox 1265 5112 1327 5156; x_wconf 85' lang='lat' dir='ltr'><strong>tunc</strong></span> <span class='ocrx_word' id='word_1_769' title='bbox 1347 5103 1376 5156; x_wconf 87' lang='lat' dir='ltr'><strong>io</strong></span> <span class='ocrx_word' id='word_1_770' title='bbox 1400 5102 1464 5168; x_wconf 83' lang='lat' dir='ltr'><strong>illia,</strong></span> <span class='ocrx_word' id='word_1_771' title='bbox 1490 5105 1516 5158; x_wconf 87' lang='lat' dir='ltr'><strong>t&#39;n</strong></span> <span class='ocrx_word' id='word_1_772' title='bbox 1540 5105 1715 5176; x_wconf 75' lang='lat' dir='ltr'><strong>quibustuae</strong></span> <span class='ocrx_word' id='word_1_773' title='bbox 1737 5109 1912 5164; x_wconf 76' lang='lat' dir='ltr'><strong>erubescitis?</strong></span> 
     </span>
     <span class='ocr_line' id='line_1_66' title="bbox 1117 5188 1907 5260; baseline 0.014 -18"><span class='ocrx_word' id='word_1_774' title='bbox 1117 5188 1209 5259; x_wconf 74' lang='lat' dir='ltr'><strong>(Rom.</strong></span> <span class='ocrx_word' id='word_1_775' title='bbox 1232 5191 1290 5260; x_wconf 87' lang='grc' dir='ltr'><strong>ιι.)</strong></span> <span class='ocrx_word' id='word_1_776' title='bbox 1317 5192 1403 5258; x_wconf 85' lang='lat' dir='ltr'><strong>Quam</strong></span> <span class='ocrx_word' id='word_1_777' title='bbox 1418 5193 1495 5249; x_wconf 89' lang='lat' dir='ltr'><strong>lsaac</strong></span> <span class='ocrx_word' id='word_1_778' title='bbox 1513 5195 1539 5248; x_wconf 95' lang='lat' dir='ltr'><strong>in</strong></span> <span class='ocrx_word' id='word_1_779' title='bbox 1556 5194 1757 5252; x_wconf 90' lang='lat' dir='ltr'><strong>tabernaculum</strong></span> <span class='ocrx_word' id='word_1_780' title='bbox 1779 5214 1834 5255; x_wconf 86' lang='lat' dir='ltr'><strong>suae</strong></span> <span class='ocrx_word' id='word_1_781' title='bbox 1848 5215 1907 5253; x_wconf 90' lang='lat' dir='ltr'><strong>ma·</strong></span> 
     </span>
     <span class='ocr_line' id='line_1_67' title="bbox 1117 5281 1911 5361; baseline 0.014 -27"><span class='ocrx_word' id='word_1_782' title='bbox 1117 5281 1165 5335; x_wconf 92' lang='lat' dir='ltr'><strong>tris</strong></span> <span class='ocrx_word' id='word_1_783' title='bbox 1181 5281 1330 5336; x_wconf 80' lang='lat' dir='ltr'><strong>introduxit</strong></span> <span class='ocrx_word' id='word_1_784' title='bbox 1344 5291 1425 5353; x_wconf 78' lang='lat' dir='ltr'><strong>auqrre</strong></span> <span class='ocrx_word' id='word_1_785' title='bbox 1441 5299 1552 5340; x_wconf 86' lang='lat' dir='ltr'><strong>uxorem</strong></span> <span class='ocrx_word' id='word_1_786' title='bbox 1567 5288 1687 5356; x_wconf 89' lang='lat' dir='ltr'><strong>aceepit,</strong></span> <span class='ocrx_word' id='word_1_787' title='bbox 1710 5290 1773 5359; x_wconf 93' lang='lat' dir='ltr'><strong>quia</strong></span> <span class='ocrx_word' id='word_1_788' title='bbox 1786 5289 1846 5344; x_wconf 92' lang='lat' dir='ltr'><strong>loco</strong></span> <span class='ocrx_word' id='word_1_789' title='bbox 1859 5290 1911 5361; x_wconf 81' lang='lat' dir='ltr'><strong>Sy-</strong></span> 
     </span>
     <span class='ocr_line' id='line_1_68' title="bbox 1116 5373 1909 5448; baseline 0.013 -22"><span class='ocrx_word' id='word_1_790' title='bbox 1116 5389 1226 5444; x_wconf 87' lang='lat' dir='ltr'><strong>nagogae</strong></span> <span class='ocrx_word' id='word_1_791' title='bbox 1248 5373 1376 5430; x_wconf 85' lang='lat' dir='ltr'><strong>Dourinus</strong></span> <span class='ocrx_word' id='word_1_792' title='bbox 1397 5392 1428 5431; x_wconf 86' lang='lat' dir='ltr'><strong>ex</strong></span> <span class='ocrx_word' id='word_1_793' title='bbox 1442 5391 1494 5446; x_wconf 88' lang='lat' dir='ltr'><strong>qua</strong></span> <span class='ocrx_word' id='word_1_794' title='bbox 1508 5393 1557 5448; x_wconf 92' lang='lat' dir='ltr'><strong>per</strong></span> <span class='ocrx_word' id='word_1_795' title='bbox 1577 5394 1685 5436; x_wconf 82' lang='lat' dir='ltr'><strong>earnem</strong></span> <span class='ocrx_word' id='word_1_796' title='bbox 1699 5391 1779 5438; x_wconf 82' lang='lat' dir='ltr'><strong>iratus</strong></span> <span class='ocrx_word' id='word_1_797' title='bbox 1792 5392 1834 5438; x_wconf 89' lang='lat' dir='ltr'><strong>est</strong></span> <span class='ocrx_word' id='word_1_798' title='bbox 1847 5398 1909 5437; x_wconf 87' lang='lat' dir='ltr'><strong>san-</strong></span> 
     </span>
     <span class='ocr_line' id='line_1_69' title="bbox 1116 5463 1909 5539; baseline 0.013 -23"><span class='ocrx_word' id='word_1_799' title='bbox 1116 5473 1189 5517; x_wconf 87' lang='lat' dir='ltr'><strong>ctam</strong></span> <span class='ocrx_word' id='word_1_800' title='bbox 1218 5463 1365 5518; x_wconf 89' lang='lat' dir='ltr'><strong>Ecclesiam</strong></span> <span class='ocrx_word' id='word_1_801' title='bbox 1388 5466 1497 5537; x_wconf 86' lang='lat' dir='ltr'><strong>delegit,</strong></span> <span class='ocrx_word' id='word_1_802' title='bbox 1523 5484 1638 5539; x_wconf 89' lang='lat' dir='ltr'><strong>eamque</strong></span> <span class='ocrx_word' id='word_1_803' title='bbox 1657 5472 1709 5526; x_wconf 88' lang='lat' dir='ltr'><strong>sibi</strong></span> <span class='ocrx_word' id='word_1_804' title='bbox 1722 5473 1749 5527; x_wconf 91' lang='lat' dir='ltr'><strong>in</strong></span> <span class='ocrx_word' id='word_1_805' title='bbox 1770 5488 1864 5527; x_wconf 86' lang='lat' dir='ltr'><strong>amore</strong></span> <span class='ocrx_word' id='word_1_806' title='bbox 1881 5481 1909 5526; x_wconf 92' lang='lat' dir='ltr'><strong>et</strong></span> 
     </span>
    </p>
   </div>
   <div class='ocr_carea' id='block_1_16' title="bbox 187 5645 1909 5721">
    <p class='ocr_par' dir='ltr' id='par_1_16' title="bbox 187 5645 1909 5721">
     <span class='ocr_line' id='line_1_70' title="bbox 187 5645 1909 5721; baseline 0.009 -28"><span class='ocrx_word' id='word_1_807' title='bbox 187 5660 190 5669; x_wconf 95' lang='lat'><em>·</em></span> <span class='ocrx_word' id='word_1_808' title='bbox 275 5645 380 5701; x_wconf 72' lang='lat' dir='ltr'><strong>liliatam</strong></span> <span class='ocrx_word' id='word_1_809' title='bbox 405 5648 439 5704; x_wconf 75' lang='lat' dir='ltr'><strong>de</strong></span> <span class='ocrx_word' id='word_1_810' title='bbox 463 5649 648 5705; x_wconf 74' lang='lat' dir='ltr'><strong>crucifixionis</strong></span> <span class='ocrx_word' id='word_1_811' title='bbox 672 5665 728 5706; x_wconf 78' lang='lat' dir='ltr'><strong>snae</strong></span> <span class='ocrx_word' id='word_1_812' title='bbox 747 5651 922 5719; x_wconf 76' lang='lat' dir='ltr'><strong>expressione</strong></span> <span class='ocrx_word' id='word_1_813' title='bbox 946 5650 1067 5719; x_wconf 79' lang='lat' dir='ltr'><strong>loquitur</strong></span> <span class='ocrx_word' id='word_1_814' title='bbox 1118 5647 1190 5700; x_wconf 82' lang='lat' dir='ltr'><strong>lione</strong></span> <span class='ocrx_word' id='word_1_815' title='bbox 1201 5646 1333 5716; x_wconf 76' lang='lat' dir='ltr'><strong>proxima,</strong></span> <span class='ocrx_word' id='word_1_816' title='bbox 1350 5646 1376 5702; x_wconf 84' lang='lat' dir='ltr'><strong>id</strong></span> <span class='ocrx_word' id='word_1_817' title='bbox 1391 5659 1442 5713; x_wconf 83' lang='lat' dir='ltr'><strong>esi,</strong></span> <span class='ocrx_word' id='word_1_818' title='bbox 1458 5650 1566 5718; x_wconf 74' lang='lat' dir='ltr'><strong>cognita</strong></span> <span class='ocrx_word' id='word_1_819' title='bbox 1581 5665 1630 5720; x_wconf 79' lang='lat' dir='ltr'><strong>pet·</strong></span> <span class='ocrx_word' id='word_1_820' title='bbox 1643 5651 1909 5721; x_wconf 74' lang='lat' dir='ltr'><strong>praedestinationem</strong></span> 
     </span>
    </p>
   </div>
   <div class='ocr_carea' id='block_1_17' title="bbox 280 5730 1066 5905">
    <p class='ocr_par' dir='ltr' id='par_1_17' title="bbox 280 5730 1066 5905">
     <span class='ocr_line' id='line_1_71' title="bbox 280 5730 1066 5812; baseline 0.005 -18"><span class='ocrx_word' id='word_1_821' title='bbox 280 5730 366 5796; x_wconf 66' lang='lat' dir='ltr'><strong>&lt;teas</strong></span> <span class='ocrx_word' id='word_1_822' title='bbox 380 5759 387 5794; x_wconf 90' lang='lat'>:</span> <span class='ocrx_word' id='word_1_823' title='bbox 401 5740 521 5797; x_wconf 81' lang='lat' dir='ltr'><strong>Elemtic</strong></span> <span class='ocrx_word' id='word_1_824' title='bbox 547 5757 674 5796; x_wconf 84' lang='grc' dir='ltr'><strong>ιιιιιιιιιιιιιι</strong></span> <span class='ocrx_word' id='word_1_825' title='bbox 703 5758 820 5797; x_wconf 84' lang='lat' dir='ltr'><strong>meorum</strong></span> <span class='ocrx_word' id='word_1_826' title='bbox 840 5742 1000 5812; x_wconf 71' lang='lat' dir='ltr'><strong>sucrificium</strong></span> <span class='ocrx_word' id='word_1_827' title='bbox 1022 5761 1066 5798; x_wconf 85' lang='lat' dir='ltr'><strong>ee-</strong></span> 
     </span>
     <span class='ocr_line' id='line_1_72' title="bbox 280 5831 1066 5905; baseline -0.003 -13"><span class='ocrx_word' id='word_1_828' title='bbox 280 5833 414 5892; x_wconf 69' lang='lat' dir='ltr'><strong>‘mitram</strong></span> <span class='ocrx_word' id='word_1_829' title='bbox 438 5831 532 5905; x_wconf 78' lang='lat' dir='ltr'><strong>(Pani.</strong></span> <span class='ocrx_word' id='word_1_830' title='bbox 559 5834 639 5904; x_wconf 83' lang='lat' dir='ltr'><strong>cxx).</strong></span> <span class='ocrx_word' id='word_1_831' title='bbox 656 5833 725 5901; x_wconf 83' lang='lat' dir='ltr'><strong>Quid</strong></span> <span class='ocrx_word' id='word_1_832' title='bbox 743 5842 784 5889; x_wconf 93' lang='lat' dir='ltr'><strong>cst</strong></span> <span class='ocrx_word' id='word_1_833' title='bbox 804 5844 893 5889; x_wconf 86' lang='lat' dir='ltr'><strong>autern</strong></span> <span class='ocrx_word' id='word_1_834' title='bbox 916 5837 987 5904; x_wconf 91' lang='lat' dir='ltr'><strong>quod</strong></span> <span class='ocrx_word' id='word_1_835' title='bbox 1013 5836 1066 5890; x_wconf 88' lang='lat' dir='ltr'><strong>lle·</strong></span> 
     </span>
    </p>
   </div>
   <div class='ocr_carea' id='block_1_18' title="bbox 1119 5737 1917 5899">
    <p class='ocr_par' dir='ltr' id='par_1_18' title="bbox 1119 5737 1917 5899">
     <span class='ocr_line' id='line_1_73' title="bbox 1119 5737 1910 5810; baseline 0.009 -20"><span class='ocrx_word' id='word_1_836' title='bbox 1119 5737 1217 5801; x_wconf 86' lang='lat' dir='ltr'><strong>iuerat,</strong></span> <span class='ocrx_word' id='word_1_837' title='bbox 1233 5737 1406 5809; x_wconf 88' lang='lat' dir='ltr'><strong>postmodum</strong></span> <span class='ocrx_word' id='word_1_838' title='bbox 1423 5737 1479 5807; x_wconf 84' lang='lat' dir='ltr'><strong>jam</strong></span> <span class='ocrx_word' id='word_1_839' title='bbox 1498 5740 1642 5810; x_wconf 82' lang='lat' dir='ltr'><strong>conjuncta</strong></span> <span class='ocrx_word' id='word_1_840' title='bbox 1658 5742 1686 5795; x_wconf 92' lang='lat' dir='ltr'><strong>in</strong></span> <span class='ocrx_word' id='word_1_841' title='bbox 1707 5755 1799 5798; x_wconf 87' lang='lat' dir='ltr'><strong>amore</strong></span> <span class='ocrx_word' id='word_1_842' title='bbox 1818 5743 1910 5798; x_wconf 90' lang='lat' dir='ltr'><strong>couti·</strong></span> 
     </span>
     <span class='ocr_line' id='line_1_74' title="bbox 1119 5828 1917 5899; baseline 0.01 -17"><span class='ocrx_word' id='word_1_843' title='bbox 1119 5843 1173 5883; x_wconf 89' lang='lat' dir='ltr'><strong>mm</strong></span> <span class='ocrx_word' id='word_1_844' title='bbox 1186 5845 1255 5883; x_wconf 85' lang='lat' dir='ltr'><strong>uxor</strong></span> <span class='ocrx_word' id='word_1_845' title='bbox 1268 5828 1325 5883; x_wconf 83' lang='lat' dir='ltr'><strong>bat.</strong></span> <span class='ocrx_word' id='word_1_846' title='bbox 1342 5828 1428 5897; x_wconf 83' lang='lat' dir='ltr'><strong>Quam</strong></span> <span class='ocrx_word' id='word_1_847' title='bbox 1444 5831 1470 5886; x_wconf 90' lang='lat' dir='ltr'><strong>in</strong></span> <span class='ocrx_word' id='word_1_848' title='bbox 1487 5839 1591 5885; x_wconf 89' lang='lat' dir='ltr'><strong>tantum</strong></span> <span class='ocrx_word' id='word_1_849' title='bbox 1612 5831 1717 5897; x_wconf 84' lang='lat' dir='ltr'><strong>dilexit,</strong></span> <span class='ocrx_word' id='word_1_850' title='bbox 1742 5842 1772 5888; x_wconf 94' lang='lat' dir='ltr'><strong>ut</strong></span> <span class='ocrx_word' id='word_1_851' title='bbox 1788 5833 1917 5899; x_wconf 66' lang='lat' dir='ltr'><strong>dolorem,</strong></span> 
     </span>
    </p>
   </div>
   <div class='ocr_carea' id='block_1_19' title="bbox 186 5910 1912 6089">
    <p class='ocr_par' dir='ltr' id='par_1_19' title="bbox 186 5910 1912 6089">
     <span class='ocr_line' id='line_1_75' title="bbox 187 5910 1911 5995; baseline 0.008 -28"><span class='ocrx_word' id='word_1_852' title='bbox 187 5917 219 5977; x_wconf 49' lang='lat' dir='ltr'><strong>¹d</strong></span> <span class='ocrx_word' id='word_1_853' title='bbox 284 5910 353 5978; x_wconf 66' lang='lat' dir='ltr'><strong>itcaca</strong></span> <span class='ocrx_word' id='word_1_854' title='bbox 369 5925 404 5979; x_wconf 76' lang='lat' dir='ltr'><strong>acl</strong></span> <span class='ocrx_word' id='word_1_855' title='bbox 423 5923 500 5981; x_wconf 89' lang='lat' dir='ltr'><strong>isaac</strong></span> <span class='ocrx_word' id='word_1_856' title='bbox 515 5927 597 5981; x_wconf 87' lang='lat' dir='ltr'><strong>dorso</strong></span> <span class='ocrx_word' id='word_1_857' title='bbox 618 5924 715 5980; x_wconf 88' lang='lat' dir='ltr'><strong>cameli</strong></span> <span class='ocrx_word' id='word_1_858' title='bbox 740 5923 896 5989; x_wconf 89' lang='lat' dir='ltr'><strong>deducitur,</strong></span> <span class='ocrx_word' id='word_1_859' title='bbox 923 5925 976 5980; x_wconf 90' lang='lat' dir='ltr'><strong>nisi</strong></span> <span class='ocrx_word' id='word_1_860' title='bbox 996 5926 1067 5995; x_wconf 90' lang='lat' dir='ltr'><strong>quod</strong></span> <span class='ocrx_word' id='word_1_861' title='bbox 1119 5920 1165 5988; x_wconf 88' lang='lat' dir='ltr'><strong>qai</strong></span> <span class='ocrx_word' id='word_1_862' title='bbox 1179 5934 1213 5972; x_wconf 78' lang='lat' dir='ltr'><strong>oa</strong></span> <span class='ocrx_word' id='word_1_863' title='bbox 1236 5929 1324 5974; x_wconf 88' lang='lat' dir='ltr'><strong>morte</strong></span> <span class='ocrx_word' id='word_1_864' title='bbox 1348 5921 1442 5974; x_wconf 82' lang='lat' dir='ltr'><strong>irratris</strong></span> <span class='ocrx_word' id='word_1_865' title='bbox 1467 5929 1629 5987; x_wconf 85' lang='lat' dir='ltr'><strong>accesserat,</strong></span> <span class='ocrx_word' id='word_1_866' title='bbox 1648 5930 1821 5992; x_wconf 83' lang='lat' dir='ltr'><strong>temperaret,</strong></span> <span class='ocrx_word' id='word_1_867' title='bbox 1847 5926 1911 5995; x_wconf 90' lang='lat' dir='ltr'><strong>quia</strong></span> 
     </span>
     <span class='ocr_line' id='line_1_76' title="bbox 186 5998 1912 6089; baseline 0.006 -24"><span class='ocrx_word' id='word_1_868' title='bbox 186 6002 221 6088; x_wconf 55' lang='lat' dir='ltr'><strong>*J</strong></span> <span class='ocrx_word' id='word_1_869' title='bbox 281 5998 388 6086; x_wconf 77' lang='lat' dir='ltr'><strong>iamper</strong></span> <span class='ocrx_word' id='word_1_870' title='bbox 402 6013 566 6083; x_wconf 79' lang='lat' dir='ltr'><strong>Rebeccam,</strong></span> <span class='ocrx_word' id='word_1_871' title='bbox 592 6017 660 6072; x_wconf 88' lang='lat' dir='ltr'><strong>sicot</strong></span> <span class='ocrx_word' id='word_1_872' title='bbox 682 6013 787 6086; x_wconf 82' lang='lat' dir='ltr'><strong>praesnti</strong></span> <span class='ocrx_word' id='word_1_873' title='bbox 804 6032 907 6081; x_wconf 88' lang='lat' dir='ltr'><strong>sumus,</strong></span> <span class='ocrx_word' id='word_1_874' title='bbox 934 6014 1067 6084; x_wconf 82' lang='lat' dir='ltr'><strong>Ecclesia,</strong></span> <span class='ocrx_word' id='word_1_875' title='bbox 1119 6029 1153 6067; x_wconf 79' lang='lat' dir='ltr'><strong>ex</strong></span> <span class='ocrx_word' id='word_1_876' title='bbox 1177 6013 1252 6069; x_wconf 84' lang='lat' dir='ltr'><strong>lucro</strong></span> <span class='ocrx_word' id='word_1_877' title='bbox 1272 6022 1372 6068; x_wconf 78' lang='lat' dir='ltr'><strong>sanotae</strong></span> <span class='ocrx_word' id='word_1_878' title='bbox 1398 6012 1524 6070; x_wconf 77' lang='lat' dir='ltr'><strong>Ecclesiae</strong></span> <span class='ocrx_word' id='word_1_879' title='bbox 1550 6013 1714 6089; x_wconf 84' lang='lat' dir='ltr'><strong>Redemptor</strong></span> <span class='ocrx_word' id='word_1_880' title='bbox 1738 6024 1830 6075; x_wconf 89' lang='lat' dir='ltr'><strong>noster</strong></span> <span class='ocrx_word' id='word_1_881' title='bbox 1851 6033 1912 6076; x_wconf 84' lang='lat' dir='ltr'><strong>caat</strong></span> 
     </span>
    </p>
   </div>
   <div class='ocr_carea' id='block_1_20' title="bbox 186 6092 219 6143">
    <p class='ocr_par' dir='ltr' id='par_1_20' title="bbox 186 6092 219 6143">
     <span class='ocr_line' id='line_1_77' title="bbox 186 6092 219 6143; baseline 0 0"><span class='ocrx_word' id='word_1_882' title='bbox 186 6092 219 6143; x_wconf 69' lang='grc' dir='ltr'>Ι</span> 
     </span>
    </p>
   </div>
   <div class='ocr_carea' id='block_1_21' title="bbox 0 0 2280 6850">
    <p class='ocr_par' dir='ltr' id='par_1_21' title="bbox 0 0 2280 6850">
     <span class='ocr_line' id='line_1_78' title="bbox 0 0 2280 6850; baseline 0 0"><span class='ocrx_word' id='word_1_883' title='bbox 0 0 2280 6850; x_wconf 95' lang='lat' dir='ltr'><strong> </strong></span> 
     </span>
    </p>
   </div>
  </div>
 </body>
</html>
