4509 6850
843 679 886 734 DC
903 673 1075 733 tuuhttttts
1095 674 1123 730 S.
1144 671 1278 729 CRUCiS.
1298 703 1331 716 «-
1352 672 1454 728 utut.

903 804 1161 866 DECLARATIO
1192 804 1359 866 trudunt.

957 904 977 936 N

1028 953 1258 968 ἡ

365 1055 394 1110 10
409 1056 480 1110 harre
491 1053 591 1123 quippe
601 1051 725 1122 paginam
739 1052 815 1106 tihnit
830 1053 981 1107 testimonia
995 1053 1117 1120 quartam
1131 1058 1155 1115 Α
1168 1054 1247 1124 palis,
1261 1065 1286 1109 et
1302 1055 1462 1125 coaprcpnba
1477 1073 1520 1109 aas
1533 1057 1565 1110 dc
1580 1056 1666 1120 terme,
1680 1066 1703 1110 et
1725 1055 1846 1113 inducam
1861 1074 1906 1115 eas
1924 1062 1952 1116 iu

328 1144 363 1199 de
377 1144 571 1216 prophetarum
588 1142 667 1197 dictis
680 1139 857 1211 congregare,
873 1156 932 1209 qum
945 1142 977 1195 dc
994 1143 1118 1212 passione

327 1235 429 1290 Christi
443 1234 602 1305 prophetata
616 1240 688 1296 sunt,
704 1241 732 1286 ct
746 1232 779 1285 ad
793 1241 892 1285 sanctu
905 1232 993 1286 crucis
1005 1231 1117 1301 gloriam

327 1326 523 1396 pertingerem.
538 1323 599 1378 liaec
613 1321 675 1376 licet
686 1321 767 1375 multa
780 1321 892 1374 inveniri
905 1321 1017 1390 possint,
1030 1330 1117 1376 tamen

327 1425 440 1488 proptor
453 1414 573 1484 opusculi
586 1414 744 1467 brevitatem
760 1429 774 1465 a
790 1412 866 1466 nohis
877 1412 921 1467 hic
933 1413 1022 1466 omnia
1036 1415 1119 1468 deno-

327 1506 381 1559 tari
395 1520 449 1560 uon
467 1512 607 1573 potcrnnt;
630 1502 677 1557 srd
699 1516 730 1555 ea
746 1512 834 1560 tannen
849 1502 1045 1556 introduximus
1058 1517 1118 1573 qrrae

327 1596 441 1650 dictanti
454 1595 530 1649 ocius
544 1595 569 1648 in
584 1601 700 1649 rneutcrn
715 1601 853 1656 rcrrcrant,
866 1600 894 1647 ct
905 1608 920 1646 a
933 1603 1069 1662 quarrentc
1081 1595 1119 1647 ia·

327 1685 407 1739 citius
420 1684 534 1739 inueniri
548 1692 684 1754 poterant.
705 1681 788 1736 Darid
809 1698 872 1753 ergo
886 1684 1016 1754 propheta
1037 1691 1118 1753 atquc

327 1773 467 1844 psalmista
484 1772 566 1828 muita
581 1772 765 1840 imjusccmodi
786 1772 867 1826 hahet
888 1774 1049 1828 tcstirnonia.
1068 1775 1117 1830 1110

327 1867 361 1920 dc
373 1864 453 1919 modo
465 1864 597 1935 passionis
608 1863 712 1918 Domini
729 1863 817 1917 taliter
828 1865 854 1917 in
869 1864 972 1933 psalmo
986 1881 1041 1919 sxrr
1053 1866 1117 1921 dicit

326 1969 359 2008 es
374 1968 490 2022 persona
502 1952 602 2009 Christi
618 1968 625 2006 :
644 1951 776 2007 Foderunt
798 1971 890 2008 rannus
911 1971 981 2008 mens
997 1964 1020 2008 ct
1040 1956 1116 2026 pedes

326 2061 410 2108 meos,
423 2044 652 2099 dimrmerauerunt
664 2046 751 2098 onmia
764 2063 822 2100 ossa
836 2062 903 2099 urea.
921 2046 976 2117 lpsi
990 2063 1047 2101 uero
1059 2065 1117 2102 con-

325 2132 506 2186 sideraverunt
521 2142 545 2188 et
558 2143 745 2204 conspexerunt
758 2151 808 2199 me,
822 2135 965 2189 diuiserunt
979 2137 1029 2190 sibi
1043 2138 1117 2191 resti-

324 2233 413 2278 menta
427 2241 494 2290 meu,
505 2233 528 2279 et
541 2240 618 2293 super
630 2234 721 2278 uestem
736 2242 817 2278 nreeur
830 2227 955 2279 miseruut
967 2234 1071 2279 sortem.
1083 2226 1117 2280 Et

326 2316 392 2370 item
406 2316 432 2369 in
446 2316 551 2385 psalmo
565 2331 626 2370 curs
641 2334 646 2370 :
664 2313 698 2368 Et
712 2315 854 2379 dederunt,
872 2317 974 2386 inquit,
990 2318 1017 2371 in
1031 2334 1116 2372 escam

1169 1154 1266 1217 terrum
1286 1160 1371 1208 suam,
1388 1154 1412 1197 et
1426 1161 1530 1213 pascam
1552 1161 1596 1198 eas
1617 1144 1644 1198 in
1664 1146 1794 1200 montibus
1810 1145 1904 1203 lsrael.
1919 1149 1954 1204 tu

1168 1234 1247 1303 pardo
1258 1242 1318 1303 post
1331 1252 1337 1286 :
1355 1232 1420 1302 Epo,
1436 1234 1533 1301 inquit,
1545 1250 1649 1302 pascam
1664 1251 1720 1289 ores
1733 1251 1803 1292 meas
1815 1247 1840 1291 ct
1852 1255 1895 1292 eas
1908 1256 1953 1293 ac·

1168 1324 1263 1378 cubare
1272 1325 1379 1394 daciam,
1389 1323 1452 1377 dicit
1464 1324 1601 1388 Dominus,
1611 1325 1680 1394 quod
1690 1328 1801 1395 perierat
1811 1329 1952 1396 requiram,

1168 1423 1192 1466 et
1207 1414 1275 1482 parad
1291 1413 1419 1481 abjectum
1435 1423 1489 1466 errat
1502 1414 1636 1478 reducam,
1650 1422 1675 1468 et
1686 1416 1756 1485 puod
1770 1417 1883 1485 fractum
1896 1430 1953 1474 erat

1168 1501 1291 1571 allipabo,
1308 1511 1331 1555 et
1346 1500 1415 1571 p'rtod
1429 1500 1560 1568 infirmum
1582 1511 1636 1554 erut
1658 1503 1833 1569 consolidabo,
1848 1515 1871 1559 et
1882 1507 1956 1576 arrad.

1167 1597 1261 1665 pirrpue
1279 1605 1303 1648 ct
1318 1595 1385 1663 [orte
1399 1596 1555 1659 custodiam,
1568 1603 1591 1648 et
1603 1613 1708 1664 pascam
1722 1596 1782 1651 illas
1796 1598 1824 1651 iu
1837 1598 1950 1667 judicio.

1168 1685 1261 1739 Dauicl
1275 1700 1348 1747 roro,
1365 1685 1585 1755 clmonograpims
1599 1685 1773 1750 certissimus,
1788 1695 1893 1757 tempus
1911 1686 1954 1744 iu·

1167 1773 1331 1828 carnationis
1344 1771 1447 1826 Dorrrini
1462 1782 1489 1825 ct
1507 1772 1716 1840 redemptionem
1734 1783 1853 1828 nostram
1868 1774 1954 1830 tideli-
1981 1838 1990 1846 ,

1167 1871 1209 1917 ter
1219 1861 1364 1925 intimavit,
1378 1860 1473 1930 angeio
1484 1860 1534 1914 sihi
1547 1860 1598 1915 troc
1612 1862 1754 1917 reuelante.
1770 1863 1952 1933 Septuapinta,

1167 1954 1270 2023 inquit,
1297 1951 1466 2005 bebdomada
1483 1950 1636 2005 abbreviatur
1655 1961 1715 2005 sunt
1734 1968 1810 2021 super
1826 1953 1952 2024 populum

1167 2059 1239 2102 tuum
1252 2055 1275 2101 et
1289 2062 1367 2115 super
1380 2045 1468 2098 urbem
1481 2053 1599 2097 sanctam
1618 2053 1702 2108 tuam,
1719 2053 1747 2098 ut
1761 2054 1954 2099 comummetur

1166 2137 1358 2209 pronunciatio,
1372 2144 1396 2188 ct
1411 2135 1489 2203 finem
1511 2134 1620 2203 accipiet
1636 2143 1779 2203 peccatum,
1801 2143 1823 2187 et
1836 2132 1954 2188 deleatur

1166 2228 1300 2300 iniquitas,
1313 2236 1337 2281 ct
1349 2227 1496 2280 adducatur
1505 2227 1612 2295 justitia
1623 2227 1787 2295 sempiterna,
1801 2234 1828 2279 ut
1842 2224 1952 2295 impleu-

1166 2328 1210 2371 tur
1224 2317 1286 2371 risio
1297 2326 1321 2370 et
1336 2317 1481 2387 propbetin,
1496 2326 1520 2370 rt
1538 2325 1652 2385 ttrrputur
1665 2326 1770 2370 sauctus
1790 2325 1951 2372 sanctorum.
1977 2345 1980 2354 ·

325 2420 412 2457 meam
426 2403 472 2474 fel,
486 2415 509 2460 et
522 2406 550 2459 iu
561 2406 604 2459 siti
617 2422 674 2459 mea
683 2415 836 2476 putauerunt
849 2423 889 2460 me
902 2416 982 2461 aceto.
996 2408 1029 2462 Et
1042 2408 1114 2478 quod
1128 2411 1152 2471 B
1166 2406 1236 2462 Scito
1247 2424 1307 2477 erpo
1322 2416 1345 2460 rt
1357 2407 1532 2461 anirnadrurte
1547 2407 1578 2460 ab
1593 2407 1663 2460 cuitu
1674 2406 1809 2471 sermonis,
1821 2408 1951 2462 utiterum

325 2493 353 2546 in
373 2491 448 2563 ligno
460 2507 588 2562 passurus
600 2501 687 2559 essct,
702 2494 730 2549 in
743 2495 846 2564 psalmo
861 2512 929 2551 arur
941 2498 1057 2553 ostendit
1075 2498 1116 2552 di-

325 2598 392 2638 cens
403 2602 410 2637 ε
423 2584 649 2639 Commoveatura
664 2586 731 2655 [acie
742 2587 800 2656 ejus
815 2588 934 2642 uniuersa
945 2597 1026 2654 terra,
1039 2588 1116 2643 dicite

326 2675 354 2727 iu
372 2675 542 2729 nationibus<
559 2675 684 2731 Dominus
698 2678 814 2747 repnabit
828 2695 843 2731 a
859 2678 940 2749 lipno,
955 2687 983 2733 et
1002 2680 1114 2749 reliqna.

326 2760 410 2816 isaias
427 2776 532 2832 quoque
547 2764 609 2819 hinc
621 2767 659 2818 ait
674 2784 681 2818 :
701 2764 831 2820 Paruulus
843 2768 912 2821 enim
926 2778 1003 2822 natus
1017 2777 1055 2823 est
1069 2785 1116 2823 no·

327 2850 376 2912 bis,
396 2861 421 2904 et
436 2851 508 2919 filius
522 2852 601 2906 datus
615 2862 653 2908 est
669 2852 753 2916 uobis,
766 2862 790 2908 et
804 2854 890 2924 {aetus
903 2865 939 2910 est
954 2857 1115 2927 principatus

327 2956 405 3011 super
417 2941 553 2995 humerum
566 2943 634 3012 ejus,
644 2951 677 3010 et
689 2944 801 3013 reliqua.
817 2945 849 2998 Et
864 2945 928 2999 item
944 2960 952 2999 ι
967 2943 1000 2999 lu
1012 2946 1054 2999 die
1068 2944 1116 3000 illa

327 3030 377 3083 erit
388 3031 465 3084 radis
478 3030 562 3096 lesse,
577 3033 684 3102 quistet
696 3034 722 3087 in
734 3034 837 3104 siparum
851 3034 1016 3104 populorum,
1031 3038 1116 3105 ipsum

327 3134 415 3193 pentes
431 3123 648 3194 deprecabuntur,
669 3134 692 3179 et
714 3126 762 3179 erit
775 3123 922 3194 sepulcrum
943 3126 1000 3196 ejus
1021 3125 1117 3196 plocio-

328 3231 397 3269 sum.
414 3215 446 3270 Et
460 3215 611 3287 paulopost
627 3235 634 3269 :
651 3216 778 3282 Elcuabit,
797 3218 891 3286 inquit,
910 3219 1013 3288 sipnum
1029 3219 1057 3272 ira
1069 3234 1117 3272 na-

328 3306 453 3371 tionibus,
472 3317 496 3360 et
512 3308 677 3378 couprepabit
693 3308 817 3379 prosupos
836 3307 930 3373 lsrael,
945 3317 969 3362 et
989 3309 1116 3379 dispersor

326 3375 401 3451 :leda
416 3398 516 3470 rollipet
536 3409 682 3472 apuotuar
699 3398 782 3472 plapis
797 3408 881 3463 terre,
904 3408 930 3455 et
949 3400 1061 3470 reliqua.
1083 3399 1117 3456 Et

329 3490 394 3545 item
408 3509 415 3544 :
431 3491 515 3546 Domi,
527 3511 558 3548 us
574 3495 659 3563 posuit
673 3494 701 3547 in
715 3509 745 3547 eo
762 3493 925 3562 iniquitatem
940 3493 1056 3546 omnium
1069 3510 1117 3546 uo-

329 3592 411 3636 strum
419 3600 430 3649 ;
443 3582 543 3640 ablatus
556 3594 605 3651 est,
618 3588 679 3655 quia
693 3585 745 3655 ipsc
760 3582 850 3648 soluit,
864 3591 888 3637 et
906 3600 959 3638 nou
974 3583 1075 3653 aperuit
1088 3599 1116 3637 os

329 3689 416 3738 suum,
429 3673 494 3727 sicut
504 3676 558 3729 aris
569 3676 603 3729 ad
614 3676 768 3730 occisionem
778 3675 897 3739 ducetur,
909 3682 935 3728 et
945 3674 1021 3744 pansi
1033 3689 1116 3744 aputu

329 3776 417 3813 ‘⁰¹⁰⁹'
426 3761 547 3817 &libebit
558 3780 585 3817 κ
596 3764 760 3828 vbmttletoels
771 3771 796 3818 el
808 3779 860 3818 uon
872 3762 970 3834 aperiet
980 3779 1008 3817 os
1026 3779 1113 3817 suum.
1129 3759 1152 3822 C
1167 3771 1304 3828 Christum
1328 3777 1496 3840 congregatae
1519 3757 1735 3821 manifestissime
1757 3765 1893 3835 praedicat.
1917 3762 1952 3819 Et

330 3852 363 3906 Et
373 3853 436 3908 item
448 3869 482 3909 ex
494 3870 609 3924 persona
623 3855 728 3912 Domini
742 3856 807 3911 dicit
822 3870 830 3909 z
846 3854 946 3926 Corpus
959 3871 1045 3909 meum
1056 3854 1117 3910 dedi

328 3945 529 4011 percutientibus
541 3956 565 4001 et
578 3963 656 4018 penas
667 3963 738 4001 meas
752 3945 911 4012 vellentibus,
926 3946 1019 4016 [eciem
1033 3962 1117 3999 meam

329 4051 382 4088 nou
394 4038 475 4090 auerti
486 4038 518 4092 ab
531 4039 723 4109 increpantibus
736 4049 759 4094 et
771 4041 970 4110 conspuentibus
983 4039 1011 4093 in
1022 4055 1073 4105 me,
1090 4046 1118 4094 ct

330 4126 443 4196 reliqua.
457 4126 491 4182 tu
502 4128 601 4183 iterum
615 4148 622 4182 :
638 4128 761 4200 Expandi
773 4146 867 4183 manus
882 4144 952 4182 meas
964 4138 1018 4183 tota
1030 4128 1073 4182 die
1083 4130 1118 4183 ad

328 4217 454 4287 populum
471 4220 649 4286 incredulum,
671 4223 716 4292 qui
735 4221 856 4292 proditur
868 4221 896 4275 iu
916 4222 959 4276 raa
979 4237 1030 4275 uon
1052 4223 1119 4276 bono

329 4319 387 4376 post
410 4311 577 4380 cagitationes
591 4329 663 4366 suas.
685 4311 815 4368 iercmias
838 4321 928 4367 autem
950 4328 984 4367 ex
1003 4327 1120 4381 persona

330 4399 436 4455 Domini
450 4401 516 4458 dicit
531 4419 538 4456 ε
553 4402 611 4474 Epo
622 4405 697 4474 quasi
708 4420 790 4475 aperus
805 4414 964 4469 mansuetus,
978 4404 1022 4474 qui
1033 4415 1120 4474 porta-

330 4499 377 4542 tur
386 4491 421 4544 ad
431 4491 570 4557 marimum,
585 4503 608 4547 et
621 4510 672 4547 uon
683 4496 799 4565 capuani,
811 4495 873 4565 paria
887 4495 1064 4564 copitauerrmt
1077 4512 1119 4549 su-

330 4595 377 4648 per
388 4595 429 4633 me
440 4580 559 4646 consiliu,
576 4581 690 4637 diceutes
701 4596 710 4634 .·
723 4582 858 4637 blittumus
875 4582 973 4654 lipuum
985 4585 1013 4638 iu
1026 4601 1119 4655 panem

330 4668 398 4737 ejus,
413 4679 437 4723 et
454 4671 593 4726 eradamus
607 4689 666 4727 eum
684 4674 717 4728 de
737 4684 806 4728 terra
820 4675 969 4740 uiuentium,
990 4684 1014 4729 et
1027 4692 1120 4730 nomeu

331 4757 389 4826 ejus
402 4774 454 4812 non
468 4771 623 4814 memoretur
633 4761 753 4832 amplius.
774 4763 808 4818 Et
822 4763 885 4818 item
902 4781 908 4817 :
929 4763 1060 4834 Spiritus,
1079 4764 1120 4817 in-

331 4849 411 4917 quit,
440 4853 493 4905 orr's
517 4855 599 4906 nostri
620 4853 739 4928 Christus
761 4855 890 4910 Dominus
916 4866 1006 4927 captus
1031 4868 1068 4912 est
1093 4860 1120 4912 iu

331 4943 565 5009 peccatisnostris.
588 4945 711 5001 Ezechiel
725 4960 789 5019 ergo
806 4947 972 5017 signaculum
986 4950 1074 5005 crucis
1093 4951 1119 5004 in

334 5031 417 5102 ligura
433 5033 455 5087 T
473 5034 567 5090 litterae
577 5038 709 5108 expressit
724 5039 815 5095 dicens
830 5058 836 5094 :
853 5040 886 5093 Et
897 5040 963 5095 dicit
980 5041 1015 5094 ad
1037 5042 1122 5115 uirum

1167 2497 1338 2567 reaedificetur
1354 2496 1530 2560 Hierusalem,
1553 2512 1633 2566 aspare
1655 2496 1689 2549 ad
1709 2494 1839 2550 Christum
1860 2496 1953 2552 ducem

1166 2586 1334 2641 bebdomada
1347 2594 1441 2653 septem
1454 2594 1478 2639 et
1492 2586 1627 2655 sesopirrta
1641 2585 1701 2638 dum
1713 2594 1797 2639 erunt.
1820 2584 1853 2638 Et
1871 2585 1953 2655 paulo

1165 2688 1226 2748 post
1246 2678 1383 2748 subjunxit
1404 2679 1439 2732 ita
1462 2696 1468 2731 :
1491 2677 1524 2731 Et
1545 2688 1601 2748 post
1621 2678 1796 2733 hebdomadas
1816 2681 1952 2749 serapium

1166 2768 1233 2823 duas
1253 2768 1383 2822 occidetur
1399 2768 1517 2823 lilaristus
1536 2777 1559 2822 et
1582 2784 1633 2822 nou
1653 2768 1710 2831 erit,
1734 2779 1757 2822 et
1780 2770 1909 2826 ciuitatem
1926 2779 1952 2826 et

1166 2863 1344 2917 sanctuarium
1364 2862 1499 2930 dissipabit
1517 2861 1627 2930 populus
1642 2877 1700 2913 rum
1719 2861 1784 2915 duce
1797 2862 1896 2931 laturo.
1918 2863 1952 2918 Et

1166 2964 1196 3007 ut
1207 2953 1395 3008 ostenderetur
1416 2951 1487 3005 illurn
1508 2950 1701 3005 lrchdonradam
1721 2966 1850 3013 annorum
1864 2952 1952 3008 excel·

1167 3044 1223 3099 iere
1236 3043 1350 3107 crutaris,
1365 3042 1391 3095 in
1404 3057 1457 3111 qua
1469 3040 1591 3095 Christus
1608 3038 1778 3109 Erarrgclium
1797 3041 1953 3109 predicans

1166 3144 1194 3190 ct
1205 3133 1334 3188 miracula
1348 3133 1422 3197 lecit,
1439 3132 1465 3186 in
1480 3146 1531 3200 qua
1544 3137 1571 3184 et
1583 3145 1676 3200 passus
1689 3138 1731 3185 cst
1741 3138 1769 3183 et
1778 3132 1924 3187 resurrexit
1935 3146 1952 3188 s

1167 3224 1290 3288 mortuis,
1306 3238 1427 3279 seorsum
1440 3221 1473 3277 de
1486 3236 1518 3275 ea
1529 3220 1634 3275 locutus
1645 3220 1683 3272 ait
1698 3237 1704 3272 :
1720 3217 1889 3289 Conprmabit
1904 3238 1953 3275 au·

1167 3325 1218 3369 tem
1232 3323 1363 3385 peccatum
1383 3311 1471 3366 rrrultis
1488 3310 1655 3365 hebdomadis
1669 3326 1732 3375 rtrra,
1752 3318 1776 3364 et
1796 3310 1824 3363 iu
1837 3310 1952 3382 ‚dimidio

1167 3403 1333 3461 hebdomadis
1345 3402 1446 3472 deficiet
1463 3402 1547 3457 bestia
1560 3410 1585 3456 et
1599 3399 1769 3470 sacmficium,
1782 3409 1805 3455 et
1819 3400 1846 3454 in
1859 3400 1952 3472 templo

1167 3498 1215 3549 erit
1228 3494 1386 3549 abominatio
1399 3492 1567 3548 desolationis
1578 3500 1602 3545 et
1612 3508 1692 3561 usque
1704 3492 1739 3545 ad
1752 3491 1953 3545 cousummatio-

1168 3605 1226 3642 nem
1240 3597 1264 3642 et
1275 3587 1353 3661 poem
1365 3584 1536 3657 perseverabit
1548 3583 1683 3638 desolatio.
1701 3582 1776 3640 Oseae
1788 3598 1895 3653 quoquc
1906 3583 1953 3639 de·

1167 3681 1303 3735 notionem
1323 3678 1442 3749 gentium
1463 3685 1490 3732 ct
1511 3676 1733 3732 coadunationem
1757 3676 1882 3731 Ecclesia
1904 3689 1952 3745 per

1168 3863 1233 3928 erit,
1255 3862 1356 3932 inquit,
1378 3860 1405 3914 iu
1426 3859 1482 3913 loco
1495 3858 1656 3923 ubidicitur,
1676 3856 1735 3912 Non
1750 3857 1859 3928 populus
1880 3872 1953 3911 meus

1168 3970 1221 4016 stas,
1239 3952 1340 4005 dicetur
1355 3951 1404 4014 eis,
1420 3946 1485 4015 Filii
1497 3948 1546 4002 Dei
1557 3948 1672 4003 uiuentis.
1684 3947 1718 4002 Et
1731 3946 1953 4017 couprepabuntrrr

1167 4045 1217 4116 filii
1227 4043 1300 4098 luda
1321 4053 1345 4098 et
1359 4043 1409 4113 {ilii
1433 4040 1514 4097 lsrael
1527 4043 1636 4112 pariter,
1649 4051 1672 4096 et
1685 4048 1779 4110 ponent
1792 4039 1892 4094 sibimet
1906 4055 1953 4092 ca·

1167 4147 1213 4206 put
1230 4152 1322 4201 unum,
1338 4132 1490 4202 etreliqua.
1506 4131 1540 4185 Et
1552 4131 1585 4185 dc
1598 4131 1735 4201 ereptione
1754 4137 1845 4183 nostra
1862 4129 1897 4183 ah
1910 4128 1952 4183 iu·

1169 4227 1233 4283 ieris
1246 4227 1394 4295 mortisque
1408 4223 1614 4288 interlectione,
1631 4221 1834 4292 promissionem
1848 4220 1953 4274 Domini

1169 4320 1286 4375 declarat
1300 4316 1393 4371 dicens
1409 4335 1416 4369 ε
1432 4315 1471 4369 De
1485 4331 1565 4368 mauu
1580 4313 1671 4366 mortis
1685 4310 1797 4365 liberabo
1814 4326 1868 4374 eos,
1884 4318 1907 4363 et
1921 4308 1954 4362 de

1169 4405 1389 4460 morteredimam
1406 4420 1468 4469 eos,·
1488 4419 1532 4457 ero
1552 4418 1621 4455 mors
1639 4410 1695 4463 tua,
1716 4416 1731 4453 0
1751 4414 1831 4462 mors,
1852 4413 1954 4452 morsus

1170 4509 1230 4550 tuas
1247 4510 1301 4561 era,
1323 4495 1434 4564 inlerue.
1449 4492 1507 4547 1001
1526 4505 1642 4560 namque
1661 4487 1805 4543 Dominicae
1823 4486 1955 4554 passionis

1169 4596 1196 4642 et
1210 4587 1385 4641 salvationem
1400 4583 1518 4639 fidetium
1532 4582 1708 4644 domonstrat,
1723 4578 1759 4632 ita
1776 4577 1890 4632 dicens:
1908 4575 1954 4630 Sol

1170 4686 1193 4732 et
1213 4677 1276 4730 lurra
1291 4672 1448 4728 obtenebrati
1466 4679 1527 4726 sunt
1544 4679 1568 4724 et
1585 4666 1667 4724 stella
1687 4675 1850 4721 retraxerunt
1867 4665 1955 4719 lumea

1170 4786 1258 4836 arrum,
1281 4777 1305 4824 et
1320 4767 1446 4821 Dominus
1461 4764 1493 4819 de
1514 4763 1578 4819 Sion
1593 4762 1685 4832 rapiet,
1699 4769 1722 4814 et
1736 4759 1769 4813 de
1790 4755 1955 4812 Hierusalem

1170 4863 1243 4917 dubit
1260 4876 1346 4915 uocem
1367 4874 1452 4922 suam,
1476 4864 1499 4910 et
1520 4854 1688 4909 mouebantur
1711 4849 1767 4904 cali
1782 4858 1805 4903 et
1827 4858 1908 4914 terra,
1931 4856 1956 4901 et

1171 4953 1299 5007 Dominus
1313 4966 1370 5020 spes
1383 4946 1471 5018 populi
1484 4945 1535 5010 sui,
1548 4953 1571 4998 et
1586 4941 1712 5005 fortitudo
1724 4939 1838 5008 filiorum
1861 4934 1954 4999 lsrael,

1172 5055 1196 5099 et
1213 5045 1299 5099 scietis
1319 5042 1380 5113 quia
1400 5057 1446 5111 epo
1467 5038 1595 5092 Dominus
1614 5035 1683 5089 Deus
1703 5041 1783 5088 auster
1796 5030 1915 5084 habitans
1928 5028 1956 5081 its

333 5125 378 5194 pai
394 5126 501 5179 indutus
512 5139 567 5182 erat
579 5129 675 5183 lineis:
691 5129 784 5186 Transi
797 5148 844 5201 per
857 5133 969 5187 mediam
981 5134 1119 5196 ciuitatem,
1134 5112 1258 5188 Dmoute
1277 5142 1367 5187 sancto
1388 5147 1456 5195 mco,
1476 5138 1500 5183 et
1531 5129 1579 5181 erit
1611 5124 1777 5179 llierusalem
1798 5132 1904 5185 sancta,
1932 5129 1956 5173 et

334 5214 362 5267 in
374 5216 457 5269 medio
471 5215 646 5284 Hierusalem,
658 5230 682 5274 et
695 5222 769 5291 sipna
784 5221 840 5276 Tau
852 5239 930 5292 super
943 5222 1041 5291 [rantra
1054 5223 1123 5276 uiro-

335 5318 393 5356 rum
406 5307 562 5374 pertentium
577 5318 601 5362 et
613 5308 765 5375 dolentium,
787 5313 973 5382 supererectis
988 5311 1122 5365 abomina-

333 5395 447 5451 tionibus
463 5396 532 5464 fiuut
549 5401 577 5453 iu
596 5401 682 5454 medio
703 5402 768 5470 ejus,
790 5402 947 5472 etreliqua.
966 5403 1000 5455 Et
1022 5402 1123 5456 hunum

335 5484 408 5539 idum
421 5497 558 5555 pastorem
572 5491 736 5560 exprimens,
751 5492 797 5562 qui
816 5493 905 5561 posuit
917 5492 1032 5546 animam
1046 5503 1123 5546 suam

335 5590 384 5642 pro
397 5576 491 5632 oribus
514 5580 581 5641 suis,
603 5581 639 5634 ait
657 5599 663 5633 :
684 5579 747 5634 llaec
759 5581 822 5634 dicit
835 5582 984 5635 Dominus:
1000 5580 1066 5634 l'cce
1078 5596 1123 5647 epo

336 5665 389 5729 ipse
404 5668 533 5737 requiram
547 5687 605 5724 oues
619 5688 690 5726 areas
711 5680 735 5725 et
757 5672 863 5725 visitabo
885 5689 937 5732 ens,
954 5674 1019 5725 sicut
1036 5673 1121 5724 uisitut

336 5765 423 5821 pastor
436 5774 537 5827 prepem
556 5777 632 5814 strum
652 5762 680 5815 in
701 5762 744 5815 die
762 5761 868 5831 quaudo
888 5762 967 5830 [uerit
989 5762 1016 5815 in
1038 5761 1122 5813 ruralia

337 5843 422 5897 arrium
434 5863 541 5901 suarum
555 5851 753 5921 dissipaturum,
765 5852 802 5905 st'c
818 5852 924 5905 risitabo
936 5868 992 5906 ores
1007 5869 1086 5914 muas,
1098 5860 1121 5903 ct

338 5934 450 5991 liberabo
476 5957 520 5994 cas
546 5942 578 5995 de
601 5943 720 5996 anuribrrs
744 5943 806 5997 loris
834 5943 860 5995 in
883 5943 975 6011 quibus
999 5943 1122 6010 dispersae

338 6037 421 6092 erunt,
443 6029 469 6082 r'u
486 6030 528 6084 dr'e
543 6032 617 6085 uubis
632 6042 655 6085 et
669 6031 798 6102 calipinis,
818 6043 841 6084 rt
855 6033 961 6085 educam
976 6049 1020 6085 eas
1033 6031 1064 6083 du
1076 6046 1121 6098 po-

1172 5225 1250 5279 nlieni
1269 5241 1321 5278 non
1337 5221 1528 5292 pertransibuut
1539 5236 1584 5289 per
1598 5215 1788 5287 eumdumius,
1804 5212 1954 5281 etreliqua.

1173 5312 1242 5366 ilinc
1261 5311 1343 5365 Amos
1360 5309 1398 5362 ait
1412 5326 1419 5360 ε
1435 5306 1468 5361 Et
1489 5308 1536 5360 erit
1557 5307 1585 5359 iu
1604 5306 1646 5358 die
1660 5303 1718 5368 illa,
1740 5303 1803 5356 dicit
1818 5300 1956 5362 Dominus,

1173 5398 1273 5453 occidat
1286 5396 1325 5451 sol
1339 5395 1446 5449 meridie
1456 5404 1480 5453 rt
1491 5395 1663 5449 tenebrescere
1672 5392 1753 5461 faciat
1767 5399 1863 5443 terram
1876 5385 1957 5441 indie

1172 5487 1291 5552 luminis,
1302 5496 1325 5542 et
1339 5495 1484 5541 convertam
1499 5485 1649 5554 festivitates
1664 5490 1758 5536 uestras
1772 5479 1800 5531 iu
1814 5476 1922 5541 luctum,
1932 5483 1956 5528 et

1174 5581 1261 5633 omnia
1273 5579 1374 5633 cantica
1385 5588 1468 5633 nestra
1480 5578 1507 5631 iu
1518 5577 1661 5646 planctum,
1672 5583 1698 5628 et
1709 5569 1821 5640 reliqua.
1835 5568 1867 5621 ht
1879 5566 1957 5636 paulo

1173 5678 1234 5738 post
1248 5688 1254 5723 ε
1270 5668 1304 5722 lu
1314 5669 1356 5722 die
1368 5668 1425 5730 illa,
1441 5667 1542 5737 inquit,
1556 5663 1685 5719 suscitabo
1697 5657 1892 5714 tabernaculum
1909 5655 1958 5708 Du·

1174 5758 1215 5812 cid
1232 5758 1300 5828 quod
1312 5758 1415 5821 cecidit,
1438 5766 1461 5810 rt
1481 5752 1642 5821 reaedificabo
1662 5759 1797 5822 aperturas
1812 5761 1958 5809 rrrrrrorum,

1174 5858 1197 5901 et
1212 5865 1243 5901 ea
1256 5865 1314 5918 quar
1328 5855 1479 5901 corruerant
1502 5841 1664 5905 instaurabo,
1686 5848 1713 5894 ct
1732 5838 1844 5907 reliqna.
1861 5835 1959 5890 hirdias

1175 5945 1264 5990 :antem
1280 5936 1354 5991 dolos
1367 5934 1518 5988 irritarornm
1539 5939 1630 5986 contra
1646 5929 1788 5984 Dominum
1806 5927 1959 5997 exprrimcus

1174 6038 1200 6080 rt
1216 6027 1341 6082 Ecclesiae
1356 6025 1529 6081 saltationem
1543 6037 1550 6075 :
1564 6021 1671 6088 Onrrrcs,
1685 6020 1782 6091 inquit,
1795 6019 1842 6074 uiri
1857 6014 1959 6088 soederis
