4509 6850
692 586 796 644 971

1340 583 1401 636 Β.
1444 582 1697 637 mnANt
1738 579 1958 637 autum
1996 579 2313 636 ARCHIEP.
2357 580 2666 640 Mocux‘r.
2708 581 2993 641 opetum
3030 580 3210 639 PARS
3246 582 3288 638 1.

3869 587 3981 644 9⁷2

693 712 824 753 vero
856 693 1065 750 volebat
1097 694 1356 748 Dominus
1400 705 1494 745 eos
1537 689 1818 759 praeterire
1871 699 2127 759 tauquam
2152 689 2280 744 alie-
2310 695 2355 754 Α
2382 709 2569 764 aquas,
2597 703 2653 748 ut
2694 696 2885 749 veniret
2922 695 2993 749 ad
3013 692 3216 751 Iesum.
3256 694 3357 763 Qui
3386 704 3580 768 putant
3604 697 3820 757 Domini
3847 716 3983 759 eor·

692 805 814 856 uos,
851 785 918 842 ad
949 800 1086 856 quos
1112 785 1179 841 de
1226 782 1466 855 periculo
1517 782 1785 853 naufragii
1840 782 2146 837 liberandos
2176 784 2272 836 ad-

689 887 937 944 venerat,
965 878 1067 934 nisi
1112 884 1172 931 ut
1208 878 1275 932 ad
1321 878 1509 930 boram
1547 874 1749 930 turbati
1779 882 1835 931 et
1873 882 2150 944 paventeS,
2181 874 2278 931 sed

682 973 950 1030 continuo
980 970 1189 1027 liberati
1212 969 1441 1039 amplius
1479 967 1772 1037 ereptionis
1818 982 1929 1023 suae
1957 967 2277 1023 miraculum

693 1072 993 1137 stuperent,
1019 1077 1083 1118 ac
1106 1061 1341 1131 majores
1365 1059 1601 1131 ereptori
1631 1074 1729 1114 suo
1755 1058 1956 1128 gratias
1980 1056 2280 1113 referrent?

692 1160 828 1227 Quia
857 1166 912 1213 et
953 1158 1009 1211 in
1044 1153 1458 1226 tempestatibus
1494 1152 1830 1223 passionum,
1871 1165 1991 1221 quae
2015 1164 2113 1221 pro
2142 1164 2278 1206 con-

692 1252 890 1308 stantia
919 1249 1041 1305 fidei
1074 1265 1105 1303 a
1140 1246 1361 1319 persidis
1384 1243 1866 1318 ingeruntur,talis
1892 1257 2276 1312 nonnunquam

692 1344 931 1415 provisio
954 1342 1214 1397 divinitus
1240 1338 1574 1403 ostenditur;
1633 1350 1773 1407 saepc
1816 1335 1961 1390 enim
1993 1334 2065 1388 ita
2095 1332 2280 1388 fideles

695 1437 745 1491 in
779 1434 1123 1489 tribulatione
1150 1431 1352 1500 positos
1380 1443 1611 1499 superna
1636 1427 1808 1498 pietas
1829 1422 2131 1481 deseruisse
2164 1422 2278 1478 visa

692 1535 797 1590 cst,
828 1532 887 1579 ut
915 1523 1069 1595 quasi
1101 1520 1409 1576 laborantes
1438 1520 1491 1573 in
1515 1518 1651 1572 mari
1682 1515 1976 1586 discipulos
1999 1514 2281 1585 praeterire

692 1615 851 1670 iosus
864 1613 1099 1669 voluisse
1127 1618 1427 1681 putaretur.
1448 1607 1602 1665 Unde
1616 1615 1700 1662 est
1722 1605 1853 1662 illud
1867 1603 2123 1660 Ecclesiae
2145 1618 2281 1658 mar·

696 1706 818 1778 tyrii
860 1704 1156 1761 certamina
1211 1699 1570 1757 desudantis:
1620 1698 1799 1764 Quare
1839 1713 1922 1751 me
1965 1694 2155 1750 oblitus
2205 1711 2280 1759 es,

693 1813 858 1866 quare
877 1812 958 1849 me
981 1792 1262 1865 repulisti?
1290 1801 1339 1848 et
1359 1808 1520 1862 quare
1547 1790 1711 1845 tristis
1737 1788 1919 1843 incedo
1942 1786 2067 1841 dum
2102 1785 2282 1858 affliqit

697 1904 784 1943 sne
805 1886 1069 1950 inimicus,
1098 1883 1223 1938 dum
1246 1882 1652 1953 confringuntur
1679 1879 1854 1933 omnia
1882 1894 2000 1931 ossa
2017 1891 2150 1937 mea,
2174 1884 2280 1928 etc.

2377 799 2478 854 pus
2505 785 2624 839 ideo
2654 799 2759 839 non
2803 801 2925 842 esse
2951 801 3163 874 rerum,
3192 787 3319 857 quia
3364 802 3529 858 super
3573 789 3764 847 molles
3805 806 3987 865 aquas

2377 875 2537 932 molle
2552 886 2835 933 etaereum
2857 877 3156 945 incesserit,
3180 879 3538 951 respondeant
3556 883 3830 953 quomodo
3861 900 3990 942 am-

2375 967 2645 1023 bulaverit
2685 968 2893 1035 Petrus,
2919 984 3080 1040 quem
3108 970 3297 1040 utique
3333 984 3523 1026 verum
3555 971 3841 1029 bominem
3872 991 3989 1032 nou

2367 1059 2671 1127 negabunt.

2463 1147 2649 1203 Videns
2680 1166 2795 1204 vero
2837 1160 3042 1205 rentum
3071 1150 3304 1207 ualidum
3331 1152 3524 1207 timuit.
3554 1151 3624 1207 Et
3649 1171 3773 1210 cum
3798 1171 3986 1227 σαρα-

2377 1248 2453 1293 set
2484 1240 2666 1312 mergi,
2689 1239 2931 1295 clamarit
2961 1241 3140 1297 dicens
3163 1258 3182 1296 .·
3211 1241 3468 1310 Domine,
3511 1245 3717 1299 salvum
3744 1263 3831 1301 me
3875 1247 3986 1318 [ae.

2381 1330 2617 1385 Ardebat
2642 1331 2807 1386 animi
2839 1331 2992 1397 tides,
3024 1333 3118 1387 sed
3167 1333 3404 1389 humana
3455 1333 3723 1404 fragilitas
3768 1336 3827 1391 in
3861 1352 3989 1407 pro-

2387 1417 2614 1475 fundum
2646 1424 2914 1478 trahebat.
2943 1422 3224 1478 Paululum
3268 1438 3399 1496 ergo
3435 1425 3760 1497 relinquitur
3803 1435 3989 1484 tenta-

2384 1510 2537 1577 tioni,
2566 1519 2626 1565 ut
2655 1522 2919 1584 augeatur
2945 1513 3097 1580 tides,
3125 1523 3179 1569 et
3210 1514 3476 1587 intelligat
3502 1531 3562 1572 se
3583 1532 3692 1573 non
3717 1516 3990 1576 facilitate

2382 1602 2776 1673 postulationis,
2805 1603 2898 1659 sed
2930 1604 3165 1675 potentia
3188 1605 3400 1660 Domini
3430 1615 3838 1663 conservatum.

2456 1693 2525 1748 Et
2571 1695 2825 1749 continuo
2870 1695 3150 1750 extendens
3201 1712 3415 1751 manum
3454 1697 3795 1767 apprehendit
3845 1715 3984 1754 eum.

2385 1785 2611 1858 (Maus.)
2646 1784 2756 1842 Nisi
2789 1801 2918 1857 crgo
2958 1786 3219 1842 Dominus
3250 1787 3584 1843 extendisset
3626 1804 3857 1843 manum
3895 1792 3987 1860 qui

2385 1877 2511 1933 alibi
2540 1886 2824 1947 negantem
2877 1878 3111 1948 respexit
3139 1877 3378 1945 Petrum,
3410 1879 3526 1950 ipse
3568 1878 3766 1936 Petrus
3815 1881 3992 1951 proti-

696 1976 870 2049 (Psal.
894 1976 1047 2048 xm).
1067 1976 1173 2032 Sed
1196 1975 1379 2031 dicant
1408 1972 1612 2029 inimici
1633 1967 2026 2035 terrentes,ubi
2046 1975 2120 2022 est
2141 1965 2281 2019 Deus
2386 1982 2490 2021 nus
2518 1975 2856 2038 mergeretur
2903 1968 2958 2023 in
3008 1968 3357 2038 profundum,
3385 1984 3485 2026 nec
3510 1970 3680 2024 ctiam
3731 1971 3989 2028 evaderet

694 2068 1094 2140 eoruquuasi
1121 2063 1462 2136 naufragium
1486 2062 1646 2119 fessis
1683 2063 1998 2117 minitantes
2024 2055 2286 2128 apostolis
2314 2046 2361 2107 B
2390 2055 2681 2113 infernum.
2734 2057 2996 2129 Respexit
3039 2059 3301 2116 Dominus
3325 2101 3342 2127 ,
3393 2069 3448 2116 et
3496 2062 3565 2117 ad
3602 2062 3989 2133 poenitentiam

698 2160 829 2214 dicit
861 2159 974 2228 ipse
1001 2157 1142 2213 Deus
1180 2171 1408 2212 eorum:
1456 2152 1589 2208 Cum
1633 2152 1907 2205 transieris
1960 2165 2052 2221 per
2089 2164 2283 2219 aquas.

698 2260 868 2304 tecum
894 2265 1006 2313 ero,
1038 2256 1087 2301 et
1127 2246 1347 2318 fluntina
1386 2260 1487 2299 non
1517 2244 1748 2314 operient
1779 2251 1847 2297 te.
1882 2240 2013 2295 Cum
2045 2237 2289 2293 ambula·

698 2342 833 2395 reris
852 2341 907 2396 in
929 2340 1046 2411 ique
1067 2355 1169 2392 uon
1212 2336 1552 2399 combureris,
1572 2344 1621 2389 et
1645 2335 1860 2405 flamma
1884 2348 1986 2387 non
2009 2330 2211 2385 ardebit
2235 2330 2290 2385 in

637 2415 644 2422 ¹
697 2443 749 2486 te
782 2432 917 2501 (isa.
951 2429 1128 2502 xant).
1161 2427 1315 2495 Quod
1352 2434 1531 2481 autem
1562 2423 1809 2495 sequitur
1840 2440 1853 2475 :

777 2548 844 2603 Et
894 2564 1004 2618 prae
1055 2546 1240 2601 timore
1290 2542 1663 2598 clamaverunt.
1706 2538 1976 2612 (Hieron.)
2021 2538 2292 2595 Confusus

699 2639 929 2705 clamor,
959 2647 1014 2693 et
1039 2637 1248 2691 incerta
1272 2650 1372 2690 vox
1420 2632 1599 2704 magni
1633 2630 1843 2686 timoris
1887 2629 2145 2685 indicium
2184 2636 2288 2683 cst.

701 2727 964 2802 (Maon.)
1013 2726 1119 2783 Sed
1162 2742 1349 2783 verunt
1401 2731 1487 2778 est
1526 2721 1829 2778 Psalmistoe
1875 2720 2285 2776 testimonium:

699 2822 840 2890 Quia
866 2837 1023 2893 prope
1050 2827 1123 2874 est
1153 2819 1409 2873 Dominus
1457 2814 1759 2870 timentibus
1798 2830 1853 2868 se
1871 2853 1886 2880 ,
1937 2822 1986 2867 et
2012 2829 2114 2868 non
2144 2813 2294 2866 dere·

701 2911 891 2986 linquit
919 2928 1095 2967 omnes
1121 2910 1211 2982 qui
1233 2917 1442 2980 sperant
1468 2908 1522 2961 in
1549 2923 1606 2962 eo
1628 2903 1799 2978 (Psal.
1826 2902 2024 2977 cxttv).
2058 2902 2215 2960 Unde
2237 2914 2294 2959 et

700 3003 987 3059 subditur:

771 3112 1064 3184 Statimque
1091 3111 1247 3168 Iesus
1275 3110 1480 3166 locutus
1524 3119 1599 3164 est
1639 3109 1712 3164 eis
1752 3108 1929 3163 dicens
1956 3122 1975 3160 .·
2005 3107 2203 3162 Habete
2231 3107 2294 3177 fi-

697 3207 932 3271 duciam,
963 3220 1057 3276 eqo
1093 3219 1235 3268 sum,
1277 3201 1436 3256 notite
1465 3201 1665 3256 timere.
1699 3198 1970 3271 (Hieron.)
2001 3198 2157 3267 Quod
2180 3198 2292 3267 pri·

704 3314 855 3354 mum
892 3297 1212 3353 versabatur
1251 3295 1303 3349 in
1358 3308 1547 3360 causa,
1576 3293 1679 3348 boc
1706 3298 1862 3347 curat
1889 3298 1946 3347 et
1975 3290 2291 3346 timentibus

699 3389 979 3462 praecipit,
1014 3388 1201 3444 dicens
1233 3405 1246 3441 ε
1287 3383 1488 3441 Habete
1522 3382 1798 3454 fiduciam,
1822 3381 1981 3438 nolite
2006 3380 2294 3437 timere.Et
2318 3402 2365 3465 C

695 3481 846 3552 quod
875 3479 1149 3551 sequitur:
1183 3478 1295 3549 qu
1316 3494 1453 3543 sum,
1482 3491 1581 3531 nec
1606 3472 1883 3545 subjungit
1916 3472 2038 3544 quis
2066 3472 2173 3529 sit:
2201 3471 2288 3527 vel

699 3587 771 3625 ex
816 3584 949 3626 voce
984 3577 1110 3623 nota
1143 3574 1393 3638 poterant
1435 3580 1560 3621 eum
1595 3563 1919 3635 intelligere,
1946 3563 2039 3634 qui
2065 3577 2163 3634 per
2189 3561 2289 3618 ob-

701 3678 892 3719 scuras
919 3660 1092 3717 noctis
1119 3657 1370 3715 tenebras
1403 3657 1725 3728 loquebatur
1749 3695 1767 3723 ,
1814 3654 1899 3712 vel
1943 3655 2120 3725 ipsum
2167 3668 2289 3710 esse

705 3756 845 3812 scire
864 3761 1133 3826 poterant,
1157 3767 1321 3822 quem
1358 3751 1595 3806 locutum
1626 3750 1691 3805 ad
1715 3748 1955 3821 Moysem
1980 3755 2247 3804 noverant
2271 3765 2284 3802 :

705 3847 836 3903 ttoec
887 3847 1025 3901 dices
1075 3846 1202 3917 filiis
1241 3841 1450 3900 Israel:
1480 3842 1584 3910 Qui
1625 3851 1700 3897 est
1739 3841 1882 3895 misit
1939 3855 2022 3895 me
2075 3838 2147 3893 ad
2199 3855 2287 3893 ros

701 3939 905 4012 (Exod.
938 3938 1041 4011 ιιι).

772 4053 1106 4125 Respondent
1132 4061 1306 4107 autem
1336 4050 1527 4106 Petrus
1564 4050 1696 4105 dixit
1720 4051 1807 4106 ei:
1839 4049 2095 4116 Domine,
2140 4051 2186 4105 si
2229 4059 2288 4105 tu

693 4163 780 4211 es,
796 4145 927 4216 jube
956 4160 1040 4200 me
1084 4144 1255 4198 uenire
1298 4141 1368 4196 ad
1398 4151 1447 4197 te
1489 4157 1647 4213 super
1677 4157 1864 4213 aquas.
1911 4139 1982 4195 Et
2014 4140 2124 4210 ipss
2168 4140 2287 4195 ait:

717 4241 864 4297 veni.
894 4240 952 4295 ln
989 4239 1241 4294 omnibus
1273 4237 1407 4293 loeis
1444 4235 1837 4292 ardentissimae
1865 4233 1987 4289 ndei
2016 4233 2292 4290 invenitur

700 4333 914 4389 Petrus.
946 4330 1294 4400 Interrogatis
1341 4326 1620 4398 discipulis
1659 4341 1821 4397 quem
1850 4326 2099 4381 homines
2142 4324 2290 4380 dice-

704 4434 826 4481 rent
854 4422 1068 4487 Jesum,
1127 4422 1219 4477 Dei
1268 4420 1466 4476 Filium
1517 4418 1827 4475 confitetur.
1889 4418 2173 4474 volentem
2219 4420 2289 4474 ad

685 4516 1011 4588 passionem
1060 4527 1286 4584 pergere
1314 4511 1565 4580 probibet
1609 4528 1621 4563 ε
1660 4517 1716 4565 et
1757 4509 1886 4565 licet
1936 4517 2084 4566 erret
2113 4509 2169 4564 in
2199 4523 2279 4576 re,

703 4616 885 4662 tamen
916 4620 1022 4659 non
1044 4610 1193 4658 errat
1220 4602 1275 4657 in
1314 4600 1529 4666 affectu,
1558 4599 1749 4656 nolens
1773 4615 1897 4656 eum
1924 4601 2086 4667 mori,
2121 4615 2287 4671 quem

2390 2149 2687 2215 convertit;
2721 2164 2940 2204 manum
2969 2151 3232 2219 extendit,
3258 2160 3315 2207 et
3346 2149 3743 2221 indulgentiam
3774 2154 3987 2220 tribuit,

2389 2249 2445 2297 et
2487 2242 2567 2297 sic
2609 2241 2840 2297 salutem
2892 2241 3191 2314 perfectam
3238 2242 3514 2314 discipulis
3559 2242 3792 2299 invenit.
3855 2243 3988 2311 Quia

2384 2333 2541 2405 juxta
2574 2332 2729 2388 Pauli
2756 2347 2944 2389 vocem
2969 2350 3073 2388 non
3102 2343 3177 2389 est
3230 2332 3467 2401 volentis,
3501 2349 3667 2406 neque
3695 2336 3992 2402 currentis,

2390 2425 2481 2480 sed
2512 2424 2810 2480 miserantis
2839 2424 2937 2479 Dei
2960 2423 3140 2497 (Rom.
3186 2424 3285 2498 tx).
3315 2422 3426 2480 Nec
3455 2423 3599 2479 enim
3655 2431 3853 2480 nostro
3888 2424 3989 2480 sal·

2391 2522 2641 2578 vabimur
2676 2521 2894 2588 merito,
2917 2520 3014 2576 sed
3043 2519 3186 2576 illius
3211 2520 3373 2576 dono.

2464 2610 2534 2665 Et
2587 2611 2662 2666 ait
2705 2609 2785 2665 illi
2820 2624 2839 2662 .·
2881 2608 3107 2665 Modicoe
3156 2610 3322 2679 fidei,
3375 2626 3540 2681 quare
3587 2611 3895 2668 dubitasti?
3932 2613 3991 2671 Si

2390 2704 2636 2776 apostolo
2660 2703 2844 2772 Petro,
2869 2705 2937 2760 de
2962 2703 3117 2775 cujus
3153 2702 3257 2759 [ide
3281 2711 3335 2759 et
3360 2705 3557 2761 ardore
3582 2707 3786 2762 mentis
3827 2723 3991 2778 supra

2392 2796 2630 2853 diximus
2655 2837 2671 2864 ,
2712 2795 2805 2866 qui
2849 2794 3186 2852 confidenter
3228 2796 3500 2868 rogaverit
3519 2796 3865 2856 salvatorem
3915 2802 3993 2857 di-

2392 2901 2540 2951 cens,
2573 2885 2815 2953 Domine,
2843 2885 2888 2941 si
2923 2895 2979 2940 tu
3012 2901 3067 2941 es
3092 2926 3106 2954 ,
3141 2885 3272 2957 jube
3293 2903 3376 2942 me
3404 2888 3575 2945 venire
3612 2890 3687 2943 ad
3734 2900 3785 2946 te
3834 2907 3993 2963 super

2393 2992 2581 3048 aquas,
2616 2975 2741 3045 quia
2782 2974 3060 3046 paululum
3113 2975 3309 3041 timuit,
3341 2976 3543 3034 dicitur
3566 2978 3641 3046 ei,
3666 2978 3902 3037 Hodicoe
3919 2982 3988 3051 fi·

2392 3068 2498 3134 dei,
2529 3084 2693 3141 quare
2738 3067 3031 3123 dubitasti?
3059 3065 3201 3136 Quid
3247 3068 3404 3125 nobis
3430 3069 3723 3127 dicendum
3756 3081 3868 3140 est,
3898 3074 3990 3145 qui

2393 3159 2556 3230 hujus
2586 3159 2810 3216 modicae
2835 3157 2960 3215 ssdei
2998 3173 3100 3214 nec
3142 3159 3424 3216 minimam
3472 3161 3694 3232 quidem
3724 3163 3990 3223 babemus

2392 3249 2813 3322 portiunculam.
2854 3248 3080 3325 (Mina.)
3113 3250 3335 3323 Mystice
3380 3260 3559 3308 autem
3603 3255 3753 3325 qaod
3798 3255 3991 3314 Petrus

2394 3359 2426 3399 a
2454 3343 2684 3400 Domino
2724 3343 2912 3416 iussus
2960 3344 3147 3403 venire
3193 3344 3391 3402 fluctus
3433 3348 3605 3404 maris
3644 3349 3855 3417 calcat,
3887 3366 3990 3422 quo

2395 3436 2577 3492 veniat
2605 3437 2674 3492 ad
2708 3434 2916 3505 Jesum,
2943 3436 3211 3509 significat
3240 3438 3536 3497 Ecclesiam
3566 3438 3727 3513 ctijns
3756 3444 3879 3516 ipse
3906 3461 3993 3517 pa-

2391 3534 2506 3582 stor
2530 3535 2616 3583 est
2638 3527 2945 3583 tendentem
2967 3528 3033 3582 ad
3069 3527 3343 3585 coelestem
3374 3528 3628 3599 patriam,
3658 3528 3861 3589 fluetus
3888 3532 3989 3588 bu·

2385 3616 2477 3687 jus
2498 3616 2678 3674 saeculi
2708 3618 2936 3690 vestigio
2973 3626 3135 3674 rectae
3160 3617 3285 3675 ndei
3314 3627 3372 3675 et
3397 3619 3684 3692 gressibus
3716 3622 3987 3679 bonorum

2392 3709 2697 3779 superando
2736 3709 2968 3765 calcare.
3014 3708 3085 3766 Et
3117 3710 3263 3781 quod
3290 3708 3487 3767 Petrus
3512 3718 3847 3783 tempestate
3884 3720 3991 3771 ter·

2391 3798 2533 3855 ritus
2560 3798 2616 3854 in
2645 3798 2902 3857 fluetibus
2948 3800 3126 3872 mergi
3163 3800 3347 3873 empti,
3377 3798 3709 3859 iridrmiores
3742 3818 3991 3877 quosque

2392 3890 2447 3946 in
2473 3889 2710 3946 Ecclesia
2737 3906 2874 3963 quos
2917 3889 3155 3962 procella
3192 3891 3667 3965 persecutionum,
3694 3906 3797 3951 seu
3832 3892 3989 3953 turbs

2393 3982 2748 4039 tentationum
2779 3990 2947 4039 terret
2970 4022 3001 4055 „
3037 3990 3094 4040 et
3148 3997 3180 4038 a
3206 3992 3398 4041 tenore
3424 3982 3573 4052 fluet,
3602 3984 3721 4043 sin
3758 3998 3797 4041 ι
3840 3994 3991 4045 statu

2389 4072 2655 4130 bonorum
2730 4083 2949 4129 actuum
3012 4071 3290 4143 paululum
3361 4070 3595 4131 reflectit
3630 4113 3651 4142 ,
3700 4074 3987 4149 exprimit.

2390 4162 2540 4231 Quos
2569 4171 2750 4219 tamen
2778 4177 2847 4218 ne
2870 4161 3114 4219 funditus
3152 4163 3209 4219 in
3234 4161 3543 4236 pernetam,
3588 4170 3651 4222 α
3670 4162 3731 4223 h
3778 4164 3993 4241 vot-ugi-

2390 4268 2515 4310 nem
2539 4261 2887 4326 peccatorum
2915 4264 3254 4329 mergantur,
3284 4264 3539 4328 porr-cu
3576 4256 3993 4333 divinam

2390 4345 2631 4401 nationis
2656 4344 2881 4403 dextera
2922 4346 3201 4415 extranta
3240 4354 3301 4403 et
3344 4346 3489 4405 stem
3510 4344 3989 4409 Petu-ent-

2390 4436 2461 4493 de
2479 4436 2659 4508 abyssi
2703 4436 2914 4509 pelago,
2940 4436 3015 4493 ita
3045 4435 3169 4495 illos
3197 4447 3413 4507 ereptos
3449 4439 3521 4495 de
3565 4447 3986 4511 persecutum

2391 4526 2646 4584 scandalo
2666 4526 2722 4583 in
2744 4526 2904 4584 firmo
2928 4527 3129 4599 quietis
3161 4543 3409 4599 superum
3421 4527 3537 4583 suin
3557 4527 3718 4603 luxu
3742 4543 3814 4587 se
3831 4527 3994 4587 eulh-

2390 4617 2573 4675 cabit:
2610 4616 2738 4688 quis
2761 4617 3093 4691 impossibile
3117 4627 3225 4683 est..
3253 4623 3525 4675 uteorum
3541 4615 3750 4691 uliquis
3774 4627 3990 4691 ms,

689 4695 899 4750 filium
929 4694 1024 4749 Dei
1043 4692 1224 4748 iuerat
1250 4689 1411 4762 paulo
1456 4696 1582 4746 ante
1609 4689 1912 4746 confessus.
1948 4689 2005 4745 ln
2047 4698 2286 4747 montem
2391 4724 2529 4780 quos
2555 4724 2786 4766 ceum„
2808 4709 2943 4782 jum
2980 4708 3177 4782 lmffiffl
3225 4707 3646 4779 ΜΕΜΗ·
3667 4707 3882 4779 ,mt-
3918 4707 3990 4771 fl

671 4800 825 4839 -cum
851 4783 1131 4839 Salvatore
1166 4781 1309 4835 inter
1341 4779 1545 4850 primos
1583 4777 1849 4845 ascendit,
1876 4778 2009 4834 etin
2035 4778 2287 4849 passione
2316 4773 2364 4834 D
2390 4803 2555 4859 Vnam
2588 4810 2869 4859 gemmam·
2918 4798 3033 4858 Um
3069 4799 3185 4875 ips,
3233 4799 3449 4859 vffiffl
3481 4799 3561 4859 ,ἢ
3581 4795 3822 4859 em·
3846 4796 3990 4875 “fl

702 4873 851 4928 solus
877 4872 1140 4941 sequitur.
1159 4870 1458 4927 Peccatum
1480 4869 1805 4941 negationis,
1835 4869 1980 4939 quod
2006 4883 2072 4925 ex
2093 4883 2288 4940 repen-

677 4962 817 5017 ·tino
846 4962 1041 5017 timore
1081 4961 1431 5017 descenderat
1455 5001 1469 5025 ,
1520 4960 1878 5015 autarissimis
1908 4961 2090 5017 statim
2119 4962 2292 5018 abluit

677 5053 975 5125 iacrymis.
1007 5051 1137 5107 Post
1164 5052 1472 5122 passionem
1524 5066 1649 5106 cum
1689 5059 1836 5106 esset
1880 5052 1933 5106 in
1965 5051 2086 5108 lacu
2113 5051 2291 5110 Gene-

700 5145 906 5210 saretb,
938 5152 993 5199 et
1018 5142 1378 5213 piscarentur,
1402 5148 1457 5196 et
1485 5140 1746 5197 Dominus
1786 5147 1957 5198 staret
2001 5141 2057 5198 in
2081 5141 2285 5211 littore,

699 5233 823 5290 aliis
866 5232 1125 5304 paulatim
1151 5232 1530 5303 navigantibus
1547 5272 1562 5298 ,
1595 5230 1684 5286 ille
1715 5247 1823 5288 non
1850 5233 2053 5302 patitur
2079 5248 2279 5301 moras,

687 5325 796 5383 -sed
824 5325 1102 5382 accinctus
1125 5325 1389 5396 ependyte
1435 5339 1534 5380 suo
1576 5325 1759 5380 statim
1806 5325 2174 5396 praecipitatur
2225 5328 2281 5383 in

683 5418 912 5475 tinctus.
942 5418 1146 5474 Eodem
1173 5417 1337 5489 igitur
1361 5416 1484 5472 ndei
1520 5418 1714 5474 ardore
1737 5432 1846 5489 quo
1875 5429 2108 5488 semper,
2135 5434 2281 5476 nunc

695 5525 913 5583 quoque
948 5511 1163 5569 caeteris
1190 5511 1493 5567 tacentibus
1540 5510 1769 5566 credidit
1812 5526 1871 5566 se
1907 5525 2065 5581 posse
2102 5509 2282 5568 facere

695 5614 796 5673 per
826 5600 1156 5659 voluntatem
1196 5602 1461 5675 magistri,
1496 5602 1639 5672 quod
1671 5617 1778 5657 non
1807 5610 2022 5672 poterat
2043 5617 2142 5674 per
2177 5618 2278 5659 na-

681 5707 895 5753 -turam.
921 5692 1058 5748 Iube
1084 5710 1189 5760 me,
1213 5693 1409 5764 inquit,
1436 5694 1609 5749 venire
1644 5694 1715 5748 ad
1736 5702 1786 5749 te
1804 5711 1963 5765 snper
1988 5711 2172 5767 aquas.
2196 5695 2279 5752 Tu

693 5784 949 5854 praecipe,
976 5790 1033 5840 et
1051 5782 1194 5839 illico
1217 5783 1594 5840 solidabuntur
1619 5782 1796 5849 undae,
1817 5799 1883 5839 ac
1901 5783 2021 5840 leve
2050 5784 2141 5841 liet
2157 5800 2282 5841 cor-

689 5885 799 5942 pus
822 5871 966 5943 quod
993 5886 1091 5943 per
1113 5885 1174 5927 se
1193 5886 1358 5944 grave
1390 5879 1497 5928 est.

753 5981 835 6036 ,ΕΔ
851 5982 1167 6042 descendens
1197 5980 1388 6042 Petrus
1425 5984 1490 6041 de
1519 5983 1761 6041 navicula
1785 5986 2088 6046 ambulabat
2124 6004 2281 6059 super

2389 4896 2482 4952 dat
2513 4896 2644 4951 mini
2664 4892 2832 4952 Pater
2852 4895 2924 4950 sd
2958 4910 3041 4951 me
3069 4895 3257 4964 reniet,
3285 4903 3333 4952 et
3357 4907 3481 4952 m
3505 4895 3766 4968 911111ῖί
3790 4891 3986 4964 dne.

2389 5003 2493 5042 non
2535 4984 2746 5058 ejiciam
2788 4985 2937 5058 sores
2954 4984 3137 5061 (laun.
3189 4984 3282 5056 ni.
3334 4984 3493 5040 Harii
3517 4984 3674 5044 enin
3718 4982 3986 5044 llud-s

2385 5077 2500 5148 pios
2524 5076 2590 5132 de
2609 5076 2893 5141 tentatione
2910 5076 3109 5149 stipere
3133 5076 3221 5152 [H
3241 5072 3389 5132 Patr.
3417 5072 3505 5148 n}-
3533 5072 3738 5132 EUM
3765 5080 3866 5132 fl!
3886 5072 3989 5136 ΙΙΙ·

2387 5176 2581 5241 potens
2603 5168 2745 5224 tuter
2768 5166 3015 5225 turbines
3037 5176 3421 5240 tempestiuam
3449 5156 3615 5236 bidus
3632 5164 3834 5228 saeuit
3858 5179 3990 5228 m

2390 5260 2459 5316 ab
2487 5260 2634 5317 omni
2684 5259 2928 5332 nequitia
2952 5272 3249 5331 prorui-unt
3297 5256 3494 5316 mama
3541 5256 3850 5316 custodit-u.
3874 5256 3986 5316 ΕΗ
4066 5278 4074 5299 ν

2387 5349 2667 5406 videamus
2688 5348 2818 5421 quid
2836 5348 3085 5419 sequitur
3105 5368 3121 5405 ς

2460 5439 2531 5495 Et
2567 5456 2687 5496 cnm
2723 5439 3041 5497 amm
3088 5436 3473 5497 tum-tat
3514 5432 3983 5501 aarum
4030 5520 4047 5527 ..

2387 5530 2573 5607 (nn.)
2588 5530 2767 5587 Prima
2785 5545 2917 5603 ergo
2928 5531 3317 5604 trepidantium
3330 5538 3391 5591 et

2388 5623 2573 5679 ventio
2615 5630 2700 5679 est
2746 5623 3026 5680 incussum
3066 5622 3325 5681 cordibus
3432 5628 3437 5633 '

2389 5710 2636 5770 &cunda
2665 5720 3045 5799 tempe-tm
3070 5712 3245 5771 furius

2978 5784 3730 6120 Q*

3698 5606 3705 5619 ι

3594 5626 3603 5633 “
3676 5628 3693 5653 J

2385 5897 2561 5953 culam
2590 5896 2778 5955 Domiu

2385 5991 2550 6050 corde
2568 5990 2713 6049 Deus
2735 6004 2813 6065 pm

4026 5769 4152 6118 i
