4509 6850
355 665 410 721 οἰδ
675 662 705 717 Β.
726 660 853 718 nunant
871 661 981 719 MAURl
997 658 1157 717 nnctnnr.
1175 659 1329 716 nocnnr.
1350 659 1492 719 oenntnt
1512 661 1601 717 PARS
1619 663 1640 717 l.
1928 669 1982 723 nst

354 790 404 830 nes
423 749 554 843 neptisve,
570 773 657 828 turbis
673 771 874 827 sciscitantibus
896 772 961 841 quid
983 770 1103 826 iacerent
1114 780 1144 825 ut
1161 775 1283 833 Aversor
1293 787 1353 825 eum
1364 771 1494 842 quomode
1504 787 1564 826 esar
1575 773 1721 842 perderent.
1740 773 1854 847 (lianc.)
1874 777 1987 833 Exeun-

355 879 410 918 uou
423 862 495 918 reiut
507 862 619 917 arbores
632 860 715 914 aridae
726 860 899 915 mitterentur
915 861 942 915 in
958 860 1066 929 ignem,
1092 859 1145 914 boc
1195 869 1238 916 tes
1250 877 1315 932 ergo
1327 877 1375 917 eos
1386 862 1462 927 dicit,
1475 878 1530 917 nitu
1549 863 1688 928 adeuntes,
1711 865 1752 920 vel
1767 868 1988 937 appropinquan-

355 953 443 1008 solum
465 951 620 1023 pracepit:
645 949 698 1015 Qus
722 950 799 1004 bonet
822 950 890 1004 duos
910 951 1013 1004 tunicas
1029 950 1072 1018 det
1092 966 1145 1003 non
1195 961 1260 1017 tes,
1287 954 1349 1023 qnia
1378 950 1471 1008 eorum
1497 968 1574 1008 urens
1594 970 1676 1024 prava
1699 971 1841 1028 sempera
1870 960 1989 1018 Domino

357 1042 469 1108 icbmti,
485 1052 509 1097 ιι
523 1042 568 1113 qui
586 1040 662 1096 nabet
682 1057 754 1095 esces
767 1041 889 1096 similiter
908 1043 990 1112 {aciat
1002 1042 1079 1115 (Duc.
1091 1043 1143 1112 ιιι).
1196 1057 1291 1098 aversa
1303 1041 1364 1108 luit,
1379 1058 1430 1099 nec
1441 1043 1613 1114 pertinebant
1624 1046 1657 1099 ad
1669 1061 1761 1101 eorum
1774 1056 1875 1103 srrrtem
1887 1051 1989 1120 quilius

355 1133 390 1187 Bt
400 1135 427 1187 in
440 1130 630 1187 Ecclesiastico
642 1129 760 1186 dicitur:
775 1129 852 1196 Fili,
868 1149 920 1187 non
942 1134 976 1186 sit
990 1149 1084 1186 manus
1099 1142 1146 1186 ιιιιι
1196 1131 1336 1201 Scriptura
1356 1134 1422 1188 dicit
1437 1151 1443 1187 :
1460 1134 1581 1189 Accedite
1600 1135 1634 1189 od
1655 1152 1724 1202 eunt,
1748 1148 1774 1191 ιι
1785 1126 1988 1205 illuminamini,

355 1222 583 1293 odaccipiendunr
601 1222 800 1292 porrectoetad
818 1222 936 1278 donnum
960 1223 1069 1278 collecto
1083 1223 1146 1295 (Ει-
1196 1230 1224 1278 ιι
1247 1223 1350 1291 reliqua
1378 1221 1464 1295 (Psoi.
1479 1222 1587 1296 xxxvii).
1611 1224 1748 1281 Exeuntes
1772 1227 1901 1284 videlieet
1923 1245 1987 1285 curn

357 1314 401 1368 cti.
419 1312 468 1385 ru).
482 1311 596 1374 Frustra
609 1311 682 1366 euim
699 1326 795 1375 manus
807 1311 842 1365 ad
862 1312 946 1367 Deum
960 1327 1009 1382 pro
1027 1311 1147 1381 pcccatis
1196 1313 1326 1382 magistro
1339 1329 1388 1369 suo
1401 1314 1529 1380 diabolo,
1554 1316 1588 1370 de
1605 1330 1660 1385 quo
1673 1317 1803 1386 scriptum
1816 1326 1880 1373 est:
1897 1319 1988 1377 Ecieit

357 1412 500 1475 rogaturus
520 1399 660 1471 expandit,
675 1400 721 1469 qui
734 1415 788 1455 non
809 1401 858 1454 bas
875 1400 909 1454 ad
925 1400 1033 1454 viduam
1047 1415 1146 1470 rogan·
1196 1398 1278 1456 Satan
1291 1418 1308 1455 a
1319 1402 1386 1472 {acie
1400 1402 1507 1458 Domini
1523 1403 1595 1476 (tot.
1616 1420 1637 1470 r,
1653 1406 1695 1476 n),
1709 1406 1851 1462 eonsilium
1864 1408 1990 1466 iecerunt

306 1560 311 1574 Ι
358 1501 413 1548 tem
435 1491 595 1547 beneficium
622 1489 725 1546 laturus
744 1491 914 1555 extenderim
941 1492 1012 1547 unde
1035 1491 1147 1562 pulchre
1196 1491 1330 1559 quomodo
1343 1492 1426 1546 vitam
1439 1492 1593 1561 perderent,
1609 1509 1661 1548 uon
1676 1497 1812 1565 quomodo
1830 1498 1882 1567 ipsi
1903 1500 1988 1554 vitam

357 1580 550 1651 subjungitur:
1052 1587 1061 1592 “
1196 1578 1358 1636 invenirent
1373 1580 1450 1648 Quod
1473 1591 1563 1638 antero
1586 1583 1700 1640 Domino
1725 1585 1811 1655 iniqui
1838 1586 1990 1643 moliuntur

392 1673 427 1727 Ει
440 1675 561 1728 restituta
583 1682 621 1727 est
641 1673 760 1739 naiton,
787 1675 854 1728 sicui
877 1674 971 1729 attera.
996 1673 1147 1730 tlumanum
1197 1668 1310 1725 insidias
1331 1669 1400 1725 livor
1417 1672 1445 1726 in
1466 1687 1548 1728 causa
1569 1680 1611 1728 est
1625 1692 1632 1727 ε
1648 1674 1712 1744 quid
1732 1677 1806 1731 enlin
1831 1676 1937 1732 iecerat
1960 1688 1991 1732 ιιι

357 1764 456 1833 quippe
480 1778 565 1834 genus
587 1772 650 1819 ante
667 1765 810 1820 adventum
834 1765 982 1822 salvatoris
1007 1766 1146 1822 dexteram
1197 1757 1348 1815 Pharisaeos
1359 1760 1394 1814 ad
1405 1761 1620 1818 interiectionem
1640 1766 1682 1820 sui
1698 1776 1878 1836 pmrocaret,
1891 1782 1990 1839 nempe

358 1866 467 1905 arianum
480 1850 751 1923 babuitlanguidam,
767 1863 795 1909 ct
810 1855 947 1911 sinistram
966 1871 1071 1920 sanam,
1084 1855 1148 1926 quia
1197 1850 1270 1919 qnod
1296 1851 1377 1905 homo
1401 1853 1560 1908 extenderat
1583 1870 1692 1910 manum
1710 1872 1798 1912 suam.
1824 1858 1894 1926 Quis
1916 1860 1989 1914 euim

358 1941 478 1995 ntnrcitle
491 1940 613 2012 torpebat
626 1943 662 1997 ab
674 1943 905 2016 eleemosynarum
931 1961 1023 2014 opere,
1044 1955 1071 2000 et
1092 1960 1148 2000 suoe
1198 1937 1393 1996 Pharisaeorum
1408 1943 1436 1997 in
1449 1943 1492 1998 die
1504 1944 1608 2001 sabbati
1623 1961 1676 2002 non
1688 1950 1850 2004 extenderat
1864 1965 1987 2011 matroni,

359 2037 463 2084 mittum
477 2029 580 2085 intenta
593 2033 773 2088 eratstndere
786 2034 904 2087 utilitati.
920 2034 974 2089 Sed
989 2034 1149 2089 adveniente
1198 2038 1310 2099 n⁰rinn⁸
1331 2031 1426 2097 cibos,
1447 2032 1558 2089 calicem
1585 2037 1726 2106 porrigens
1752 2046 1781 2092 et
1806 2048 1909 2095 cetera
1931 2056 1991 2110 quac

359 2119 472 2175 nomino
496 2119 560 2176 tesn
583 2120 710 2188 cbristo,
734 2123 845 2179 carrera
871 2124 909 2179 nn
929 2133 1043 2180 sanarer
1062 2133 1092 2179 nt
1111 2126 1149 2179 si·
1162 2128 1186 2189 B
1199 2118 1282 2173 victui
1304 2120 1458 2175 mensarii
1475 2130 1539 2177 sune
1554 2140 1560 2176 =
1577 2124 1600 2178 si
1615 2139 1680 2195 crae
1702 2141 1812 2181 marum
1831 2130 1990 2194 exeunte,

358 2211 445 2267 nistra
461 2228 468 2265 :
483 2211 546 2281 quia
559 2212 632 2281 quod
645 2219 708 2267 aute
727 2221 936 2284 congregaverat
951 2215 1049 2279 avide,
1075 2229 1147 2269 nunc
1181 2215 1226 2268 ,ιῑ
1245 2206 1372 2263 alimenta
1386 2208 1528 2265 sublevere
1540 2210 1582 2266 rel
1594 2219 1699 2281 notum,
1712 2213 1740 2268 in
1751 2215 1868 2272 sabbato
1881 2233 1935 2272 non
1951 2229 1993 2274 cst

359 2309 525 2372 pracceptum
539 2308 583 2356 est
595 2300 621 2356 ei
634 2308 665 2357 ιιι
688 2302 790 2358 tribuat
803 2301 892 2373 large;
908 2311 936 2357 et
950 2303 981 2356 su
995 2303 1061 2357 illud
1076 2304 1149 2373 quod
1197 2298 1331 2364 criminis,
1346 2315 1395 2354 our
1407 2300 1460 2356 boc
1472 2300 1536 2355 mali
1547 2312 1664 2372 arguant
1674 2304 1747 2375 quod
1757 2306 1809 2377 ipsi
1831 2306 1926 2364 lacere
1948 2325 1993 2365 ee

358 2396 487 2466 scriptum
501 2402 553 2463 est,
566 2401 597 2450 ut
618 2396 664 2466 qni
684 2403 795 2449 utuntur
819 2396 868 2449 icoc
889 2396 998 2462 mundo,
1022 2399 1149 2467 tanquam
1167 2406 1178 2425 ‘
1198 2395 1315 2457 guntur;
1335 2390 1487 2458 nraeseriim
1500 2406 1561 2446 cnm
1582 2391 1635 2448 istc
1648 2396 1839 2452 cementarius
1856 2397 1924 2453 nibil
1941 2400 1994 2453 saie

358 2503 412 2541 non
423 2494 523 2541 ιιιιιιιι
534 2486 586 2540 sint
600 2483 627 2556 (l
637 2483 700 2540 Gor.
714 2484 786 2557 vn);
801 2493 848 2541 ct:
867 2483 920 2552 Qui
933 2485 1046 2540 inuitum
1057 2486 1148 2540 ncinit
1198 2478 1368 2545 portaverit,
1383 2480 1432 2536 ted
1441 2480 1476 2535 ed
1489 2491 1651 2552 nraeoeninm
1665 2484 1771 2540 Domini
1782 2486 1888 2542 salvam
1902 2500 1994 2544 esten-

360 2593 429 2631 non*
450 2574 615 2642 abundabit,
648 2584 672 2629 ιι
698 2575 743 2646 qni
767 2575 899 2630 modicum
934 2592 987 2630 non
1007 2575 1149 2630 minorabit
1199 2565 1270 2620 derit
1287 2582 1408 2622 menum·
1433 2567 1527 2640 Neque
1549 2571 1623 2627 enirn
1646 2572 1701 2639 ille,
1723 2575 1770 2645 qui
1789 2576 1871 2643 dicit,
1886 2580 1996 2649 ιιίιιιι

359 2664 559 2739 (namn),
1200 2666 1262 2710 sant
1282 2655 1369 2728 (Paci.
1402 2661 1491 2734 usn)
1513 2664 1629 2730 omnia,
1651 2665 1764 2724 sabbato
1788 2668 1917 2728 laborare
1942 2688 1993 2744 po·

395 2755 531 2828 (Dieron.)
557 2754 710 2812 Notandum
733 2769 840 2826 quoque
859 2754 931 2825 quod
952 2754 979 2811 io
1002 2754 1150 2826 Evangelio
1199 2756 1270 2805 ierat
1282 2751 1416 2809 convinci.

359 2848 507 2904 secondum
524 2847 666 2913 llebraeos,
681 2863 735 2918 quo
747 2856 861 2903 utuntur
879 2844 1020 2901 Nararaeni
1031 2853 1060 2901 ct
1070 2845 1150 2901 Ebio-
1234 2841 1314 2898 iesus
1332 2852 1420 2899 eutem
1433 2861 1538 2913 ιιιιιιι,
1562 2852 1668 2905 recessit
1680 2841 1750 2907 inde.
1766 2850 1865 2911 Sciens
1881 2856 1996 2915 insidias

359 2939 423 2993 irinc
435 2978 443 3004 ,
457 2947 486 2993 et
501 2939 572 3008 quod
590 2946 703 2995 vocatur
721 2953 738 2992 a
757 2937 894 3009 plerisque
906 2936 1025 2993 llattbaei
1036 2938 1151 2993 authen·
1198 2944 1303 2993 corum,
1319 2934 1392 3002 quod
1404 2933 1504 2992 vellent
1524 2938 1637 3006 perdere
1651 2938 1821 2998 Salvatorem
1835 2959 1934 3011 sunna,
1948 2962 1993 3004 re·

365 3027 464 3092 ticum,
484 3027 565 3083 bomo
580 3026 652 3093 iste,
675 3026 722 3098 qui
740 3027 845 3082 aridam
870 3025 951 3082 babet
967 3040 1087 3091 manum,
1098 3040 1151 3080 ιιι-
1198 3021 1282 3077 cessit
1293 3022 1364 3089 inde,
1377 3032 1407 3079 ut
1420 3023 1564 3083 Pharissis
1578 3030 1749 3085 occasionem
1769 3032 1921 3102 impietatis
1941 3051 1993 3091 aa·

346 3104 508 3175 'urentmius
529 3118 677 3184 scribitur,
705 3115 856 3173 istiusmodi
882 3115 994 3171 vocibus
1020 3115 1150 3170 auxilium
1199 3110 1293 3169 lerret.
1309 3114 1416 3189 (Dedo.)
1433 3110 1553 3174 Seees'sit
1574 3118 1652 3189 quasi
1678 3120 1760 3176 bomo
1779 3120 1994 3194 lugiensperse·

358 3223 473 3279 precans
490 3225 496 3262 :
512 3206 705 3264 cementarius
719 3220 805 3274 eram,
823 3206 947 3262 manibus
959 3206 1059 3261 vietum
1074 3220 1149 3275 quae·
1199 3204 1339 3273 quentium
1355 3205 1476 3272 insidias,
1496 3207 1561 3278 quia
1586 3222 1673 3279 neque
1692 3210 1786 3266 adbuc
1797 3222 1913 3268 venerat
1926 3216 1993 3270 bora

359 3298 461 3366 ritans;
478 3313 574 3369 precor
587 3307 625 3365 te,
639 3295 715 3363 lesu,
732 3304 761 3351 ut
774 3296 840 3352 mibi
851 3296 978 3353 restituas
992 3296 1148 3359 sanitatem,
1199 3295 1335 3365 passionis
1348 3296 1428 3367 ejus,
1451 3312 1541 3369 neque
1561 3307 1638 3355 extra
1658 3299 1827 3359 Hierusalem
1846 3304 1898 3359 init
1917 3305 1993 3363 locris

358 3410 393 3451 ne
405 3395 521 3466 turpiter
541 3394 691 3452 mendicem
707 3393 794 3451 eibos.
818 3391 939 3462 Denique
953 3388 1088 3462 usquead
1102 3389 1150 3445 ad·
1198 3386 1343 3458 passionis.
1362 3386 1484 3454 secessit,
1506 3387 1612 3461 lugiens
1625 3404 1685 3447 sese
1696 3391 1759 3448 odio
1774 3403 1994 3466 persequentes,

360 3493 471 3542 ventum
486 3484 634 3543 Salvatoris
644 3501 750 3551 manus,
765 3485 808 3540 eui
820 3483 949 3555 spiritalis
962 3483 1070 3539 editicii
1081 3497 1147 3539 cura
1161 3479 1184 3542 C
1199 3476 1246 3532 sed
1260 3491 1293 3532 eo
1305 3477 1421 3533 accessit
1434 3478 1480 3534 ubi
1494 3478 1584 3549 plures
1597 3481 1700 3536 invenit
1722 3497 1784 3539 sese
1798 3498 1849 3555 per
1869 3499 1994 3544 amorem

360 3572 482 3644 delegata
495 3571 594 3638 luerat,
609 3573 684 3629 arida
699 3573 726 3629 in
741 3572 882 3645 synagoga
894 3570 1049 3627 iudaeorum
1071 3570 1123 3626 luit
1137 3610 1145 3638 ,
1197 3579 1350 3641 sequentes.
1366 3570 1435 3627 llam
1447 3573 1570 3629 subditur
1590 3592 1597 3629 ι

358 3674 387 3720 et
403 3664 452 3721 Dei
465 3677 549 3735 opera
562 3679 616 3720 non
626 3663 727 3719 debant
748 3663 776 3719 in
791 3678 823 3719 ea
840 3677 848 3717 a
862 3669 1005 3733 postquam
1016 3662 1087 3718 enim
1102 3661 1148 3717 ille
1232 3661 1421 3718 Etrecotisunt
1430 3679 1489 3718 cum
1499 3664 1584 3731 multi,
1598 3675 1623 3722 ιι
1635 3668 1735 3723 errauit
1749 3684 1793 3724 eor
1806 3682 1908 3726 omnes.
1921 3671 1994 3728 Ecce

359 3753 434 3810 veuit
447 3754 475 3810 in
488 3761 588 3821 terras,
611 3753 714 3808 reddita
728 3761 771 3808 est
784 3753 812 3808 iu
834 3752 962 3822 apostolis
977 3751 1148 3808 credentibus
1196 3751 1336 3819 Pharisaei,
1353 3753 1477 3825 magistri
1490 3754 1615 3812 videlicet
1632 3757 1730 3827 plebis,
1747 3760 1879 3815 unanimo
1899 3761 1994 3818 Domi-

359 3849 472 3903 dertera
485 3856 513 3904 et
525 3846 601 3918 operi
613 3845 728 3917 pristino
741 3845 877 3901 restituta.
1197 3857 1261 3899 num
1276 3844 1390 3900 consilio
1404 3845 1518 3916 perdere
1536 3855 1675 3917 quercum
1692 3856 1722 3904 at
1740 3849 1819 3904 turba
1834 3849 1948 3906 indocta
1964 3862 1992 3907 et

397 3936 488 4009 (Aeg.)
515 3935 570 3993 Sed
589 3942 677 4007 potest
698 3949 807 3992 movere
834 3933 969 4005 quomodo
1004 3931 1148 3987 llattbaeus
1197 3934 1293 4004 vulgus
1302 3935 1480 4006 undecunque
1491 3936 1634 3993 collectum
1647 3939 1775 3994 unanima
1791 3955 1854 3995 euru
1868 3941 1994 3998 dileetio-

359 4026 458 4084 dixerit
469 4025 542 4096 quod
563 4024 615 4096 ipsi
626 4025 852 4096 interrogaverint
865 4023 1020 4089 Dominum,
1040 4020 1072 4077 Si
1087 4021 1148 4089 lieet
1197 4035 1232 4077 ne
1247 4031 1404 4092 sequuntur.
1423 4022 1464 4078 llli
1484 4024 1607 4081 videntes
1625 4039 1707 4097 opera
1724 4027 1857 4083 virtutum
1870 4027 1947 4098 ejus,
1966 4042 1994 4087 ct

359 4117 600 4174 subintecsrarei
622 4116 743 4174 volentes
762 4115 884 4172 invenire
904 4111 1048 4171 accusandi
1069 4126 1149 4169 ocea-
1198 4111 1280 4166 rerba
1305 4110 1434 4167 doetrinae
1457 4112 1622 4181 audientes,
1651 4115 1720 4169 nibil
1742 4115 1861 4187 amplius
1886 4117 1995 4175 discere

358 4211 481 4275 sionem;
496 4209 553 4279 ipse
567 4222 632 4265 vero
645 4207 699 4265 illis
714 4209 748 4264 de
761 4223 811 4264 ore
827 4205 1001 4279 pmposuerit
1019 4204 1147 4260 similitu-
1197 4214 1278 4270 quam
1293 4208 1324 4255 ut
1336 4215 1399 4256 eum
1411 4203 1770 4273 persequerenturralebant
1781 4224 1788 4260 :
1801 4207 1858 4273 isti,
1866 4209 1994 4279 opirrione

270 4292 274 4299 ’
359 4298 587 4365 dinem,dieens:
603 4295 669 4364 Quis
684 4297 864 4353 enimvobis
886 4297 963 4350 nomo
989 4295 1035 4366 qui
1054 4294 1149 4350 inoleat
1198 4297 1303 4347 mutum
1325 4291 1399 4348 ducti
1414 4293 1544 4348 virtutum
1562 4292 1636 4363 ejus,
1656 4305 1785 4367 congesto
1802 4298 1914 4368 agmine
1931 4314 1993 4369 pee-

358 4405 430 4444 onent
447 4404 548 4455 enam,
566 4397 591 4443 et
613 4389 637 4444 si
654 4387 773 4443 ceciderit
786 4388 842 4443 lroec
853 4386 970 4443 satietis
983 4386 1011 4440 in
1026 4384 1149 4456 somam,
1192 4382 1328 4449 maximo,
1339 4383 1450 4439 veniunt
1462 4385 1497 4440 ad
1510 4385 1741 4442 audiendumeum
1751 4401 1887 4458 opemque
1896 4389 1995 4445 sabrds

359 4498 445 4537 nonne
456 4482 550 4538 tenebit
559 4492 584 4538 et
597 4481 691 4539 levabit
701 4499 758 4539 eom
769 4483 782 4537 i
794 4481 900 4550 Quanto
914 4480 1007 4536 melior
1020 4489 1059 4535 ert
1070 4479 1148 4534 domo
1196 4468 1380 4543 flagitandam·
1396 4471 1473 4530 Unde
1492 4489 1555 4530 mox
1575 4490 1632 4533 suae
1647 4475 1793 4533 voluntatis
1807 4493 1843 4534 ac
1862 4478 1994 4536 desiderii

359 4590 416 4628 oce.
432 4573 526 4645 ltaque
539 4574 599 4630 licet
612 4574 726 4631 sabbatis
744 4574 905 4645 benefacere,
920 4589 983 4630 eum
998 4573 1103 4628 Marcus
1120 4580 1149 4627 et
1197 4562 1327 4632 wsssequi
1340 4572 1481 4619 mereninr
1490 4563 1616 4622 effectum
1627 4607 1636 4633 ‚
1649 4566 1800 4637 plurimisa
1815 4568 1937 4625 ὓοιιιὶιιο
1950 4586 1995 4626 sa·

359 4663 448 4720 cuns
461 4663 522 4720 viros
537 4665 968 4737 narnammrnornnnogans
982 4677 1043 4719 esse
1054 4661 1148 4733 pernr-
1198 4652 1322 4719 ratis.ut
1336 4653 1364 4709 in
1377 4656 1551 4737 enecantes
1565 4657 1675 4728 teritur,
1689 4658 1735 4714 ubi
1748 4659 1906 4730 exeuntum
1919 4660 1997 4716 dedit

360 4754 852 4826 neant‚ttcnnotunoenetacere,
867 4771 902 4809 on
923 4753 1014 4809 cumei
1031 4753 1149 4806 animm
1198 4741 1270 4809 ⁸⁰1⁸,
1293 4743 1316 4799 δί
1338 4743 1367 4800 ῑῠ
1387 4746 1562 4803 “mciiiliie
1575 4750 1791 4818 Diiffiflfflffl
1807 4761 1994 4822 li²i⁰¹0¹¹i¹¹f2

358 4846 459 4900 selem
477 4844 575 4915 tumre,
588 4862 623 4899 on
634 4845 741 4916 perdere
749 4845 845 4917 (llam
853 4859 894 4909 ru,
906 4842 971 4897 duc.
984 4840 1043 4912 urii
1054 4840 1148 4909 ltaque
1160 4818 1186 4879 Ῑ)
1198 4831 1226 4888 in
1240 4833 1353 4890 ennom
1366 4834 1495 4908 fugiendi.
1516 4837 1637 4909 Deuiqm
1651 4840 1751 4896 Paulus
1765 4881 1773 4908 ,
1787 4842 1915 4913 exemplo
1940 4844 1995 4900 Do·

322 5008 329 5012 .
359 4936 561 5006 intelligendum
578 4944 619 4990 est
632 4935 753 5005 qnodilli
766 4935 843 5005 prius
861 4929 1148 5003 interrogaverintDc-
1198 4923 1264 4979 nrini
1281 4925 1361 4980 simul
1378 4936 1406 4981 et
1425 4938 1560 4998 praecepto
1577 4930 1824 5002 edoctus,iugite
1846 4932 1993 4998 Damasco,

360 5027 511 5092 urinum,si
523 5026 583 5081 licet
595 5027 702 5082 amima
715 5027 829 5081 surore?
843 5025 944 5082 Deinde
956 5025 1028 5095 quod
1045 5021 1146 5079 intelli·
1198 5019 1243 5076 ubi
1263 5021 1368 5078 insidiis
1386 5023 1563 5093 appetebatur
1588 5039 1751 5094 pravorum
1783 5025 1833 5083 sed
1864 5029 1931 5083 inde
1951 5029 1993 5085 di·

360 5137 428 5192 gens
436 5119 613 5191 cogitationes
627 5134 737 5185 eorum,
756 5119 858 5175 aditum
872 5118 1147 5189 accusandiqueren-
1196 5126 1322 5182 gressus,
1344 5113 1502 5171 innumeros
1518 5116 1583 5171 alibi
1596 5116 1642 5187 qui
1655 5131 1685 5172 se
1698 5117 1874 5188 adpictatem
1894 5133 1995 5190 seque·

360 5212 427 5266 tium
440 5250 449 5277 ,
463 5209 635 5266 constituerit
653 5210 681 5266 in
701 5210 792 5265 medio
804 5209 968 5279 illumquem
986 5207 1074 5263 luerat
1098 5222 1146 5275 sa·
1196 5211 1291 5259 rentur
1305 5205 1406 5261 invenit
1414 5207 1527 5278 populos
1538 5208 1581 5278 (ll
1593 5209 1655 5264 Cor.
1672 5209 1722 5282 xri.

360 5308 492 5368 naturus,
511 5308 539 5356 et
561 5299 767 5371 interrogaverit
788 5301 861 5371 quod
886 5298 992 5355 llarcus
1014 5306 1041 5354 et
1059 5298 1146 5352 Lucae
1235 5291 1994 5376 Etpraecepircisnencnitestcmeear(amantibus.)

358 5408 420 5449 eum
444 5395 625 5463 interrogasse
649 5400 871 5449 commemorant.
896 5392 932 5447 At
949 5400 1013 5447 tuuc
1034 5389 1088 5445 iilis
1105 5396 1146 5443 ta-
1200 5383 1331 5454 Praecepit
1342 5387 1417 5441 enim
1432 5386 1484 5443 boe
1498 5403 1551 5443 non
1565 5396 1675 5459 prepter
1686 5389 1812 5445 timorem
1826 5393 1995 5456 mortis,ne

358 5484 483 5539 centibus
493 5482 667 5555 proposuisse
679 5482 881 5539 similitudinem
895 5485 929 5539 de
944 5495 994 5539 ove
1007 5521 1016 5550 ,
1030 5488 1059 5536 et
1081 5493 1146 5536 con·
1198 5475 1269 5531 lorte
1283 5477 1406 5546 proditus
1414 5476 1471 5547 jam
1484 5479 1669 5546 occideretur,
1682 5481 1725 5536 eui
1738 5482 1846 5555 eratin
1854 5492 1995 5553 potestne

359 5571 470 5628 elusisse
483 5572 555 5643 quod
574 5571 655 5629 liceat
676 5572 789 5629 sabbato
804 5572 973 5629 benelacere.
1202 5567 1291 5621 enimn
1309 5582 1371 5631 ⁸¹¹²,
1393 5567 1441 5623 sed
1456 5569 1592 5639 parcendo
1613 5568 1730 5638 iudeis,
1755 5584 1791 5627 ne
1814 5572 1868 5644 ipsi
1888 5574 1993 5630 invidia

394 5663 534 5719 Postremo
545 5663 749 5734 circumspectis
761 5663 800 5719 eis
814 5680 873 5717 cem
888 5664 944 5729 ira,
956 5667 1027 5717 sieut
1041 5660 1147 5716 liorem
1201 5655 1400 5712 trucidarentur
1413 5656 1583 5714 innocentem
1606 5660 1814 5731 persequendo:
1838 5661 1873 5717 de
1891 5663 1994 5733 quibus

311 5787 324 5797 -
359 5753 435 5817 dicit,
450 5753 637 5809 contristatum
658 5769 740 5825 super
757 5754 908 5809 cecitatem
934 5742 1024 5810 cor'dis
1052 5767 1147 5808 eorum
1197 5745 1261 5801 nliln
1276 5746 1395 5802 dicitur:
1413 5744 1479 5802 Vere
1491 5746 1583 5802 unitor
1593 5748 1715 5818 interficit
1724 5749 1877 5815 iracundis,
1891 5761 1991 5821 esper-

359 5840 460 5897 dirisse
481 5841 607 5909 bomini,
632 5841 752 5898 Extende
777 5859 885 5898 manent
906 5853 989 5897 tuam.
1019 5841 1148 5912 Sequitur
1198 5837 1270 5894 culos
1286 5838 1379 5893 cecidit
1391 5839 1490 5894 inuidia
1504 5837 1576 5908 (lei.
1591 5837 1629 5911 v).
1645 5839 1700 5894 nos
1714 5846 1808 5894 autem
1822 5838 1991 5911 tropologice

360 5929 510 6000 ilattbaeus,
526 5931 564 5989 ita
575 5940 723 5989 emrtexens
737 5934 921 5989 narrationem
934 5948 1021 5989 suam.
1197 5930 1326 5997 instruit,
1346 5939 1376 5986 nt
1394 5947 1454 5987 cum
1467 5931 1569 6002 aliquid
1583 5932 1673 6005 magni
1692 5930 1864 6003 fecerimus,
1883 5932 1992 5990 landem

394 6018 525 6079 Eurum
540 6028 628 6078 ιιιιιιιι
643 6019 775 6078 Dionaei
788 6020 926 6077 consilium
948 6022 1078 6093 {reiciant
1096 6022 1146 6078 ad·
1198 6020 1348 6079 lorinsecus
1363 6035 1416 6078 non
1431 6034 1593 6092 queram
