4509 6850
355 658 409 713 tritt
507 702 513 717 ,
678 657 708 711 B.
728 657 856 714 tatastat
878 660 986 719 ilAUill
1006 660 1164 717 satiabit.
1186 660 1340 724 nocent.
1363 661 1506 719 ornabat
1528 658 1617 715 PARS
1632 659 1652 714 Ι.
1939 659 1996 717 teo

354 766 577 838 araitipllcantiai,
593 779 616 823 rt
632 769 726 841 replete
742 780 848 835 terram,
867 786 900 827 ne
921 775 981 843 quis
996 773 1147 829 bonorabiii
1162 775 1186 834 Α
1200 773 1351 837 humiliter,
1378 756 1414 828 ct
1429 774 1570 829 adbaercas
1584 771 1677 843 grstia
1701 771 1742 825 sui
1758 770 1925 838 Curiditoris,
1949 775 2001 845 qrd

355 859 491 916 connubio
514 860 603 915 inesse
625 870 783 931 peccatum,
812 872 954 934 torumque
978 863 1094 919 ioeditati
1118 880 1151 919 ae
1203 866 1368 921 aeternaliter
1381 882 1413 920 ae
1424 863 1652 936 poricctejastus,
1664 871 1774 919 sanctus
1787 872 1815 919 et
1828 879 1921 931 uerus,
1936 867 2000 921 esi-

356 950 529 1007 iornieationi
549 961 658 1021 putaret
677 968 737 1008 esse
757 956 978 1025 comparandum.
1000 954 1081 1010 Facta
1103 970 1153 1009 au·
1204 957 1260 1013 stit.
1277 956 1327 1024 Qui
1339 956 1467 1026 quoniam
1483 955 1553 1009 banc
1572 953 1782 1025 pulcherrimam
1796 954 1944 1010 novitatem
1959 956 2002 1010 di-

357 1050 412 1096 tem
433 1049 514 1112 atquo
532 1050 628 1096 ornata
650 1043 816 1100 habitatione
837 1046 992 1109 mundana,
1011 1052 1152 1116 supererat
1203 1050 1272 1105 rinae
1286 1051 1312 1104 tn
1324 1047 1489 1120 seimagiais
1502 1047 1638 1119 peccando
1648 1046 2002 1119 corrupit,corruptamqae

356 1140 387 1185 ut
404 1131 460 1202 ipse
472 1131 555 1187 etiam
568 1141 678 1203 propter
690 1148 771 1203 quem
786 1136 874 1192 omnia
888 1136 1066 1209 parabantur,
1078 1135 1153 1189 babi-
1203 1157 1237 1197 ex
1259 1157 1288 1197 sc
1311 1140 1465 1213 prosapiam
1487 1139 1594 1213 generis
1615 1139 1724 1193 bumani
1739 1139 1909 1208 procrearit,
1924 1139 2002 1192 tersit

358 1228 430 1277 tator
454 1236 486 1278 ae
499 1222 624 1278 dominus
638 1239 742 1290 rerum,
756 1225 837 1281 bomo
854 1234 1002 1283 crearetur.
1023 1225 1153 1296 Sequitur
1203 1232 1338 1288 secundus
1352 1232 1449 1299 Adam,
1463 1231 1489 1287 id
1500 1240 1551 1297 est,
1562 1231 1692 1287 Dominus
1702 1230 1760 1300 ipse
1771 1239 1799 1286 et
1808 1230 1942 1288 Conditor
1952 1247 2000 1287 no

357 1322 384 1367 ⁰²
399 1314 437 1367 ³5¹
452 1332 458 1366 ³
1204 1333 1261 1381 ster
1274 1334 1354 1380 natus
1363 1340 1397 1381 ex
1409 1325 1529 1396 Virgine,
1542 1334 1650 1380 erratus
1664 1323 1907 1395 incorruptibiliter
1916 1332 2002 1395 atque

399 1403 537 1461 Faciamus
552 1407 681 1461 transissem
694 1407 729 1461 ad
747 1408 886 1478 imaginem
907 1417 931 1462 ct
953 1406 1152 1463 sinaiiitadiacm
1204 1414 1471 1481 incommutabiliter,
1483 1416 1516 1470 aa
1531 1416 1673 1486 imaginem
1688 1414 1748 1479 Dei,
1759 1414 1786 1468 id
1800 1423 1852 1479 est,
1870 1414 2002 1469 intestinis

359 1504 485 1548 'winim-
503 1494 580 1551 N¹¹¹¹⁰
601 1504 713 1567 apparet
727 1496 877 1552 elidimus
894 1512 980 1565 ‘1¹¹³‘ss
1001 1495 1034 1551 de
1053 1494 1153 1551 “eills
1204 1506 1293 1562 omnis
1306 1504 1407 1571 delicti,
1421 1513 1448 1560 et
1462 1504 1558 1576 plenus
1568 1506 1657 1561 omnis
1671 1506 1766 1576 gratias
1778 1512 1806 1559 ot
1818 1506 1955 1570 recitatis,
1972 1515 2002 1559 ιιι

360 1586 452 1640 hishis
472 1594 499 1640 ⁰1
520 1587 689 1663 libitibus„
701 1588 822 1657 piscibus
837 1596 864 1641 ⁰²
883 1586 1049 1649 V⁰¹³ffllb¹¹ss
1063 1593 1153 1641 liiii·
1205 1596 1349 1667 imaginem
1371 1596 1398 1650 in
1413 1595 1491 1651 nobis
1504 1611 1581 1650 suam
1602 1611 1634 1651 ae
1648 1595 1850 1651 similitudinem
1866 1598 1999 1667 excerptis

359 1678 460 1732 ⁸¹sib¹¹⁵
482 1693 589 1748 quaque
609 1679 809 1743 animanlibus,
832 1679 934 1735 dietum
958 1680 994 1735 Sil
1007 1687 1037 1733 ut
1057 1677 1155 1733 sseiissl
1205 1690 1261 1746 suis
1272 1696 1438 1744 restauraret
1448 1698 1474 1743 et
1489 1688 1576 1758 (loiris.
1592 1688 1651 1759 ipse
1662 1698 1705 1743 ost
1721 1689 1794 1742 caim
1814 1704 1901 1744 notus
1917 1690 2000 1744 hurino

360 1768 463 1839 Singuli
475 1768 551 1838 iulii
568 1785 653 1841 binus
667 1778 694 1825 θῑ
710 1771 814 1841 Sicelis
827 1785 900 1826 ⁸⁰²⁸·
917 1770 945 1824 ΙΙ]
960 1770 1050 1825 stilum
1063 1776 1153 1824 autcm
1204 1781 1338 1836 voraciter
1361 1780 1507 1835 secundum
1535 1780 1617 1834 [icum
1639 1787 1763 1844 creatus,
1781 1782 1844 1850 quia
1868 1780 2000 1839 nimirum

360 1861 478 1918 boarinis
491 1865 641 1931 mentione,
656 1865 702 1937 qui
721 1881 774 1920 non
789 1866 876 1921 solum
892 1879 941 1920 suo
953 1865 1044 1936 generi
1060 1863 1154 1918 simili·
1205 1872 1241 1927 ira
1255 1885 1347 1928 veram
1361 1870 1394 1924 de
1409 1867 1494 1925 Adam
1515 1869 1605 1924 carnis
1626 1868 1805 1923 substantiam
1826 1868 1954 1939 suarpsit,
1970 1880 2000 1921 ιιι

361 1956 452 2010 turtine
468 1966 629 2029 congrueret
641 1967 669 2014 et
684 1959 790 2029 specie,
803 1960 852 2014 sed
866 1959 948 2014 etiam
964 1958 997 2014 ad
1009 1958 1154 2028 imaginem
1205 1963 1244 2017 nil
1255 1962 1288 2017 de
1299 1961 1344 2017 iiio
1359 1961 1417 2015 sitii
1429 1959 1565 2015 sordentis
1578 1959 1707 2014 traheret.
1721 1956 1805 2027 titilus
1816 1958 1940 2029 encarpis
1952 1972 2003 2028 pro

361 2050 402 2103 sui
417 2050 549 2105 creatoris
568 2065 600 2105 ao
613 2050 816 2105 siuriiitudiaem
831 2050 918 2115 beret,
932 2058 1044 2120 propter
1058 2048 1155 2104 nobiti·
1205 2061 1285 2124 captu
1299 2062 1392 2107 nostro
1404 2050 1495 2121 sequi,
1510 2049 1588 2120 eujus
1601 2050 1740 2106 adhaerere
1752 2050 1846 2116 dorsis,
1859 2050 1939 2119 crrjrrs
1951 2052 2001 2105 ob-

360 2150 444 2195 tatem
455 2140 602 2197 creationis
611 2141 662 2196 boc
674 2140 858 2196 testimonium
868 2139 924 2205 dat,
936 2138 1008 2210 quud
1019 2154 1072 2194 aon
1083 2138 1154 2193 sieut
1168 2140 1192 2204 b
1206 2152 1358 2219 temperare
1373 2141 1508 2198 mandatis
1523 2140 1722 2214 [Reiormemus
1744 2156 1809 2212 ergo
1832 2142 1859 2198 ia
1878 2143 1958 2198 nubis
1973 2143 1999 2195 in

360 2232 387 2287 iu
400 2231 505 2289 cacteris
519 2232 653 2287 creaturis
664 2231 734 2286 dixit
745 2231 834 2287 licus:
856 2229 880 2283 F
882 2232 918 2285 iat
929 2230 1016 2296 bomo,
1028 2238 1056 2285 et
1067 2228 1156 2285 iactus
1205 2252 1275 2298 noro
1286 2236 1405 2299 tramine,
1420 2249 1470 2307 pro
1482 2240 1562 2303 captu
1576 2239 1681 2297 nostru,
1690 2232 1833 2303 imaginem
1846 2232 1903 2296 bei,
1915 2247 1998 2303 aptam

361 2329 402 2376 est
415 2322 515 2387 bomo;
530 2320 572 2376 vel
585 2320 712 2392 producat
731 2329 801 2375 terra
815 2319 962 2385 bominem,
982 2327 1009 2375 et
1026 2318 1156 2391 produxit
1205 2331 1232 2387 ῑῃ
1248 2329 1331 2387 vereri
1344 2326 1511 2399 perdidimus
1521 2324 1641 2387 horariae,
1659 2322 1686 2377 id
1699 2322 1778 2379 estin
1790 2330 1923 2394 quantum
1938 2336 2001 2392 pas.

360 2420 434 2467 serra
455 2412 614 2479 honinem
632 2413 681 2469 sea
704 2413 780 2483 arius
802 2428 883 2483 quam
908 2411 1003 2479 teret,
1025 2414 1155 2484 iaciamus
1205 2436 1308 2485 sumus,
1324 2417 1446 2488 exempta
1463 2415 1692 2485 anteaquam:
1710 2412 2000 2477 auuaereauusdonts,

360 2502 469 2571 dicitur,
484 2512 513 2558 ut
524 2502 667 2569 videlicet,
685 2504 748 2573 quia
764 2503 905 2559 rationalis
920 2511 1043 2559 creatura
1057 2502 1156 2559 conde-
1204 2512 1424 2581 obtenrpercmus
1440 2507 1585 2571 nrarrdatis,
1605 2504 1688 2577 ciel,
1703 2506 1755 2561 boo
1771 2514 1830 2572 cst,
1852 2506 2000 2577 imsg'nem

359 2594 457 2662 batur,
477 2594 554 2664 quasi
567 2609 628 2649 eum
641 2593 755 2650 consilio
768 2593 839 2650 laeta
853 2594 1000 2661 rideretur,
1015 2595 1094 2666 quasi
1106 2609 1155 2664 per
1205 2602 1263 2666 lici,
1278 2617 1361 2673 quam
1378 2601 1406 2660 ia
1417 2599 1503 2657 reteri
1519 2600 1627 2654 tramine
1640 2598 1823 2676 perdidimus,
1837 2610 2002 2669 temperare

360 2688 480 2743 studium
494 2687 527 2743 de
541 2696 612 2743 terra
626 2687 816 2758 plasmaretur,
830 2697 858 2744 et
868 2688 1044 2760 inspiratione
1054 2688 1155 2746 Condi·
1205 2694 1325 2749 innovo.
1341 2690 1399 2746 Non
1414 2689 1643 2763 ergosecundum
1661 2703 1772 2760 corpus,
1788 2689 1835 2744 scd
1852 2690 2002 2744 seusndrrm

361 2781 430 2836 toris
444 2780 470 2835 in
487 2779 587 2835 virtute
602 2780 715 2851 spiritus
729 2778 819 2835 vitalis
830 2780 995 2851 erigeretur,
1009 2792 1038 2834 ut
1052 2779 1156 2836 scilieet
1207 2782 1371 2837 intellectum
1391 2780 1506 2848 mentis,
1529 2779 1564 2835 ad
1587 2779 1730 2850 imaginem
1751 2778 1799 2833 bei
1819 2778 1946 2834 conditus
1961 2786 2003 2834 cst

362 2887 416 2927 non
435 2887 483 2943 per
493 2869 624 2940 jussionis
635 2886 744 2933 rocem,
768 2870 814 2926 sed
832 2872 1156 2943 perdigaitatomopera-
1205 2873 1299 2939 bomo,
1313 2885 1468 2945 quanquam
1489 2880 1517 2926 et
1540 2871 1568 2927 ia
1588 2871 1646 2941 ipso
1659 2884 1775 2940 corpore
1789 2869 1888 2925 babeat
1906 2885 2004 2939 quam·

362 2962 443 3018 tionis
458 2961 599 3025 existeret,
611 2961 675 3032 quia
691 2960 725 3015 ad
737 2959 891 3018 Conditoris
902 2961 1047 3035 imaginem
1062 2961 1154 3017 tiebat.
1206 2964 1268 3019 dam
1285 2963 1489 3034 proprietatem,
1502 2976 1563 3031 quae
1575 2963 1628 3017 boc
1639 2961 1749 3027 indicet,
1762 2960 1938 3030 quoderecta
1948 2970 2005 3018 sta·

361 3053 428 3111 Cum
444 3062 535 3110 aarum
550 3054 668 3109 dicitur:
688 3052 832 3109 Faciamus
847 3054 882 3109 ad
894 3038 1033 3126 imaginem
1045 3066 1070 3111 ct
1082 3056 1156 3111 sinti·
1207 3064 1264 3110 tuta
1279 3055 1366 3110 iactus
1378 3062 1430 3116 cat,
1442 3062 1472 3110 ut
1486 3055 1537 3109 boe
1552 3054 1609 3125 ipso
1619 3053 1810 3108 arintoneretur
1819 3066 1874 3108 non
1885 3052 1939 3109 siti
1949 3062 2005 3114 ter·

361 3143 498 3201 titudinem
519 3156 650 3210 nostram,
665 3145 755 3200 unitas
777 3154 877 3202 sanetae
899 3145 1040 3202 Trinitatis
1062 3156 1156 3219 aperte
1206 3161 1272 3202 rena
1285 3162 1346 3203 esse
1361 3146 1510 3206 sectanda.
1532 3144 1605 3199 reiut
1619 3159 1732 3215 pecora,
1749 3157 1865 3215 quotum
1877 3144 2005 3216 voluptas

361 3238 575 3294 commendatur.
591 3234 729 3307 Siquidem
745 3235 838 3291 eadem
851 3234 988 3292 individua
999 3236 1118 3294 Trinitas
1128 3235 1155 3296 in
1206 3240 1296 3296 omnis
1310 3254 1341 3295 ex
1357 3246 1430 3294 terra
1441 3246 1492 3293 est.
1508 3237 1586 3294 Unde
1599 3238 1625 3292 iu
1643 3238 1733 3293 alsam
1752 3244 1852 3293 cuncta
1864 3253 1949 3309 prona
1961 3248 2004 3296 st-

360 3326 530 3401 pracccdeate
541 3341 630 3381 rorum
643 3327 803 3382 formatione
813 3328 928 3400 mystice
938 3336 997 3383 crat
1009 3328 1155 3396 insinuata,
1207 3347 1259 3403 que
1271 3339 1406 3403 prostrata
1421 3339 1494 3392 sunt,
1505 3330 1582 3401 jrtxta
1591 3329 1663 3400 quod
1676 3329 1784 3400 quidam
1797 3337 1940 3399 poetarum
1949 3330 2006 3403 pul·

362 3418 471 3490 quaudo
484 3419 623 3477 dicebatur
633 3436 640 3475 ι
650 3418 683 3474 Et
695 3419 762 3474 dicit
777 3418 857 3486 Dens,
870 3417 942 3476 Fiat.
958 3420 992 3474 at
1003 3420 1063 3491 tecit
1073 3420 1154 3476 iiras.
1207 3421 1343 3480 cherrima
1354 3436 1386 3477 ee
1400 3420 1539 3477 verissime
1556 3419 1743 3492 distillari„
1759 3416 1869 3475 fletam.
1883 3418 1911 3492 r)
1925 3439 1932 3474 :

364 3510 399 3567 m
414 3512 477 3568 ta'dit
494 3511 563 3567 ilcas
576 3512 645 3584 qaod
658 3520 722 3566 essct
740 3512 845 3566 bonam.
865 3511 941 3570 bunc
961 3522 1051 3569 autem
1070 3496 1194 3569 mani-C
1220 3549 1222 3552 .
1273 3535 1404 3597 pfflmqqg
1415 3547 1469 3585 cnm
1479 3542 1592 3596 spemn,
1603 3532 1714 3584 ,nqmqp
1724 3538 1816 3582 0210„
1825 3536 1936 3594 gemm,

365 3600 462 3659 festius
474 3601 532 3658 baec
549 3603 605 3674 ipsa
620 3602 782 3665 insinuatur,
801 3616 862 3657 cum
877 3603 995 3661 dicitur:
1014 3600 1159 3660 Faciamus
1273 3600 1309 3648 tis
1321 3599 1412 3670 tronum
1422 3599 1526 3648 sutrtiua·
1538 3599 1605 3668 credit
1615 3595 1754 3656 eoetuaque
1766 3596 1833 3644 ΜΗ

364 3691 495 3746 bominem
514 3691 548 3745 ad
563 3692 703 3763 iataqiucm
718 3701 741 3746 et
761 3690 959 3747 sirrriiitadr'nern
974 3702 1114 3759 riostram,·
1132 3702 1160 3749 et
1274 3659 1359 3719 Μ’
1372 3668 1399 3708 ⁰²
1411 3668 1510 3709 ‘mm
1522 3658 1552 3708 ω
1562 3656 1644 3707 ΜΕΝ
1654 3655 1743 3707 mum
1756 3655 1848 3707 vum

362 3787 458 3845 recte;
477 3781 540 3852 quia
553 3781 640 3836 donec
652 3780 675 3835 is
689 3781 734 3849 qui
749 3780 891 3836 doceretur
905 3796 959 3836 non
974 3788 1043 3847 crat,
1057 3782 1085 3838 in
1097 3796 1161 3852 pro-
1209 3779 1342 3850 congrua
1352 3794 1417 3851 ergo
1430 3787 1457 3834 et
1477 3792 1575 3851 eorpus
1596 3774 1656 3846 ejus
1672 3774 1771 3835 amma
1788 3771 1934 3840 rationaii,
1951 3788 2004 3828 auu

362 3870 446 3929 lunda
460 3873 510 3927 tuit
530 3873 620 3929 abdita
642 3873 796 3944 pradicatio
814 3872 937 3930 Deitatis.
960 3873 1012 3930 Ubi
1026 3889 1093 3931 vero
1108 3873 1160 3931 bo·
1210 3872 1358 3930 monadum
1382 3872 1546 3927 lineamenta
1569 3869 1724 3940 liguresque
1738 3866 1942 3932 membrorum,
1956 3867 2005 3921 sed

364 3962 447 4019 minis
460 3964 542 4033 coepit
555 3963 707 4035 exspectari
721 3964 832 4030 creatio,
849 3965 967 4020 revelata
982 3973 1025 4020 est
1037 3965 1118 4033 tides,
1134 3974 1161 4021 et
1209 3964 1300 4036 potius
1313 3962 1462 4018 sectandum
1475 3961 1514 4025 id,
1525 3960 1597 4030 quod
1608 3959 1636 4014 ia
1649 3957 1747 4016 omium
1757 3964 1879 4014 erectum
1896 3964 1956 4020 est,
1969 3956 2004 4016 sd

363 4052 506 4108 evidenter
519 4053 616 4123 dogma
630 4053 754 4109 recitatis
770 4054 890 4109 emicuit.
912 4053 940 4110 Ιιι
954 4070 987 4110 eo
1000 4056 1073 4110 enim
1087 4057 1160 4127 quod
1210 4056 1344 4112 induenda
1358 4069 1418 4125 qua
1432 4054 1585 4124 incorpore
1599 4051 1684 4124 ipsius
1693 4049 1786 4107 maadi
1800 4063 1921 4120 superna
1931 4057 2004 4112 sunt,

363 4146 431 4202 dicit
448 4143 661 4211 Faciamus,una
671 4145 822 4201 ostenditur
837 4147 918 4201 trium
935 4147 1056 4215 operatio
1066 4162 1161 4218 perso·
1210 4149 1280 4206 sieut
1301 4148 1390 4204 aalma
1405 4145 1544 4202 rationabs
1557 4145 1585 4200 in
1598 4159 1630 4200 ea
1642 4143 1722 4200 debet
1734 4142 1819 4213 erigi,
1833 4157 1896 4213 quae
1907 4141 1935 4196 ia
1949 4141 2004 4212 spi·

364 4250 472 4292 ararum.
493 4235 522 4290 ln
533 4249 567 4292 eo
581 4250 646 4292 sero
665 4236 736 4308 quod
752 4236 891 4306 sequitur:
915 4236 955 4291 ad
978 4237 1117 4308 imaginem
1135 4248 1159 4293 ct
1210 4240 1352 4299 ritualibus
1365 4246 1464 4296 uatrrra
1480 4238 1596 4294 maxime
1610 4236 1764 4294 excellunt:
1785 4243 1815 4292 ut
1829 4251 1888 4306 qaae
1899 4249 2004 4288 sarssrn

365 4325 563 4383 similitudinem
586 4336 722 4392 nostram,
748 4342 802 4382 una
826 4335 854 4382 et
874 4326 986 4397 aquatis
1007 4329 1158 4387 substantia
1208 4342 1270 4389 sant
1283 4331 1378 4402 sopiat,
1393 4347 1445 4385 noa
1456 4345 1515 4400 qaae
1529 4344 1609 4398 ttapcr
1622 4338 1718 4385 terram
1734 4322 1848 4398 (coloss.
1862 4325 1917 4396 ιιι).
1932 4323 2005 4380 Bene

364 4417 485 4487 ejusdcm
500 4424 601 4472 sanctae
614 4417 755 4473 Trinitatis
768 4417 912 4475 iudicatur.
933 4417 1073 4486 Quomodo
1085 4420 1158 4480 euim
1209 4431 1300 4482 autem
1315 4422 1442 4478 additur:
1793 4412 1797 4417 ’

363 4519 436 4565 esset
447 4526 500 4567 uas
515 4509 605 4581 imago
622 4525 654 4564 ar
667 4509 824 4578 similitudo,
837 4511 860 4566 si
870 4511 959 4567 minor
972 4512 1053 4568 Patre
1062 4511 1155 4579 Filius,
1244 4511 1279 4566 Et
1292 4512 1382 4582 praeit
1396 4511 1510 4581 piscinas
1524 4509 1606 4565 maris
1620 4519 1644 4566 ct
1661 4507 1809 4566 natatilibus
1823 4507 1902 4575 ccii,
1919 4518 1945 4564 st
1959 4509 2003 4562 ie·

363 4602 385 4656 si
400 4603 489 4657 rrriuor
501 4609 573 4657 esset
585 4600 655 4658 Filio
667 4601 789 4674 ¹Spiritus
805 4612 926 4669 sauctus,
941 4605 963 4660 si
976 4621 1029 4662 non
1043 4606 1159 4662 oonsub-
1208 4606 1266 4661 stila
1280 4605 1407 4659 anitersac
1423 4614 1510 4668 tarra,
1526 4601 1647 4670 omnique
1662 4601 1748 4670 reptili
1759 4599 1831 4671 qaod
1844 4610 1966 4655 monster
1978 4600 2004 4652 in

363 4692 498 4747 stantialis
516 4692 637 4764 cirrsdom
655 4697 798 4764 potestatis
810 4705 883 4754 esset
901 4698 986 4768 gloria
1002 4699 1084 4755 totius
1098 4699 1159 4755 Tri·
1208 4708 1287 4753 terra.
1306 4696 1374 4765 Quia
1387 4695 1515 4755 nimirum
1529 4694 1556 4750 in
1571 4695 1622 4751 boc
1637 4693 1752 4748 maritae
1767 4691 1909 4748 laetusest
1924 4692 2004 4748 bomo

362 4783 471 4847 nitatis;
485 4791 532 4836 aut
548 4784 683 4852 quamodo
697 4784 851 4841 diceretur:
871 4783 1025 4851 Faciamus,
1039 4789 1061 4842 si
1075 4790 1157 4845 trium
1210 4790 1243 4845 ad
1259 4789 1404 4860 imaginem
1416 4787 1478 4851 bei,
1492 4787 1587 4856 inquo
1603 4783 1806 4840 irrationalibus
1819 4782 2005 4838 animantibus

364 4871 390 4923 in
412 4885 465 4924 rina
479 4871 584 4925 licitato
603 4884 784 4941 personarum
808 4876 979 4944 cooperatrix
997 4876 1084 4933 rictus
1102 4894 1156 4935 non
1170 4844 1197 4906 D
1210 4884 1356 4946 antecellit,
1364 4897 1449 4952 capax
1459 4880 1586 4938 videlicet
1595 4878 1708 4934 rationis
1718 4876 1915 4946 madiusper
1922 4889 2004 4946 qnam

362 4961 451 5017 esset?
460 4959 553 5031 Neque
562 4964 635 5016 euim
646 4962 750 5032 angelis
762 4978 777 5016 a
789 4962 844 5018 lico
855 4963 908 5020 dici
922 4974 1044 5037 poterat:
1060 4967 1084 5020 F
1085 4970 1157 5024 acio-
1210 4984 1239 5030 et
1251 4981 1341 5030 ereata
1355 4973 1381 5028 in
1397 4970 1499 5027 ιιιιιιιιΙο
1511 4984 1625 5042 tqttaeque
1645 4976 1718 5025 reete
1741 4966 1896 5038 gubernare
1908 4973 1937 5020 ct
1947 4963 2005 5033 ejus

362 5069 421 5106 raas
432 5052 466 5106 ad
479 5053 619 5123 irnaqinem
631 5062 656 5108 ct
665 5052 862 5110 similitudinem
876 5065 1002 5125 nostram,
1010 5059 1073 5130 quia
1083 5061 1157 5116 nulia
1209 5065 1256 5137 qui
1270 5073 1369 5120 cuncta
1388 5063 1493 5119 crearit
1510 5071 1602 5132 posset
1619 5060 1756 5131 agnitione
1768 5055 1884 5130 perimi.
1905 5055 1935 5115 ln
1952 5071 2006 5126 (1¹¹⁰

362 5159 474 5216 prorsus
487 5144 556 5198 ratio
571 5144 635 5199 sinit
656 5154 686 5200 ut
705 5143 753 5199 Dei
773 5153 801 5200 et
823 5146 978 5218 angelorum
998 5165 1078 5206 ranam
1096 5165 1158 5207 esse
1211 5157 1428 5230 bouerepositus
1443 5157 1533 5214 sinon
1550 5152 1714 5210 intellexerit
1729 5151 1842 5207 utbene
1857 5157 1933 5221 agat,
1953 5147 2007 5204 eis·

364 5234 541 5304 camdemque
555 5233 699 5305 imaginem
711 5235 769 5291 sire
783 5236 986 5293 similitudinem
1000 5242 1154 5299 credamus.
1211 5248 1271 5304 dem
1284 5247 1349 5318 ipsis
1362 5246 1545 5301 animantibus
1558 5241 1704 5298 insensatis
1716 5239 1814 5311 quibus
1825 5237 1955 5310 praetatus
1965 5243 2005 5291 est

364 5323 393 5378 iu
407 5339 461 5393 quo
472 5332 561 5379 autem
576 5324 613 5380 sit
623 5324 703 5380 bomo
717 5323 805 5380 iactus
815 5326 1008 5397 ad'imaginem
1022 5337 1050 5384 et
1062 5331 1158 5387 simili·
1210 5337 1421 5411 carnparabitur,
1438 5336 1509 5390 sieut
1523 5342 1550 5391 et
1565 5333 1706 5389 Psalarista
1719 5338 1854 5389 testatur:

366 5417 484 5472 tudinem
501 5415 864 5486 permansoriamque
886 5433 948 5474 eum
973 5434 1023 5475 nos
1043 5421 1159 5478 solerter
1246 5427 1280 5481 Et
1294 5426 1388 5481 creauit
1405 5424 1476 5479 lictu
1489 5421 1666 5479 bontincmad
1679 5421 1923 5491 imagiroemssam,
1937 5417 2006 5472 etad

365 5513 517 5575 aimoueat,
533 5518 563 5565 ut
577 5508 646 5564 banc
659 5523 740 5579 quam
762 5509 788 5564 in
809 5510 899 5581 primo
909 5520 1024 5582 parente
1039 5514 1159 5584 perdidi·
1209 5517 1348 5587 bnaqincnr
1365 5514 1413 5570 lici
1431 5516 1527 5570 crearit
1542 5513 1627 5568 iiiam.
1646 5511 1724 5580 Quod
1737 5511 1813 5584 prius
1825 5511 1952 5575 dixerat,
1971 5509 2006 5563 ad

365 5619 439 5669 rrius,
460 5603 641 5674 pergratiam
663 5602 784 5674 ejusdem
798 5602 952 5661 Conditoris
965 5621 1158 5677 recuperemus
1209 5606 1349 5676 inmpiacm
1362 5621 1449 5671 snam,
1465 5599 2006 5673 confirmationisgratiageminasitsd·

364 5694 391 5748 iu
406 5693 494 5749 nobis.
511 5691 691 5758 decoramini,
702 5693 801 5764 inquit,
816 5694 910 5765 spirits
924 5695 1016 5750 mentis
1031 5705 1122 5750 aestroe
1133 5705 1157 5752 et
1209 5697 1311 5754 dendo:
1325 5697 1367 5751 Ad
1381 5697 1521 5766 lanuginem
1535 5694 1585 5751 lici
1596 5695 1693 5750 crearit
1705 5692 1791 5758 iiiam,
1806 5699 1836 5748 ut
1848 5690 2006 5764 diligentius

364 5785 465 5840 indaitc
479 5801 573 5840 nouam
583 5784 724 5852 bominem,
736 5786 782 5857 qni
794 5785 937 5839 scmadnm
949 5785 1034 5841 Deam
1052 5799 1157 5843 creatas
1209 5789 1361 5844 insinuaret
1372 5787 1450 5843 nobis
1461 5786 1556 5858 quales
1568 5787 1650 5842 alteo
1662 5786 1726 5859 iacti
1737 5785 1833 5852 simus,
1844 5793 1873 5839 et
1886 5779 2004 5853 speeiem

364 5884 403 5928 cst
417 5875 444 5928 ia
452 5874 560 5944 justitia
575 5883 599 5928 et
612 5876 751 5928 sanctitate
762 5874 877 5928 ueritatis
891 5872 998 5945 (Epicu.
1014 5874 1062 5949 ιι).
1078 5876 1158 5933 Crea-
1209 5876 1369 5948 recipienda
1382 5878 1428 5933 bei
1445 5877 1570 5947 imaginis
1584 5877 1686 5933 arctius
1700 5876 1802 5933 nostris
1812 5875 1953 5930 mentibus
1965 5873 2006 5927 in·

367 5971 411 6018 tus
428 5971 470 6019 est
487 5979 554 6038 ergo
567 5966 652 6022 Adam
667 5981 752 6022 norus
766 5966 847 6022 homo
869 5967 903 6023 de
920 5975 993 6023 terra
1010 5971 1156 6027 secundum
1209 5973 1303 6045 [igeret
1318 5972 1503 6045 [inculearctl
1519 5989 1552 6028 ne
1565 5974 1611 6044 qui
1625 5974 1743 6045 imagine
1754 5972 1803 6030 bet
1821 5971 2005 6035 ambulamus,

353 6049 469 6122 ileum,
490 6064 520 6111 ut
541 6066 614 6112 essct
628 6058 727 6130 justus,
742 6063 853 6114 sanctus
872 6067 900 6113 et
919 6072 1017 6125 rents,
1033 6061 1157 6116 subditus
1209 6080 1277 6120 rane
1291 6064 1483 6119 conturbemur
1495 6064 1713 6123 tisesaurirautes
1728 6065 1754 6119 ia
1771 6064 1877 6120 incerto
1896 6063 2005 6120 divitia·
