4509 6850
309 650 357 705 Sil

633 642 663 695 b.
683 637 808 693 nabent
830 635 937 692 tlatssut
958 633 1116 687 lttctttbt‘.
1139 630 1292 692 sitiebat.
1312 621 1600 683 ottenburensi.

1884 623 1942 680 8ἶί

306 776 385 831 quem
409 758 563 813 sacerdotes
590 771 642 808 uun
667 751 847 822 tligrnrbantur
872 736 1014 818 attingere.
1044 749 1094 800 dut
1108 756 1133 808 Α
1147 746 1258 800 dimissa
1276 743 1349 796 sulus
1365 746 1478 793 noserat
1493 736 1540 806 qui
1558 736 1720 790 dimittebat.
1744 735 1829 804 Surge
1847 747 1944 792 auteur

305 862 378 907 certe
395 850 455 905 ideo
469 848 550 901 lulium
565 855 658 909 vocat,
679 845 741 913 quia
759 843 930 896 dimittuntur
944 841 967 894 ei
983 849 1092 909 peecata

305 961 364 1000 sua.
379 942 470 1014 (deq.)
485 941 560 1007 Quod
571 955 635 1010 ergo
649 937 790 991 blattlueus
802 936 866 990 dicit
878 935 961 988 licum
973 934 1092 989 dixisse:

306 1031 424 1100 Confide,
440 1030 489 1099 pti,
509 1030 676 1083 remittuntur
690 1026 735 1079 tibi
750 1034 854 1095 peccato
870 1034 927 1087 tun,
943 1023 1027 1076 lucas
1042 1039 1093 1076 nou

306 1125 383 1188 dixit,
396 1124 445 1192 fili,
460 1122 517 1176 sed.
533 1121 619 1182 tremo,
635 1119 669 1173 ad
682 1116 844 1172 senteutiam
866 1114 972 1167 Domini
984 1129 1095 1183 expres-

307 1232 364 1271 sius
378 1213 565 1270 insinuandam
581 1211 671 1266 ualet:
688 1211 751 1278 quia
770 1206 872 1262 homini
891 1206 1096 1259 dimittebantur

306 1316 427 1379 peccata,
449 1304 493 1373 qui
514 1304 566 1357 boc
580 1302 638 1371 ipso
651 1299 721 1369 quod
738 1303 818 1353 boma
838 1304 915 1359 erat,
931 1312 984 1350 nnn
1006 1305 1097 1364 posset

306 1400 397 1455 dicere
417 1396 474 1450 Non
492 1392 617 1463 peceavi,
633 1390 712 1445 simul
731 1390 813 1444 etiarn
828 1397 858 1442 ut
875 1387 919 1442 ille
933 1389 979 1456 qui
993 1387 1094 1442 bomini

306 1488 459 1545 dimittebat
470 1484 662 1553 intelligeretur
678 1482 756 1534 licus.
772 1479 825 1533 Sed
839 1487 866 1533 et
877 1479 899 1532 si
913 1494 992 1547 quem
1007 1485 1097 1532 inuret

307 1588 397 1635 utrum
411 1577 540 1633 Dominus
552 1574 650 1629 dixerit
662 1573 733 1642 utrod
747 1572 897 1634 llattlrann,
911 1587 945 1624 an
960 1570 1030 1639 ιμιιιιι
1046 1570 1097 1623 ln·

306 1687 363 1734 eas,
378 1669 460 1730 dixit,
478 1667 546 1723 sciat
559 1674 703 1734 utrumque
717 1663 792 1717 illurn
811 1660 891 1717 simul
904 1661 993 1715 dicere
1007 1672 1096 1728 posse,

307 1770 365 1821 aut,
378 1758 488 1827 confide,
502 1765 590 1821 bento,
602 1757 769 1809 dimittuntur
782 1753 829 1806 tibi
842 1763 958 1822 peccota,
970 1751 1009 1821 pti
1017 1767 1025 1815 ,·
1040 1761 1096 1816 aut,

306 1854 418 1922 confide,
442 1850 492 1920 fiii,
513 1850 681 1903 diruittnntur
700 1848 746 1900 tibi
766 1856 881 1916 peccatu,
894 1845 981 1897 leonto.
1005 1841 1097 1913 (tonnis

307 1942 455 2013 (Ilrrqsest.)
476 1939 635 1995 Intuendum
656 1952 720 1993 saue
733 1944 864 2007 quantum
884 1935 992 2005 propria
1013 1932 1100 2001 errius·-

307 2049 359 2101 quc
370 2033 435 2087 bdes
445 2032 515 2100 apud
526 2031 610 2085 ileum
621 2030 719 2092 valeat,
731 2029 776 2083 ubi
792 2036 894 2082 tantum
905 2027 990 2081 raluit
999 2026 1096 2089 aliena,

1145 847 1170 889 et
1183 835 1298 898 ciminia,
1314 843 1371 900 tarn
1383 832 1405 884 is
1417 830 1462 898 qui
1477 826 1614 897 surgebat,
1626 842 1707 896 quam
1723 827 1813 897 biqui
1828 842 1945 897 surgen-

1147 939 1199 981 tem
1215 925 1350 986 ridebant,
1369 920 1518 990 approbare
1531 925 1664 987 poterant.
1678 918 1722 972 Ftt
1736 918 1820 988 igitur
1831 916 1945 974 carnale

1146 1020 1251 1086 siguum
1277 1025 1306 1069 ut
1329 1014 1457 1084 probetur
1479 1010 1617 1080 spiritale,
1637 1024 1794 1079 quanquam
1819 1010 1944 1079 ejusdem

1147 1111 1255 1163 virtutis
1268 1109 1303 1162 sit
1316 1117 1342 1161 et
1360 1104 1481 1173 corporis
1500 1111 1526 1157 et
1543 1103 1640 1156 animae
1654 1101 1719 1155 titia
1735 1102 1888 1156 dimittere.
1911 1101 1945 1156 Et

1147 1203 1223 1256 deutur
1238 1199 1316 1254 nubis
1338 1196 1512 1265 intelligentia
1532 1202 1642 1263 propter
1664 1202 1775 1263 peccata
1797 1193 1946 1263 plerasque

1146 1292 1255 1347 evenire
1279 1302 1421 1357 corporum
1447 1284 1609 1341 debilitates.
1637 1282 1671 1339 Et
1700 1284 1802 1339 idcirco
1826 1282 1945 1340 forsitan

1147 1384 1222 1454 prius
1233 1381 1405 1436 dimittuntur
1414 1382 1527 1446 peecata
1543 1382 1587 1437 ut,
1600 1374 1688 1430 causis
1698 1373 1852 1430 debilitatis
1871 1375 1946 1431 abla-

1148 1476 1192 1539 tis,
1207 1473 1307 1528 sanitas
1320 1470 1486 1526 restituatur.

1184 1557 1481 1636 placemusq'Quaedam
1491 1556 1624 1627 siquidem
1635 1564 1698 1611 surtt
1708 1554 1870 1611 differentiae
1880 1571 1944 1610 cau-

1148 1671 1251 1720 sarum,
1264 1670 1314 1726 pro
1328 1653 1425 1723 quibus
1437 1653 1464 1706 in
1477 1652 1530 1706 bac
1542 1650 1597 1705 rita
1610 1647 1741 1704 molestiis
1754 1648 1946 1717 corporalibus

1149 1746 1302 1817 affligimur.
1323 1743 1377 1798 llut
1390 1744 1462 1798 euim
1479 1740 1513 1795 ad
1530 1738 1626 1794 merita
1641 1736 1763 1808 augenda
1776 1738 1945 1818 per-patien-

1151 1838 1215 1891 tiam
1235 1834 1302 1905 justi
1323 1832 1444 1901 eorporis
1466 1830 1622 1884 infirmitate
1641 1835 1800 1898 gravantur,
1818 1833 1851 1880 ut
1874 1827 1945 1883 beati

1149 1926 1243 1980 Patres
1257 1922 1307 1978 lob
1320 1930 1347 1977 ct
1364 1920 1471 1987 Tobios,
1486 1928 1514 1975 et
1529 1918 1664 1974 innumeri
1677 1927 1815 1989 martyres
1831 1916 1861 1970 in
1872 1926 1944 1971 utre

1150 2034 1201 2089 que
1214 2018 1401 2080 Testamento;
1417 2024 1464 2069 aut
1486 2012 1521 2067 ad
1542 2010 1691 2068 custodiam
1705 2009 1838 2064 uirtutum
1853 2023 1945 2079 perne·

307 2133 336 2177 ut
351 2131 424 2177 totus
440 2122 521 2177 homo
535 2128 655 2189 repente,
671 2121 722 2174 boc
735 2127 776 2173 cst
789 2120 908 2173 exterius
922 2119 1098 2186 interiusque,
1114 2106 1137 2164 ll
1152 2121 1269 2182 ptarurn,
1283 2125 1317 2165 ue
1332 2107 1458 2179 superbia
1472 2113 1591 2162 tentante
1603 2104 1760 2173 dispereant
1773 2121 1782 2157 ι
1797 2102 1871 2158 sicut
1883 2118 1946 2174 apo-

306 2216 362 2284 jam
379 2214 498 2269 salvatus
512 2220 678 2282 exsurgeret,
693 2210 860 2277 aliorumque
875 2209 972 2263 merito
983 2208 1043 2263 aliis
1057 2225 1100 2263 re·
1149 2202 1218 2257 stolo
1231 2201 1325 2266 Paulo,
1339 2200 1394 2265 eui,
1407 2214 1441 2253 ne
1453 2196 1638 2269 magnitudine
1650 2193 1850 2250 revelationum
1862 2194 1942 2249 estul-

308 2307 465 2360 laxareutur
476 2311 576 2358 errata·
589 2302 671 2355 nudie
682 2301 788 2355 reniam
800 2307 827 2354 et
842 2309 912 2354 tacet
923 2299 1098 2370 paralyticus,
1149 2295 1258 2359 leretur,
1270 2294 1348 2347 dotus
1359 2301 1395 2346 est
1407 2290 1529 2346 stintulus
1542 2288 1629 2342 centis
1643 2302 1699 2341 snoe
1711 2284 1824 2356 unqeirts
1838 2283 1944 2340 Sutnne

308 2413 358 2451 uec
380 2395 460 2450 ullam
478 2393 624 2462 respondet
645 2391 759 2462 gratiam
779 2410 785 2443 :
810 2391 872 2459 qrria
897 2392 956 2461 pilus
978 2391 1100 2460 corporis
1149 2390 1193 2458 qni
1205 2404 1263 2441 enm
1276 2383 1449 2456 colonitiznrct
1460 2380 1503 2454 (ll
1514 2380 1577 2436 Cor.
1588 2379 1654 2451 xu);
1667 2378 1759 2432 autad
1771 2376 1943 2447 intelligenda

307 2502 388 2558 qrram
412 2484 508 2539 animan
532 2483 661 2538 tendebat
689 2482 721 2536 ad
748 2496 861 2547 curam,
887 2491 913 2536 et
940 2481 1100 2552 temporales
1150 2488 1178 2534 et
1187 2475 1345 2546 corrigenda
1355 2481 1464 2543 peccata
1476 2467 1753 2534 nostra‚sicutllaria
1765 2467 1942 2523 sorordaron

308 2593 442 2634 aerumnas
457 2576 566 2632 resoluti
589 2577 710 2645 eorporis
730 2576 770 2631 sie
789 2576 917 2640 debebat,
938 2585 967 2630 ut
985 2585 1100 2631 aetemas
1151 2571 1178 2625 iu
1190 2583 1281 2624 cremo
1293 2568 1328 2622 ob
1339 2567 1421 2622 uerba
1436 2563 1597 2619 temeritatis
1610 2570 1637 2617 et
1651 2559 1787 2631 superbiae
1797 2559 1876 2629 lepra
1889 2574 1945 2629 per-

307 2686 403 2741 poenas
425 2668 592 2723 resolutioris
613 2668 710 2721 animae
733 2682 784 2721 non
807 2665 932 2730 delleret,
955 2668 1100 2737 gratiorem
1151 2674 1229 2715 cussa
1247 2666 1289 2713 est
1304 2656 1399 2731 (Num.
1413 2655 1462 2727 ιιι)
1479 2672 1486 2708 :
1502 2653 1572 2709 sicut
1586 2650 1752 2723 paralyticus
1766 2649 1800 2705 de
1820 2664 1877 2719 qun
1896 2658 1944 2704 tra·

308 2760 359 2814 sibi
381 2766 542 2828 praesentem
556 2758 639 2811 sitam
656 2755 780 2823 judicans
793 2772 874 2827 quiam
893 2755 1021 2828 loturam.
1044 2756 1100 2811 lle·
1150 2751 1381 2820 ctmuusqui‚n0n
1392 2764 1444 2803 rust
1455 2746 1668 2816 dtmrssrsprimo
1679 2741 1943 2814 peccatis,potuitab

309 2849 362 2903 rito
376 2848 501 2903 Christus
520 2844 690 2902 ollereutinm
713 2846 791 2900 sidem
814 2846 942 2916 respicit,
963 2856 991 2901 et
1008 2861 1101 2903 recor·
1151 2841 1307 2896 infirmitate
1323 2839 1428 2904 curari;
1449 2848 1496 2894 aut
1509 2838 1542 2892 ad
1556 2837 1669 2908 gloriam
1682 2834 1730 2891 bei
1744 2833 1879 2889 salvantis
1891 2832 1942 2888 sire

309 2936 381 2993 diam
401 2938 441 2992 sic
458 2936 573 3006 iacentis
593 2936 719 3005 respicit,
734 2943 764 2989 ut
785 2936 846 2991 lidei
862 2936 956 2991 aliene
975 2933 1101 3007 sullragio
1151 2948 1201 3004 per
1213 2934 1343 3002 seipsum,
1357 2933 1413 2987 sire
1426 2945 1476 3000 per
1488 2929 1602 2984 laurulos
1619 2943 1694 2992 suos,
1708 2927 1782 2983 sicut
1794 2941 1885 2981 cacus
1896 2940 1940 2979 na·

310 3026 450 3098 paralytici
464 3027 554 3080 anima
569 3033 629 3079 autc
643 3034 785 3080 curaretur
796 3041 878 3094 quam
891 3041 999 3097 corpus.
1152 3037 1196 3082 tes
1209 3028 1237 3081 iu
1252 3025 1397 3096 Evangelio
1412 3024 1503 3096 (donn.
1516 3023 1564 3095 rx),
1579 3022 1625 3092 qui
1638 3036 1726 3092 neque
1742 3021 1802 3091 ipse
1814 3018 1941 3089 peccarit.

346 3119 379 3174 lit
392 3135 450 3173 ecce
468 3120 575 3191 quidone
590 3118 622 3172 de
637 3119 729 3172 scribis
747 3118 868 3173 dixerunt
888 3121 958 3174 intra
976 3137 1003 3175 re
1020 3134 1030 3172 .·
1050 3117 1102 3176 llic
1153 3133 1240 3189 neque
1253 3126 1380 3189 parentes
1399 3116 1468 3187 ejus,
1489 3115 1536 3170 sed
1555 3123 1585 3170 ut
1603 3111 1850 3169 manifestarentur
1866 3123 1941 3181 opera

310 3210 480 3280 cruentemur.
497 3207 632 3279 (llieron.)
655 3207 732 3275 Quod
752 3217 844 3263 autem
857 3210 975 3264 dixerint
991 3209 1027 3265 illi
1041 3224 1103 3266 csse
1152 3211 1200 3266 liei
1217 3210 1244 3265 in
1257 3210 1323 3266 illo:
1339 3211 1409 3265 sicut
1429 3209 1556 3273 Lazarus,
1572 3206 1649 3274 cujus
1669 3206 1818 3262 infirmitas
1833 3221 1886 3261 non
1897 3203 1943 3258 luit

311 3299 514 3370 blasphemiam,
529 3298 635 3353 llarem
648 3308 846 3367 cousequenter
859 3301 979 3369 exponit,
993 3300 1100 3356 diceus:
1153 3304 1188 3360 ad
1201 3312 1326 3366 mortem,
1341 3302 1387 3357 sed
1401 3317 1452 3372 pro
1463 3300 1548 3371 gloria
1562 3299 1622 3365 bei,
1639 3307 1671 3353 ut
1686 3297 1889 3369 glorificaretur
1901 3295 1942 3352 Fi·

311 3392 389 3459 Qnis,
413 3391 551 3462 inquiunt,
576 3399 658 3461 potest
683 3391 811 3445 diruittere
829 3400 935 3463 peccatu
959 3391 1009 3447 nisi
1030 3389 1101 3446 solus
1153 3395 1266 3452 liusbei
1290 3409 1338 3466 per
1357 3409 1420 3449 eum
1436 3392 1525 3465 (ioan.
1542 3390 1598 3463 xt);
1621 3390 1723 3446 autad
1747 3390 1943 3447 inchoationem

310 3482 400 3536 Deris?
419 3480 545 3552 Legimus
563 3482 590 3536 in
611 3482 742 3553 propbeta
760 3483 888 3537 dicente:
909 3482 966 3554 le'qo
980 3500 1037 3538 sunt
1057 3485 1102 3554 qui
1116 3457 1139 3517 C
1154 3488 1336 3545 damnationis
1345 3494 1463 3549 aeternas,
1473 3485 1543 3555 qrrod
1554 3483 1783 3554 reproborumest
1791 3484 1943 3553 proprium:

310 3574 384 3629 deleo
400 3574 548 3643 iniquitates
561 3583 621 3628 tuns
636 3572 705 3642 (len.
720 3574 806 3646 xerrr).
822 3573 1024 3644 consequenter
1038 3591 1103 3644 ergo
1154 3581 1223 3636 sicut
1231 3577 1380 3633 Antiochus
1388 3575 1431 3646 (ll
1438 3575 1573 3646 lineum)
1583 3583 1610 3630 et
1619 3575 1742 3630 llerodes
1754 3573 1894 3647 (Acran),
1901 3573 1944 3645 qui

311 3665 408 3720 scribe
421 3665 485 3735 quia
501 3664 636 3718 bominem
654 3664 785 3735 putabant
802 3672 830 3719 et
843 3666 924 3719 rerba
944 3664 991 3718 bei
1007 3665 1104 3719 intelli·
1153 3678 1267 3739 uterque
1287 3682 1336 3722 sue
1360 3676 1479 3736 tempore
1499 3666 1629 3721 adversus
1646 3665 1732 3720 lieurn
1756 3677 1943 3739 repugnantes,

310 3756 421 3827 gebant,
434 3761 550 3826 arguant
560 3770 622 3809 eum
633 3754 817 3823 blasphemiae.
833 3753 896 3818 Sed,
908 3754 971 3810 licet
983 3755 1104 3810 nescien-
1153 3768 1219 3830 quot
1240 3765 1437 3813 'tormentorum
1456 3757 1483 3811 in
1504 3759 1626 3827 gebenna
1640 3768 1774 3827 perpetuo
1785 3758 1894 3827 passuri
1906 3774 1945 3813 es·

310 3858 362 3912 tes,
375 3862 469 3904 rerum
489 3847 621 3912 dicebant,
640 3848 702 3918 quia
720 3861 799 3901 nemo
822 3846 958 3903 dimittere
980 3856 1101 3916 peccata,
1154 3859 1224 3914 sent,
1237 3849 1409 3919 presentium
1428 3847 1602 3903 afflictionum
1615 3848 1725 3903 miseria
1739 3849 1849 3904 cunctis
1861 3858 1945 3903 osten-

312 3939 460 4005 neamus,
475 3946 565 4010 poten
580 3956 587 3992 ε
603 3939 648 4007 qur
662 3953 712 4008 ner
723 3953 771 3992 eos
784 3953 890 4007 aurun
903 3937 1029 4003 dimittit,
1044 3937 1104 4006 nui·
1154 3944 1253 4000 aenan
1270 3962 1276 3997 :
1292 3928 1394 4013 quibus'
1404 3943 1528 3998 nnvonu
1542 3941 1607 3996 ium
1620 3942 1763 4013 Pronnaea
1778 3961 1786 3999 ;
1803 3942 1839 3997 et
1853 3943 1945 4014 nuptm

310 4032 362 4084 bur
380 4028 533 4086 dimittendi
555 4029 628 4085 dedit
649 4039 820 4099 potestatem.
845 4029 879 4083 Et
902 4029 962 4083 idco
979 4027 1103 4084 Christus
1154 4035 1309 4089 contritione
1323 4044 1425 4088 contere
1435 4050 1479 4088 eos
1495 4032 1561 4105 (Jer.
1577 4032 1652 4105 xrrr).

310 4137 374 4177 vere
399 4123 470 4178 ⁰0⁰⁸
493 4136 555 4177 08⁸0
576 4121 722 4191 probatur,
746 4121 808 4191 quia
835 4121 971 4176 dimittere
994 4127 1103 4189 peccabi
1191 4125 1267 4181 Unde
1281 4140 1392 4180 neccsse
1402 4125 1485 4180 estin
1499 4124 1624 4180 omnibus
1637 4125 1684 4195 qui
1700 4123 1943 4194 temporaliternt

309 4211 471 4280 ⁴1⁰³⁵l⁰⁸¹¹⁸
484 4217 583 4280 Ρθῑθθῑ·
600 4208 700 4264 velum
715 4210 770 4263 ΠΕΟ
781 4209 965 4265 leti²l¹¹¹⁰¹¹l¹¹1¹¹
978 4209 1103 4276 reddunt,
1154 4232 1232 4274 rersa
1248 4218 1377 4286 patimur,
1392 4232 1453 4271 curn
1469 4216 1623 4272 humilitate
1634 4215 1751 4271 Domino
1764 4217 1871 4287 gratias
1887 4230 1945 4286 aga-

309 4302 357 4356 ⁸⁰t¹
383 4314 528 4372 b⁰l⁸⁰¹¹³¹¹¹
550 4298 650 4354 Chllffll
674 4299 816 4368 negando,
842 4298 979 4353 falluntur·
1004 4299 1104 4352 Etl'ssltl
1155 4324 1230 4372 mas;
1248 4318 1275 4362 et
1289 4306 1454 4361 infirmitatis
1466 4314 1566 4362 nostre
1580 4307 1691 4372 conscii,
1707 4307 1742 4362 de
1755 4306 1944 4363 collatisnobis

311 4395 401 4462 itaque
415 4392 500 4449 iudei
517 4392 582 4462 qui,
602 4407 663 4446 cum
681 4390 818 4447 Christum
834 4401 862 4448 ct
882 4392 966 4446 Deum
980 4407 1056 4456 esse,
1076 4401 1105 4447 et
1156 4396 1282 4452 remediis
1296 4396 1462 4466 gratulemur
1475 4411 1585 4452 necesse
1597 4403 1649 4462 cst,
1662 4407 1692 4452 ut
1706 4398 1742 4453 ad
1754 4397 1943 4453 conscientiam

310 4492 421 4554 peccata
434 4483 571 4538 dimittere
585 4497 663 4553 posse
677 4483 800 4547 credant,
817 4482 909 4537 lesum
925 4490 1014 4538 tarum
1026 4482 1105 4539 Clui-
1156 4497 1276 4542 nostram
1294 4486 1395 4542 rcrcrsi
1407 4486 1522 4542 solerter
1537 4503 1618 4559 opera
1631 4496 1724 4543 nostra
1737 4488 1821 4543 simul
1835 4498 1863 4545 et
1876 4485 1945 4559 cogi·

310 4585 382 4629 stum
396 4588 455 4628 esse
470 4588 523 4628 unu
536 4574 659 4628 eredunt.
676 4572 730 4628 Sed
744 4573 829 4628 rnulto
846 4573 999 4628 dementius
1012 4584 1105 4629 errant
1157 4580 1271 4634 tationes
1293 4578 1473 4645 exploremus,
1491 4588 1517 4633 et
1538 4579 1667 4650 quidquid
1685 4595 1736 4636 nos
1757 4596 1889 4652 peccasse
1902 4579 1944 4635 de-

310 4667 420 4731 artant,
433 4666 480 4736 qui
494 4680 555 4720 cum
573 4662 666 4719 iesum
684 4674 712 4719 et
730 4662 867 4720 Christum
881 4679 940 4720 csse
954 4675 981 4719 et
994 4676 1103 4735 peccata
1155 4668 1346 4739 prclrendimus
1359 4669 1438 4740 digua
1452 4670 1627 4740 castigatione
1641 4685 1805 4741 purgemus;
1820 4668 1944 4742 qrrithuid

310 4773 389 4826 posse
403 4755 548 4819 dimittere,
564 4753 701 4824 Evangelii
714 4754 805 4809 uerbis
817 4753 926 4819 deuicti,
941 4770 1038 4824 negare
1050 4771 1101 4809 non
1156 4760 1189 4815 de
1202 4760 1315 4830 bisque
1327 4775 1376 4815 uos
1392 4770 1464 4816 reete
1480 4760 1575 4816 iecisse
1589 4760 1775 4828 credebamus,
1791 4763 1860 4817 ritio
1873 4761 1945 4817 nobis

311 4849 429 4911 audent,
449 4846 624 4901 nihilominus
645 4847 729 4900 Βειιιιι
750 4861 849 4915 negare
869 4862 922 4901 non
943 4847 1048 4902 timent.
1068 4850 1103 4904 Αι

311 4938 368 5005 ipse
387 4934 503 5006 perlidos
524 4935 627 4990 salutare
646 4935 815 5001 desiderans,
831 4945 860 4990 ct
879 4936 1045 4993 occultorum
1060 4956 1105 4996 eo·

311 5028 430 5098 guitiune
457 5032 484 5081 ct
509 5027 608 5080 uirtute
631 5041 743 5095 operum
769 5026 853 5080 licum
879 5043 908 5082 sc
932 5042 992 5084 esse
1020 5031 1107 5085 mani-

311 5118 402 5174 lestat.

348 5211 382 5265 lit
403 5228 462 5265 cum
482 5211 585 5267 uidisset
606 5209 685 5266 deses
708 5214 876 5283 cogitationes
893 5230 993 5278 eorum,
1013 5215 1104 5268 dixit:

314 5300 411 5373 thnid
423 5300 541 5372 coqitotis
553 5301 625 5356 melu
640 5303 667 5356 in
682 5302 803 5358 cordibus
817 5305 925 5358 restris?
937 5303 1061 5360 Ostendit
1075 5320 1105 5360 se

312 5392 406 5455 Deum
420 5391 466 5462 qui
482 5398 571 5462 potest
585 5392 675 5447 cordis
688 5393 793 5448 occulta
812 5409 985 5464 cognoscere,
996 5405 1023 5449 et
1038 5410 1106 5465 qun·

312 5482 455 5537 dammodo
469 5489 561 5537 tacem
575 5481 696 5550 loquitur
712 5499 719 5535 ε
737 5482 836 5539 Eadem
857 5484 999 5552 rnajestate
1013 5493 1042 5538 et
1058 5499 1105 5553 pc

313 5574 394 5628 tentia
414 5588 467 5642 qua
488 5573 665 5644 cogitationes
686 5582 791 5628 vestras
811 5573 928 5639 intueor,
948 5589 1057 5643 pessum
1078 5583 1105 5628 ct

312 5664 464 5719 bominibus
475 5663 572 5718 delicta
584 5663 730 5719 dimittere.
743 5665 780 5718 Ex
793 5665 870 5720 robis
884 5665 1025 5736 iutelligite
1040 5667 1104 5735 qtrid

311 5754 476 5824 paralyticus
490 5762 683 5824 consequatur.

348 5845 418 5909 Quid
439 5845 543 5915 [acilius
558 5854 595 5900 est
613 5847 710 5910 dicere,
731 5844 905 5899 Dirrittnntur
921 5847 968 5901 tibi
985 5856 1103 5916 peccota,

312 5946 358 5989 net
372 5938 467 6002 dicere,
482 5935 565 6009 Surqc
582 5949 606 5993 et
621 5939 749 5993 ambula?
767 5939 943 5995 interdicere
957 5949 984 5995 et
1002 5940 1103 6005 lacere,

314 6025 397 6080 inulta
415 6028 542 6084 distantia
560 6038 610 6086 est.
632 6029 728 6086 Utrum
750 6031 805 6086 siut
824 6028 974 6103 paralytico
993 6039 1104 6097 peccata

1156 4851 1282 4905 clationis
1301 4851 1404 4921 perisse
1422 4851 1614 4920 comperimus,
1636 4860 1664 4906 et
1686 4849 1738 4907 lrnc
1752 4851 1851 4907 bumili
1868 4852 1943 4907 satis·

1157 4941 1274 4997 lactioue
1298 4941 1460 5011 castigemus
1486 4961 1491 4994 :
1518 4941 1575 4997 lucc
1597 4941 1669 4996 eninr
1692 4941 1772 4997 nobis
1796 4943 1895 5012 saepius
1917 4940 1945 4995 it
1996 4954 1999 4959 ·

1158 5053 1239 5093 eausa
1253 5035 1428 5108 flagellorum.
1447 5035 1579 5092 Ceterum
1593 5037 1752 5094 innocentes
1765 5048 1795 5093 et
1813 5039 1903 5106 iustus
1912 5037 1943 5093 ad

1158 5135 1301 5198 augmenta
1316 5127 1486 5197 praemiorum
1501 5125 1627 5197 llagellari
1642 5125 1829 5197 perlectorum
1845 5138 1886 5187 est
1901 5130 1945 5186 tle·

1159 5233 1223 5272 num
1240 5217 1356 5287 speciale
1373 5217 1492 5271 uirorum
1508 5236 1513 5269 :
1529 5216 1688 5273 verberibus
1703 5227 1797 5274 autern
1816 5231 1945 5292 tempora·

1156 5306 1227 5362 libus
1240 5308 1273 5362 ad
1288 5314 1387 5361 aetenn
1412 5314 1543 5361 tormenta
1556 5308 1696 5378 compelli,
1721 5310 1946 5381 impoenitentinnr

1156 5408 1198 5453 est
1211 5414 1290 5468 poena
1304 5384 1488 5468 reproborum.

1194 5487 1226 5543 b't
1246 5490 1335 5543 scintis
1356 5502 1442 5544 autent
1456 5492 1576 5560 quonium
1590 5490 1662 5560 iilius
1677 5492 1792 5549 leontinis
1811 5494 1888 5550 notet
1903 5511 1946 5567 pe·

1157 5588 1274 5632 testatem
1289 5579 1315 5631 in
1332 5588 1402 5632 terra
1415 5579 1562 5634 dimittendi
1577 5591 1694 5650 peccato,
1710 5593 1773 5637 tunc
1792 5586 1833 5639 nit
1845 5585 1946 5656 pernis·

1156 5670 1230 5722 tice:
1252 5667 1344 5738 Surqe,
1360 5668 1422 5724 tolie
1441 5669 1535 5724 lectam
1554 5681 1643 5736 tunm,
1665 5683 1688 5726 et
1707 5673 1773 5728 rade
1795 5675 1824 5729 in
1845 5677 1945 5731 doner·

1156 5769 1239 5811 ιιιιιιιι,
1256 5757 1361 5829 (been.)
1378 5760 1407 5813 si
1422 5769 1448 5814 et
1463 5760 1532 5814 Deus
1546 5769 1587 5815 est
1598 5760 1677 5828 juna
1692 5761 1886 5833 Psalmistam,
1903 5765 1945 5835 qui

1155 5858 1282 5917 quantum
1302 5847 1484 5903 dictaturiens
1503 5851 1535 5903 ab
1555 5867 1666 5917 occasa,
1688 5851 1821 5923 eluuant't
1841 5874 1858 5910 a
1877 5854 1945 5910 netis

1156 5942 1306 6011 iniquitates
1323 5951 1426 5996 nostras
1441 5940 1525 6015 (Paul.
1543 5943 1604 6015 ιιι).
1623 5955 1651 6001 et
1662 5944 1735 6014 filine
1749 5947 1865 6009 bominis
1876 5958 1946 6017 pete·

1156 6039 1249 6086 inueni
1266 6031 1340 6086 babet
1356 6032 1384 6086 in
1398 6042 1467 6088 terro
1486 6034 1633 6090 dimittendi
1643 6046 1751 6108 peecata
1768 6050 1779 6090 .·
1800 6052 1867 6113 ergo
1878 6020 1949 6095 idem
