4509 6850
309 640 375 706 rin
601 691 604 699 ,
633 636 663 691 o.
685 635 815 696 nunant
834 637 943 696 nnunt
963 632 1121 691 luuntur.
1145 631 1300 689 ttoounr.
1321 631 1465 689 orunuat
1483 630 1574 691 nans
1592 634 1613 691 ι.
1882 637 1956 692 areo

306 761 420 817 Culicem
431 774 506 829 qinom
518 756 587 810 dudit
600 754 661 811 turibi
678 757 768 822 Potor,
781 774 832 811 non
850 758 889 811 ιιι
912 766 939 811 ut
959 755 1045 810 bibam
1068 750 1101 806 ii·
1115 754 1140 814 Α
1155 759 1211 806 tum
1222 752 1272 808 sibi
1287 753 1389 824 absque
1412 754 1511 811 merito
1533 755 1671 825 dignitatis
1691 756 1790 811 emerit
1815 757 1904 827 pretio
1921 758 1956 811 ab

306 852 382 906 lumi
395 850 481 909 Tunc,
495 848 564 902 sicut
581 849 667 904 Lricas
683 858 788 913 narrat,
801 848 888 920 tetigit
909 846 1057 902 auriculam
1071 843 1103 899 il·
1155 842 1271 911 llerodc,
1299 845 1422 917 principe
1437 846 1570 901 Romano.
1589 845 1647 903 Non
1667 862 1732 920 crgo
1752 848 1854 903 rrrirum
1872 858 1917 903 cst
1935 850 1956 904 si

305 947 358 1002 lius
373 945 418 1016 qui
431 958 574 1015 percussus
592 946 690 1010 lucrat,
706 952 733 999 ct
752 944 858 1000 sanavit
881 958 954 998 eum.
972 938 1103 1011 Sequens
1154 936 1265 1006 iniquus
1277 936 1398 1007 pontilcx
1411 938 1503 1008 inique
1514 936 1628 1005 judicat.

306 1051 371 1106 ergo
385 1032 517 1090 sententia
534 1052 586 1106 qna
601 1035 714 1089 dicitur:
1193 1026 1288 1083 Petrus
1300 1039 1386 1084 nutem
1397 1029 1552 1101 sequebatur
1565 1047 1623 1085 eum
1632 1029 1726 1101 alonge
1733 1032 1852 1101 usquein
1860 1031 1957 1085 utrium

343 1125 479 1191 Quomodo
508 1143 568 1197 erqo
599 1124 775 1194 implebuntur
810 1122 1104 1193 scripturaruum
1155 1119 1280 1191 principis
1301 1121 1477 1176 sacerdotum.
1502 1120 1717 1192 Meritoalonge
1727 1122 1898 1191 sequebatur
1912 1123 1956 1191 qni

307 1225 407 1287 oportet
428 1219 675 1288 fier-iiproinptum
699 1216 733 1269 ad
756 1214 910 1284 paticmlum
938 1214 1106 1267 demonstrat
1152 1210 1209 1281 jam
1222 1211 1361 1282 pmximus
1371 1217 1580 1281 eratncgaturo.
1593 1209 1687 1280 Neque
1696 1210 1768 1265 enim
1783 1224 1887 1281 negare
1896 1225 1958 1279 pos·

307 1308 428 1366 animum
443 1311 514 1381 quod
530 1308 629 1363 irustra
646 1306 784 1378 propbetae
797 1306 956 1368 cecincrint,
976 1304 1027 1358 nisi
1053 1303 1106 1359 Do·
1157 1313 1200 1361 sct
1224 1304 1246 1360 si
1264 1303 1375 1359 Christo
1391 1303 1531 1373 prosimus
1554 1302 1723 1357 adhaesisset.
1738 1300 1846 1356 Verum
1860 1301 1896 1356 in.
1909 1304 1958 1356 boc

309 1403 399 1457 minus
411 1415 458 1456 cos
472 1416 535 1455 uera
549 1399 649 1453 dixisse
662 1396 787 1467 passione
800 1410 848 1449 sua
865 1394 1024 1450 asseruerit.
1156 1396 1274 1451 maxima
1294 1394 1372 1450 nobis
1382 1403 1425 1450 cst
1437 1394 1617 1450 admiratione
1630 1393 1806 1449 reuerendus
1820 1393 1892 1463 quod
1905 1394 1952 1447 Do

352 1493 379 1550 ln
391 1491 438 1544 itta
452 1491 516 1545 beru
533 1487 612 1543 desua
634 1486 700 1540 dixit
712 1484 957 1556 turbissTouquom
972 1485 1006 1539 uri
1021 1483 1105 1539 iotro-
1157 1488 1260 1544 minum
1272 1503 1326 1543 non
1340 1485 1450 1556 reliquii
1464 1486 1548 1541 etlam
1562 1486 1623 1542 'cum
1643 1484 1760 1540 timeret.
1793 1482 1870 1551 Qttud
1886 1486 1958 1539 enim

310 1599 367 1637 uem
382 1581 485 1636 ueuirtia
506 1596 563 1633 eum
585 1577 679 1649 gladiis
704 1586 728 1631 et
754 1575 866 1645 [ustibus
890 1573 1106 1646 comprehendere
1157 1580 1235 1636 timet
1258 1586 1429 1643 natumst,
1453 1578 1526 1648 qnod
1548 1577 1670 1647 seqnitur
1690 1576 1858 1639 deuotionis,
1889 1577 1960 1644 ‹pirnd

309 1692 359 1735 me,
371 1672 487 1743 quotidie
499 1669 570 1741 apud
581 1686 624 1724 aros
645 1668 765 1724 sericium
792 1667 887 1722 docens
910 1668 937 1721 in
956 1665 1064 1737 templo,
1081 1675 1106 1721 et
1157 1677 1238 1743 negat
1252 1670 1427 1740 obreptionis,
1440 1669 1512 1741 quud
1524 1668 1636 1739 poenitet
1650 1665 1722 1722 ndat.
1743 1664 1851 1739 (Aug.)
1863 1666 1959 1728 Aliter,

311 1781 362 1819 non
384 1779 425 1816 ore
448 1761 578 1816 tenuistis.
603 1760 720 1815 Stultum
750 1767 802 1822 est,
830 1760 928 1831 inquit,
956 1774 1018 1814 cunr
1045 1774 1106 1815 cunr
1158 1763 1230 1833 quod
1240 1763 1274 1817 ad
1287 1762 1440 1832 passionem
1455 1768 1565 1817 cunum
1575 1758 1720 1815 Dominum
1737 1773 1752 1813 a
1767 1757 1850 1828 longe
1867 1759 1958 1827 scqui-

309 1856 407 1927 gladiis
429 1864 457 1909 et
477 1853 591 1908 iustibus
604 1867 735 1922 quaerere,
747 1853 792 1922 qui
809 1852 879 1907 ultro
901 1867 930 1907 se
944 1853 1041 1909 vestris
1054 1861 1109 1908 tra·
1158 1861 1203 1909 tur
1216 1851 1323 1918 Petrus,
1344 1850 1512 1923 significabat
1533 1848 1685 1905 Ecclesium
1712 1855 1872 1904 secuturam
1899 1850 1959 1918 qui·

309 1948 357 2002 dat
374 1947 509 2002 manibus.
529 1943 1108 2012 Etinnoctequasilatitantcmetvestros
1159 1944 1232 2010 dem,
1261 1944 1313 2000 boc
1338 1950 1380 1999 est
1406 1943 1574 1998 imitaturam
1598 1941 1737 2011 passiones
1762 1941 1886 2004 Domini,
1916 1943 1961 1995 sed

310 2038 403 2093 oculos
417 2036 607 2102 declinantem,
627 2050 675 2105 per
685 2035 849 2106 proditorem
864 2035 1038 2106 inuestigare,
1060 2034 1107 2106 qui
1158 2034 1238 2107 longe
1257 2033 1424 2090 differenter.
1444 2032 1567 2089 Ecclesia
1593 2032 1666 2088 enim
1688 2046 1739 2102 pro
1754 2046 1787 2087 se
1800 2032 1915 2102 patitur,
1936 2041 1960 2085 at

314 2127 431 2195 quotidie
441 2126 468 2179 in
481 2125 581 2195 templo
596 2126 702 2181 doceat.
720 2123 774 2179 Sed
787 2124 848 2180 ideo
863 2125 1006 2180 adversum
1020 2140 1064 2181 ine
1078 2127 1106 2182 in
1120 2100 1146 2160 B
1159 2122 1204 2179 ille
1222 2138 1272 2195 pro
1289 2122 1421 2178 Ecclesia.

313 2215 432 2273 enebris
443 2214 654 2287 congregamini,
665 2214 729 2284 quia
742 2221 862 2284 potestas
873 2222 964 2269 vestra
975 2214 1003 2269 in
1032 2224 1107 2272 tenc-
1193 2214 1230 2268 lit
1243 2215 1375 2284 ingressus
1388 2213 1572 2269 introsedeiot
1591 2228 1651 2268 eum
1674 2215 1809 2269 ministris
1820 2223 1848 2267 ut
1864 2214 1962 2268 rideret

311 2307 368 2363 bris
381 2314 433 2361 est.
1158 2304 1247 2375 finem.
1265 2302 1406 2371 Quomodo
1418 2309 1508 2357 autern
1526 2302 1624 2358 Petms
1645 2302 1673 2357 in
1696 2303 1800 2358 atrium
1823 2303 1959 2374 pontilicis

348 2395 407 2450 lloc
426 2404 513 2450 eutem
529 2404 610 2450 totum
624 2395 782 2466 factumest,
802 2405 829 2451 ut
850 2397 1019 2468 implerentur
1040 2400 1107 2454 acri-
1158 2393 1263 2464 ingredi
1273 2401 1376 2464 posset,
1399 2391 1518 2448 ioannes
1544 2390 1701 2448 manifestat
1724 2389 1825 2451 dicens
1839 2412 1847 2446 r
1863 2392 1961 2462 Seoue-

312 2496 398 2558 pturoe
407 2487 601 2557 prophetorum.
614 2485 679 2553 Quae
693 2496 756 2541 sunt
766 2502 830 2559 ergo
842 2488 983 2559 scripturae
995 2489 1109 2560 propbe-
1159 2484 1236 2539 botur
1247 2493 1334 2538 nutem
1346 2482 1437 2538 lerunt
1452 2483 1544 2539 Simon
1558 2482 1662 2549 Petrus,
1673 2492 1699 2538 et
1712 2482 1785 2538 oties
1797 2483 1958 2554 discipulus:

313 2576 423 2633 tarum?
437 2576 562 2632 videlicet
574 2576 651 2630 istae:
669 2574 806 2630 Foderunt
816 2592 911 2631 mortua
922 2593 1005 2643 meet,
1019 2586 1043 2631 et
1064 2593 1108 2647 pe-
1158 2572 1309 2644 Dr'reipuiut
1320 2582 1407 2627 eutem
1421 2572 1465 2627 iiie
1483 2570 1628 2628 noturerot
1644 2573 1777 2644 pontifici,
1789 2583 1815 2627 et
1824 2574 1908 2628 simui
1920 2576 1959 2629 irr-

313 2667 359 2722 des
369 2683 439 2721 meos
450 2663 541 2737 (Paul.
557 2667 630 2737 ιιι).
643 2666 677 2720 Ει
687 2665 766 2721 alibi:
781 2664 855 2720 Sicut
865 2668 919 2721 ouis
930 2666 965 2719 ad
976 2667 1108 2722 uictimam
1159 2665 1247 2719 troioit
1259 2679 1318 2718 cum
1330 2662 1395 2718 Jesu
1409 2664 1437 2718 in
1447 2664 1545 2718 utrium
1558 2663 1707 2733 pontificu,-
1718 2662 1819 2718 Petrus
1831 2682 1893 2719 nero
1905 2674 1959 2719 sto-

314 2757 628 2832 rectoraticum).
649 2758 720 2813 Elin
735 2758 788 2813 alio
808 2759 869 2815 loco
882 2778 890 2813 :
903 2759 941 2815 di
962 2760 1109 2831 iniquitati·
1160 2752 1204 2807 bei
1216 2752 1250 2805 011
1274 2752 1369 2806 ortium
1386 2751 1462 2822 1⁵⁰th-
1482 2750 1572 2806 Exilii
1589 2768 1650 2823 ergo
1673 2752 1822 2823 discipulus
1847 2754 1895 2808 iiie
1918 2758 1960 2826 qni

314 2850 362 2904 ius
372 2849 462 2920 populi
473 2850 523 2903 mei
532 2849 625 2904 ductus
639 2858 677 2903 est
688 2849 724 2904 ud
744 2859 865 2917 mortem,
889 2859 917 2906 et
933 2851 976 2906 his
999 2850 1106 2906 similia.
1159 2852 1215 2896 em!
1228 2852 1304 2896 ”0¹²³
1314 2839 1440 2911 P‘miffivt'·
1456 2852 1480 2896 ⁶¹
1491 2841 1559 2896 dixi!
1569 2842 1696 2907 Oilffssffffs
1711 2852 1735 2897 ei
1748 2843 1901 2899 introdusit
1915 2845 1962 2899 Pr·

353 2938 425 2993 Tunc
437 2938 560 3010 discipuli
574 2955 673 3004 omnes,
688 2937 778 2995 relicto
797 2957 838 3007 eo,
863 2940 996 3011 sugerunt.
1012 2939 1107 3013 (lina)
1159 2941 1240 2987 trum.
1256 2932 1395 3004 ingressui
1411 2942 1497 2989 autem
1511 2934 1549 2989 rie
1560 2933 1657 2989 Petrus
1672 2936 1780 2991 redebet
1797 2955 1859 2993 cum
1884 2941 1960 2993 ruini·

314 3028 444 3100 impletur
457 3043 548 3084 sermo
559 3028 676 3093 Domini,
694 3028 740 3099 qui
754 3028 861 3084 dixerat
871 3027 943 3098 quod
957 3043 1051 3084 omnes
1065 3029 1108 3083 di·
1160 3024 1221 3079 stria
1244 3024 1325 3092 justo
1352 3025 1437 3096 ignem
1452 3041 1479 3079 ae
1493 3025 1661 3096 calefaciens,
1683 3030 1907 3101 exspectabatque
1934 3043 1960 3085 ut

315 3119 411 3189 scipuli
434 3118 683 3174 scandalizarentur
702 3119 730 3173 in
749 3118 794 3173 illo
816 3118 843 3174 in
855 3118 912 3188 ipsa
935 3128 1023 3175 nocte.
1041 3118 1109 3174 Nam
1160 3116 1256 3171 rideret
1268 3116 1357 3184 finem.
1372 3116 1555 3173 Videlicctuel
1568 3133 1661 3174 amore
1677 3120 1814 3189 discipuli,
1842 3120 1887 3175 vel
1913 3122 1960 3175 bri·

314 3210 366 3264 etsi
380 3210 458 3264 turba
472 3209 646 3280 permittente
666 3210 701 3264 ad
724 3209 880 3279 petitionem
903 3209 1008 3267 Domini
1032 3209 1109 3281 luge·
1160 3220 1241 3261 mana
1252 3205 1408 3262 curiositate
1421 3206 1491 3262 scire
1505 3207 1616 3278 cupiens
1629 3207 1844 3279 quidjudiearet
1864 3212 1899 3265 de
1912 3212 1961 3265 uo

314 3308 389 3366 runt,
404 3310 434 3355 ut
445 3299 564 3356 loannes
580 3300 685 3366 scribit,
701 3316 827 3370 pauorem
841 3309 931 3357 tamen
957 3317 990 3357 ac
1010 3302 1110 3358 timidi·
1161 3296 1236 3354 utino
1256 3296 1388 3369 pontifex,
1408 3305 1499 3352 utrum
1512 3312 1572 3353 cum
1584 3298 1644 3355 neci
1658 3298 1810 3366 addiceret,
1825 3316 1860 3355 an
1878 3300 1962 3371 ilagcl·

315 3398 401 3449 tatem
414 3406 471 3448 suae
481 3391 581 3447 mentis
594 3391 782 3457 ostendebant,
793 3391 866 3462 quud
877 3390 911 3446 ad
930 3389 1000 3463 lugu
1019 3391 1111 3461 prasi
1166 3389 1201 3446 lis
1216 3403 1316 3446 cusum
1326 3388 1482 3446 dimitteret.
1497 3388 1532 3445 Et
1543 3389 1571 3445 in
1583 3388 1636 3447 boc
1646 3390 1792 3457 diuersitas
1802 3400 1961 3448 cutenorum

314 3483 389 3538 diurn
402 3483 591 3553 promptiores,
606 3499 687 3552 quarn
699 3482 796 3539 liducia
808 3483 925 3555 patiendi
937 3497 999 3538 cum
1016 3482 1109 3538 Domi·
1129 3454 1352 3555 eapostolomm
1374 3491 1403 3540 et
1425 3484 1509 3540 Petri.
1531 3483 1571 3539 llli
1593 3483 1709 3555 lugiunt,
1730 3485 1785 3540 iste
1807 3498 1960 3554 quiunquam

314 3587 350 3626 no
365 3571 535 3626 exstiterant.
552 3571 663 3642 llystice
676 3583 767 3627 autem
779 3573 848 3629 sicut
865 3573 963 3628 Petrus
981 3574 1027 3644 qui
1050 3574 1108 3629 cul·
1161 3576 1254 3648 procul
1265 3582 1355 3631 tamen
1368 3576 1490 3647 seqnitur
1500 3574 1679 3632 Salvatoretn.

314 3677 376 3732 pam
395 3660 546 3733 negationis
560 3663 725 3731 poenitcnticc
738 3663 864 3734 lacrymis
886 3664 970 3720 abluit
996 3673 1024 3720 ct
1046 3681 1110 3721 con·
1198 3665 1324 3737 Princeps
1339 3667 1599 3722 outemrocerdotum
1609 3677 1635 3722 et
1647 3683 1723 3722 omne
1733 3667 1880 3723 condimur
1890 3685 1959 3738 que·

314 3753 432 3808 lessione
447 3751 579 3806 Dominici
594 3752 696 3806 arnonis
712 3751 830 3807 funditus
844 3754 1013 3822 exstirpavit,
1030 3769 1108 3809 rccu-
1162 3759 1251 3814 rebant
1263 3758 1359 3828 solcum
1372 3754 1868 3826 testimonium‘rontroderumuterrnt
1886 3758 1962 3813 rnortt'

314 3844 483 3914 perationem
496 3856 589 3897 corum
601 3841 729 3905 ostendit,
749 3842 795 3910 qui
811 3842 838 3894 iu
860 3844 992 3912 martyrio
1015 3843 1109 3898 labun·
1161 3847 1303 3913 truderent,
1315 3858 1340 3902 et
1355 3865 1407 3902 non
1418 3851 1581 3916 inuenerunt,
1595 3865 1653 3904 cunr
1669 3847 1745 3904 multi
1758 3849 1959 3916 {detramur-

316 3944 372 4000 tur,
387 3935 424 3989 itu
435 3933 525 3989 caeteri
541 3932 663 4003 discipuli
674 3933 721 4003 qui
737 3931 879 3987 articulum
891 3935 1110 4002 comprehensio·
1133 3964 1134 3968 ,
1161 3938 1306 3993 cessissent.
1331 3937 1460 4011 (nina.)
1476 3938 1535 3994 Non
1549 3939 1622 3994 enirn
1633 3946 1722 4005 erant,
1740 3947 1774 3994 ut
1786 3939 1895 3995 Marcus
1919 3947 1960 3993 te·

314 4028 358 4083 nis
373 4026 499 4098 fugiendo
510 4032 707 4095 praevenerant,
718 4023 854 4079 cautelam
877 4024 996 4095 fugiendi
1012 4026 1110 4083 docent
1162 4037 1258 4094 statur,
1271 4030 1459 4084 convenientia
1473 4030 1524 4086 sibi
1538 4030 1703 4087 testimonia.
1719 4030 1772 4087 llic
1785 4047 1896 4103 quoqne
1914 4033 1962 4086 im·

314 4118 420 4188 eosqui
434 4133 463 4173 se
476 4117 566 4173 minus
576 4117 687 4172 idoneos
697 4115 731 4171 ad
744 4115 883 4171 toleranda
894 4117 1024 4187 supplicia
1047 4133 1110 4174 sen·
1160 4118 1250 4189 pietur
1270 4119 1335 4174 illud
1348 4118 1562 4191 Psalmograpbi,
1577 4136 1632 4191 quo
1652 4121 1735 4176 dicit:
1749 4121 1903 4176 Astiterunt
1925 4138 1962 4177 re·

315 4209 395 4263 tiuut.
410 4207 513 4275 Quibus
527 4207 665 4261 tutiuscst
683 4204 768 4272 multo
791 4205 916 4277 praesidia
943 4206 1109 4264 latebrarum
1160 4219 1300 4281 perterre,
1314 4219 1339 4264 et
1353 4211 1665 4282 principesconoenrrunt
1680 4214 1708 4268 iu
1727 4230 1810 4268 unum
1833 4214 1962 4268 aduersu

312 4309 419 4366 netem,
432 4315 513 4370 quam
528 4314 558 4354 se
568 4299 717 4355 discrimini
727 4299 906 4354 certaminum
916 4314 1061 4370 exponere.
1070 4300 1109 4356 lta
1162 4303 1313 4369 Dominum,
1326 4313 1351 4358 et
1362 4304 1488 4357 aduersus
1501 4300 1634 4359 Christum
1646 4301 1720 4374 ejus(
1730 4301 1808 4359 Prot.
1817 4320 1839 4359 ιι
1849 4306 1870 4367 ι.
1885 4304 1962 4360 Scru-

315 4392 397 4446 etiam
409 4390 453 4446 ille
462 4389 618 4445 adolescens
627 4388 661 4443 de
673 4403 727 4457 qno
738 4387 844 4443 blancus
854 4387 948 4453 relert,
959 4391 1032 4459 quod
1042 4387 1111 4458 reje-
1160 4395 1210 4448 toti
1221 4403 1281 4448 runt
1296 4394 1471 4465 iniquitatem,
1483 4395 1634 4465 defecerunt
1657 4403 1805 4451 scrutanter
1823 4396 1961 4459 mrinio,

277 4511 279 4516 ·
317 4491 360 4538 cta
374 4481 487 4537 sindone
505 4480 593 4535 nudus
606 4478 756 4550 profugerit
771 4478 804 4532 ab
818 4479 919 4548 impiis,
947 4479 1055 4534 illorum
1083 4488 1111 4535 et
1161 4483 1263 4553 sagitte
1275 4481 1444 4553 poreutorunr
1468 4483 1546 4553 [octe
1560 4481 1621 4539 runt
1643 4483 1727 4555 plaga
1747 4501 1842 4539 eorum
1866 4483 1960 4552 (Prot.

227 4578 229 4583 '
317 4589 387 4645 opus
398 4572 520 4644 designat
533 4571 702 4636 ctanimum,
723 4570 768 4640 qui
795 4578 823 4624 ut
846 4570 997 4626 securiores
1017 4571 1052 4625 ab
1069 4572 1111 4627 in·
1161 4572 1254 4643 ιιιιι).
1266 4571 1339 4628 Deae
1351 4573 1433 4628 etiam
1444 4573 1571 4629 conuenit
1585 4588 1683 4629 nomen
1698 4574 1838 4645 paraliticis
1848 4577 1963 4632 actionis

317 4662 443 4718 cursibus
458 4661 574 4717 bostium
586 4660 663 4725 bant,
680 4659 809 4730 quidquid
820 4660 846 4714 in
858 4660 910 4715 boc
930 4661 1030 4716 mundo
1046 4676 1111 4732 pos·
1161 4680 1216 4720 sum
1230 4665 1394 4721 strenuitati.
1414 4665 1609 4738 interpretatur
1630 4666 1702 4722 enim
1726 4665 1844 4735 Goipiros
1859 4671 1964 4722 inarari-

320 4756 408 4812 sidcre
423 4755 547 4810 uidentur
560 4753 698 4824 abjiciunt,
714 4768 748 4808 ac
767 4752 860 4808 mundi
885 4753 975 4822 potius
995 4754 1109 4810 Domino
1161 4766 1248 4828 goror,
1266 4758 1309 4812 ucl
1322 4775 1415 4829 regen,
1430 4759 1486 4815 sinc
1499 4777 1603 4816 nomem
1622 4776 1676 4815 ore.
1707 4760 1796 4832 Sagax
1814 4763 1890 4817 eninr
1915 4763 1961 4818 latit

317 4848 442 4904 larnalari
461 4863 542 4918 qnam
561 4847 723 4903 adhaerendo
745 4847 838 4903 mucidi
857 4848 939 4902 rebus
965 4847 1109 4901 materiam
1163 4848 1197 4903 ad
1211 4849 1425 4920 prosequendam
1445 4850 1518 4905 etad
1533 4850 1693 4922 explendam
1717 4849 1774 4905 doli
1799 4852 1843 4907 sui
1869 4853 1964 4922 ncqni·

318 4938 438 4993 tentandi
449 4946 530 5007 atque
542 4953 558 4992 a
570 4938 625 4993 Dco
637 4936 781 4992 reuocandi
795 4937 967 5000 aduersariis,
982 4937 1047 4993 dare
1068 4937 1110 4992 di·
1163 4939 1237 5004 tiam,
1250 4939 1297 4994 sed
1312 4940 1454 5009 impudens
1467 4941 1501 4995 ad
1521 4938 1711 5011 proferendum
1737 4941 1913 4995 mendacium
1936 4948 1962 4995 ct

317 5026 452 5082 dicerunt.
465 5023 545 5080 Juxta
559 5025 709 5094 exemplum
721 5025 793 5079 beati
811 5023 920 5095 ioseph,
945 5026 992 5095 qni
1015 5026 1109 5084 relicto
1162 5030 1196 5086 ad
1211 5030 1356 5100 petendum
1367 5030 1552 5087 homicidium.

318 5116 348 5171 in
365 5114 490 5169 manibus
502 5114 631 5169 adultera
649 5114 740 5184 pallio,
767 5114 840 5170 laras
862 5114 982 5182 exsiluit,
1004 5116 1108 5175 malcus
1200 5122 1347 5177 Nouissime
1364 5134 1451 5178 autem
1465 5133 1588 5178 uenerunt
1604 5123 1656 5178 duo
1669 5122 1730 5193 [oiri
1744 5133 1833 5187 tester,
1848 5132 1874 5178 ct
1886 5125 1962 5177 dirr-

318 5208 375 5263 Deo
390 5205 476 5261 nardus
489 5221 570 5276 quarn
583 5205 691 5262 indutus
709 5206 899 5276 cupiditatibus
910 5208 1012 5275 mundi,
1024 5224 1111 5265 mere-
1163 5225 1244 5270 runt:
1259 5214 1309 5270 llic
1323 5216 1411 5271 dicit:
1426 5214 1538 5271 Possum
1554 5217 1686 5271 destruere
1711 5214 1839 5285 tempium
1867 5215 1918 5270 Dei
1938 5223 1962 5270 et

317 5300 380 5356 trici
395 5299 496 5354 seruire
509 5297 590 5370 (Gen.
606 5299 716 5371 ιιιιι).
1159 5316 1216 5378 port
1230 5306 1347 5361 triduum
1360 5306 1520 5376 reedificare
1533 5307 1610 5362 titud.
1625 5306 1766 5375 Quomodo
1793 5306 1856 5363 laist
1879 5317 1962 5362 testes

355 5387 455 5462 [till]
466 5389 499 5443 dt
510 5389 549 5445 iili
560 5399 673 5444 tenentes
686 5389 972 5458 iesunqduecrunted
982 5392 1109 5465 Goipirom
1129 5438 1132 5443 .
1161 5405 1234 5463 sunt,
1251 5399 1273 5453 si
1292 5414 1324 5453 ea
1337 5398 1430 5453 dicunt
1454 5414 1515 5468 cquae
1534 5399 1676 5454 Dominum
1696 5398 1800 5454 dixisse
1821 5398 1961 5469 legimus?

317 5483 460 5554 principem
474 5482 694 5537 sacerdotumuiri
717 5485 809 5538 scribe
832 5496 856 5539 ct
879 5487 993 5541 seniores
1019 5504 1110 5542 conee-
1162 5489 1215 5545 Sed
1227 5489 1309 5544 salsus
1323 5491 1401 5546 testis
1414 5498 1456 5545 cst
1466 5491 1511 5560 qui
1526 5506 1579 5546 non
1606 5492 1700 5546 crudem
1718 5506 1800 5546 scnsn
1826 5491 1900 5547 dicta
1921 5492 1961 5545 in-

318 5584 421 5630 nerunt.
434 5576 534 5631 Ductus
549 5585 592 5631 est
602 5585 692 5632 autern
706 5575 794 5643 iesus,
815 5587 844 5633 ut
856 5577 973 5635 loannes
993 5582 1110 5637 ostendit
1162 5580 1255 5651 telligit
1269 5597 1322 5650 quo
1333 5581 1467 5637 dicuntur.
1484 5582 1614 5637 Dominus
1626 5582 1698 5636 enirn
1716 5583 1821 5637 dixerat
1842 5583 1878 5637 de
1891 5592 1958 5637 tem·

319 5667 417 5738 (loon.
433 5667 534 5738 nutri),
555 5669 589 5724 ad
611 5668 718 5724 Annam
739 5670 865 5739 primurn,
889 5671 934 5742 qui
950 5681 1009 5726 crat
1031 5687 1110 5726 socer
1162 5672 1206 5743 plo
1222 5672 1343 5742 corporis
1356 5673 1407 5739 sui,
1420 5673 1467 5729 sed
1481 5682 1508 5727 et
1519 5673 1545 5727 in
1560 5672 1623 5742 ipsis
1635 5672 1725 5728 verbis
1746 5672 1960 5735 calumniantur,

320 5753 438 5825 Caiphae.
459 5756 561 5812 Deinde
575 5757 667 5814 Annas
681 5759 755 5814 misit
767 5774 829 5814 cum
853 5761 971 5815 uinctum
991 5761 1024 5816 ad
1048 5760 1110 5815 Cal·
1162 5771 1189 5816 ct
1200 5764 1293 5833 paucis
1305 5763 1404 5818 additis
1415 5763 1456 5818 vel
1470 5763 1582 5818 mutatis
1591 5763 1667 5832 quasi
1678 5763 1780 5831 justam
1792 5762 1959 5817 calumnians

321 5845 714 5917 pluam,qui,sicutpraedictus
726 5847 845 5905 ioannes
859 5851 1021 5921 euuangelista
1039 5851 1108 5906 scri·
1163 5862 1299 5909 accusant.
1334 5853 1459 5907 Salvator
1485 5854 1615 5909 riixcrnt:
1641 5851 1739 5906 Solvite
1758 5851 1885 5921 rorrrpiurn
1911 5852 1961 5904 boc

318 5935 370 6001 bit,
384 5946 444 5992 erat
455 5938 574 6008 pontifex
585 5941 648 5995 anni
660 5941 739 5997 illius.
756 5943 794 5998 Dc
812 5959 866 6012 qno
879 5955 1057 5999 consensuum
1070 5952 1109 5998 te-
1162 5945 1259 6015 (Joon.
1278 5944 1312 6016 ιι)
1327 5966 1332 6000 :
1347 5946 1392 6000 lsti
1404 5955 1571 6001 commutant
1581 5953 1609 6000 ct
1621 5945 1719 5999 aiunt:
1735 5943 1792 6014 Epo
1814 5943 1959 5996 dissoluont

320 6024 572 6105 statur-losepbus,
592 6032 663 6101 quod
679 6033 863 6100 pontilicutuut
881 6033 1033 6088 urriusunni
1047 6042 1107 6088 tan·
1162 6035 1285 6107 templum
1297 6040 1345 6091 troo
1357 6035 1547 6107 manufactum.
1565 6035 1629 6102 los,
1645 6035 1741 6104 iruprit,
1770 6031 1879 6098 soluite,
1905 6045 1960 6084 nun
