4509 6850
832 638 878 699 bt:
897 633 1068 699 tabblslls
1087 640 1116 695 S.
1137 636 1271 695 CRUClS.
1291 668 1325 679 -
1344 635 1410 692 litt
1427 635 1449 691 l.

919 775 1174 839 bsclsttsllo
1200 772 1369 836 sibillam.

349 1010 432 1066 llanc
445 1008 525 1080 igitur
539 1006 652 1076 iguram
666 1002 774 1071 plenam
797 1012 859 1053 esse
884 997 1014 1067 mysterio
1032 1010 1112 1065 opor·
1125 976 1150 1032 Α
1162 991 1249 1061 pium.
1263 989 1394 1046 Omnibus
1417 1003 1493 1061 aequa
1515 1006 1555 1056 es,
1577 994 1702 1049 omnihus
1721 993 1803 1063 bona,
1822 996 1948 1059 omuibus

307 1110 354 1158 m
370 1097 497 1168 intelligi,
513 1095 540 1149 in
563 1108 617 1165 qua
640 1106 689 1161 per
708 1096 825 1159 quatuor
847 1088 1015 1156 heptagonos
1038 1099 1109 1138 ιιιιι
1159 1080 1247 1150 justa,
1259 1081 1395 1149 praeterita
1419 1096 1540 1145 renovas,
1560 1084 1702 1153 prasentia
1716 1084 1844 1154 illustras,
1857 1086 1947 1146 lutura

311 1188 673 1249 nnmerusdemonstratur,
686 1180 832 1237 seeundum
844 1179 920 1249 cujus
930 1176 1109 1246 pluralitatem
1161 1179 1366 1239 praemonstras,
1379 1170 1484 1239 perdita
1503 1173 1628 1241 requiris,
1639 1177 1752 1243 quaesita
1775 1177 1889 1246 iuvenis,
1908 1181 1949 1236 in.

310 1282 443 1353 gentium
455 1278 559 1349 linguas
569 1274 670 1331 divisas
682 1286 743 1327 csse
753 1285 818 1324 vera
831 1268 922 1337 opinio
932 1274 1019 1331 est,et
1028 1267 1110 1321 libros
1160 1266 1242 1317 venta
1253 1260 1374 1316 custodis
1385 1301 1391 1321 ,
1402 1260 1479 1329 lapsa
1500 1264 1631 1328 restituis,
1646 1268 1767 1323 restituta
1792 1270 1875 1341 gradu
1889 1287 1949 1327 tun·

310 1371 467 1428 nnonicne
478 1366 583 1422 leteris
593 1379 625 1419 ac
635 1361 702 1417 Novi
713 1358 879 1414 Testamenti
891 1356 1026 1426 intraejus
1038 1370 1111 1409 sum·
1161 1351 1216 1416 nis,
1227 1353 1329 1406 munita
1341 1352 1368 1407 iu
1384 1352 1454 1406 viam
1469 1354 1545 1422 pacis
1557 1355 1661 1425 dirigis.
1682 1356 1721 1412 Tu
1734 1360 1842 1427 quidem
1855 1362 1949 1417 aeterni

312 1475 396 1515 mam
411 1455 619 1526 comprehensos
632 1466 693 1506 esse
712 1464 765 1503 nos
779 1448 889 1502 dubium
912 1455 962 1501 est.
979 1446 1112 1520 >llesigna-
1162 1442 1234 1513 regis
1256 1457 1286 1496 es
1314 1441 1438 1507 victoria,
1452 1451 1479 1497 et
1494 1442 1611 1500 coelestis
1628 1446 1732 1504 militim
1748 1449 1851 1516 laetitia,
1867 1453 1949 1507 terri-

311 1551 358 1605 vit
376 1554 509 1603 antemet
529 1544 587 1613 ipse
606 1541 754 1602 Dominus,
768 1537 889 1606 exceptis
911 1552 949 1590 ιιι
971 1533 1109 1604 apostolis,
1162 1544 1346 1603 genarumque
1360 1535 1489 1603 potentia,
1513 1545 1541 1589 tu
1563 1548 1736 1606 peccatorum
1759 1554 1789 1597 es
1813 1544 1947 1609 remissio,

313 1638 392 1697 alins
402 1650 475 1693 tun
485 1630 642 1703 discipulos,
653 1636 682 1685 et
694 1627 769 1684 misit
780 1625 840 1681 illos
849 1626 928 1681 binos
938 1632 1000 1679 ante
1013 1620 1111 1678 iaciem
1161 1616 1271 1692 pietatis
1284 1624 1424 1691 exhibitio,
1436 1634 1464 1680 ct
1485 1627 1643 1683 meritorum
1666 1634 1864 1701 augmentatio,
1877 1634 1951 1689 iubr-

313 1742 401 1784 nam
418 1723 447 1778 in
460 1735 567 1778 omnem
581 1719 671 1775 locum
692 1725 720 1772 et
738 1716 886 1779 ciuitatem,
902 1729 956 1785 quo
976 1721 1037 1767 erat
1054 1714 1111 1783 ipse
1162 1725 1268 1767 ntorum
1283 1714 1447 1780 remedium,
1463 1716 1644 1774 laborantium
1660 1722 1799 1788 auxilium,
1821 1733 1849 1779 et
1870 1725 1952 1780 lasso·

313 1822 465 1877 venturus,
487 1818 518 1865 ut
547 1822 678 1864 numerus
698 1806 900 1876 designatorum
919 1803 1112 1874 discipulomm
1162 1814 1223 1855 rum
1247 1802 1433 1874 refrigerium,
1451 1822 1578 1863 sanorum
1602 1811 1783 1879 incolumitas,
1798 1817 1950 1886 quietorum

316 1904 501 1964 concordaret
512 1897 678 1955 multitudini
691 1895 822 1965 gentium,
835 1903 863 1950 et
872 1894 997 1950 divisioni
1008 1893 1113 1963 lingua-
1162 1892 1306 1959 serenitas,
1320 1904 1347 1948 et
1361 1894 1556 1952 fortunatorum
1577 1899 1700 1957 felicitas.
1719 1902 1758 1958 Tu
1778 1920 1844 1960 cmx
1865 1921 1951 1977 {egro-

315 2012 394 2060 rum,
402 2001 639 2065 qnatenusomnes
650 1998 746 2061 gentes
756 1986 818 2043 ildei
831 1988 922 2042 lumen
932 1985 1111 2056 perciperent,
1163 1992 1206 2039 tos
1231 1984 1389 2051 medicans,
1412 1994 1440 2040 tu
1462 1989 1589 2057 gaudium
1611 2003 1721 2048 ntoestos
1745 1995 1906 2062 consolans,
1923 2008 1951 2054 tu

316 2096 346 2143 et
359 2086 457 2158 gratiae
477 2080 578 2139 Christi
593 2088 763 2136 mererentur
776 2093 837 2135 esse
855 2078 1010 2149 participes.
1034 2077 1112 2133 Sicut
1163 2077 1266 2132 sanitas
1293 2077 1416 2134 dolentes
1436 2080 1596 2145 laetilicans,
1621 2094 1650 2138 tu
1674 2093 1760 2141 status
1786 2089 1953 2145 credentium

316 2192 388 2249 ergo
399 2189 463 2230 ants
476 2172 553 2228 boris
564 2179 638 2227 totus
647 2170 722 2225 orbis
736 2170 874 2241 peragitur
889 2177 970 2239 atque
991 2167 1112 2224 illustra·
1162 2173 1247 2232 recte,
1262 2174 1291 2221 tu
1304 2166 1418 2224 drmitas
1428 2172 1597 2239 operantium
1609 2172 1686 2236 bene,
1702 2182 1730 2229 tu
1743 2176 1880 2233 beatitudo
1889 2192 1954 2248 per·

316 2276 376 2330 tnr,
391 2266 429 2320 ita
441 2263 600 2336 mysterium
619 2260 770 2316 illustrandi
784 2260 858 2315 orbis
870 2274 919 2328 per
938 2259 1112 2330 Evangelium
1164 2256 1345 2313 severantium
1360 2258 1420 2314 rite.
1434 2260 1549 2327 Sancta,
1563 2263 1623 2332 pia,
1636 2265 1717 2329 bona,
1729 2264 1813 2336 justa,
1826 2268 1951 2337 benigna,

317 2354 465 2413 Trinitatis
480 2354 509 2408 in
524 2368 598 2408 tuta
613 2349 752 2421 discipulis
775 2349 925 2404 intimatur.
940 2348 1020 2403 ilices
1041 2346 1152 2408 enimB
1167 2347 1345 2413 rationabilis,
1361 2348 1513 2419 laudabilis,
1526 2354 1703 2421 uenerabilis,
1718 2357 1849 2423 amabilis,
1864 2359 1953 2419 lortis.

317 2455 420 2518 quator
436 2444 509 2500 terni
530 2442 683 2515 septuagies
699 2440 852 2511 dipondius.
868 2438 922 2495 Sed
941 2440 998 2495 bsec
1019 2438 1113 2496 distri·
1166 2437 1267 2504 suaris,
1294 2441 1377 2506 mitis,
1402 2444 1520 2513 sapiens,
1541 2447 1664 2516 patiens,
1687 2458 1793 2517 potens.
1818 2450 1953 2523 Quidquid

316 2537 398 2593 butio
411 2542 474 2605 apte
496 2533 589 2604 ligure
613 2541 713 2587 sanctae
735 2530 823 2586 crucis
846 2529 1033 2600 mancipatur,
1049 2528 1113 2598 quia
1165 2540 1231 2598 ergo
1246 2528 1325 2600 digne
1337 2531 1420 2585 corde
1433 2533 1660 2604 deredemptione
1671 2548 1763 2591 nostru
1777 2547 1867 2608 potest
1878 2543 1954 2612 cogi·

317 2642 371 2701 per
401 2625 490 2697 ipsam
508 2630 739 2682 sacramentorum
766 2619 869 2676 Christi
884 2620 1113 2691 dispensationem
1167 2617 1231 2681 tari,
1241 2617 1284 2672 vel
1297 2619 1426 2690 quidquid
1441 2621 1530 2693 lingua
1545 2624 1596 2679 rite
1608 2624 1789 2696 loqui,omnia
1801 2630 1835 2685 ad
1848 2630 1954 2687 laudem

319 2716 485 2778 meothis
497 2713 675 2787 glorificatur,
692 2712 750 2783 ipsa
765 2712 792 2767 in
816 2719 934 2781 quatuor
956 2710 1115 2783 heptagonis
1166 2714 1240 2764 tuam
1264 2707 1453 2767 decentissime
1475 2722 1588 2781 possum
1610 2717 1696 2785 aptari
1714 2735 1721 2772 :
1737 2718 1800 2788 quia
1826 2720 1956 2792 quidquid

321 2809 393 2865 hane
404 2806 530 2879 mysterii
544 2805 677 2860 rationem
687 2809 764 2858 notat
776 2819 784 2855 z
797 2801 861 2871 quia
873 2800 932 2870 ipsa
945 2799 972 2854 in
986 2816 1012 2855 ιι
1027 2799 1115 2856 sancti
1166 2801 1195 2857 in
1209 2809 1235 2858 te
1248 2802 1518 2870 laudatur,crucilixo
1528 2807 1556 2863 in
1567 2817 1594 2865 te
1606 2807 1713 2868 Christo
1728 2813 1784 2882 regi
1799 2814 1952 2884 deputatur,

321 2895 463 2968 &angelii
485 2894 563 2950 libris
588 2893 678 2949 dirim
707 2890 870 2947 charismata
899 2904 949 2960 pet
975 2905 1002 2945 iv
1023 2890 1116 2962 plagas
1166 2892 1337 2961 etquidquid
1352 2892 1460 2950 Christo
1474 2897 1584 2954 honoris
1606 2899 1696 2965 datur,
1720 2903 1754 2956 acl
1776 2905 1956 2961 reverentiam

322 2993 397 3051 «his
424 2993 572 3064 dispensat,
597 2989 656 3061 ipsa
677 2989 705 3045 in
727 2997 843 3060 utroque
866 2988 985 3053 mamito,
1010 2988 1038 3043 id
1060 2997 1114 3054 est,
1167 2980 1365 3037 summiPatris
1379 2983 1506 3051 refertur,
1521 2985 1599 3056 cujus
1617 2989 1674 3058 ipse
1693 2991 1847 3062 unigenitus
1869 2993 1955 3049 Filius

323 3082 352 3140 in
381 3097 415 3138 eo
444 3081 489 3152 gui
518 3095 626 3137 suasim
651 3088 679 3136 et
704 3077 847 3149 incoqui
866 3084 1117 3132 transversumua-
1167 3069 1404 3144 eudemones
1419 3073 1567 3130 lleritasin
1586 3076 1730 3149 Evangelio
1749 3088 1886 3136 testatur:
1902 3081 1954 3149 Qui

324 3173 374 3239 ἤι’
389 3187 440 3245 pel·
464 3172 532 3229 duos
556 3172 722 3243 heptagonos
748 3170 836 3225 sexies
864 3169 1001 3225 senarium
1026 3174 1117 3225 osten-
1167 3176 1208 3215 nte
1222 3162 1661 3237 tect'pt'l,inqttit,recipilettmqtti
1675 3169 1955 3227 mentitt'lAEiiiema

325 3263 380 3328 fig,
398 3262 464 3334 quja
488 3276 596 3317 omnem
618 3258 811 3330 perfectionem
834 3273 884 3330 per
906 3274 936 3315 ω
957 3259 1036 3317 nobis
1053 3274 1117 3331 pro.
1170 3248 1223 3316 Qui
1236 3267 1278 3306 me
1291 3255 1401 3323 spernit,
1414 3256 1636 3329 sperniteumqui
1650 3260 1790 3325 meminit,
1804 3271 1828 3317 et
1841 3264 1886 3333 gui
1903 3278 1957 3320 nott

325 3353 418 3408 tenire
440 3350 500 3407 sire
529 3351 556 3405 in
577 3349 782 3421 longanimitate
798 3350 872 3420 spei,
887 3349 944 3405 sive
969 3350 998 3405 in
1019 3349 1116 3419 ampli·
1168 3341 1324 3412 bonodficut
1341 3342 1459 3413 Filium,
1472 3363 1524 3401 non
1538 3348 1695 3418 hoaoaificut
1708 3360 1732 3405 et
1755 3350 1872 3407 Patrem.
1893 3353 1943 3409 Otn

326 3441 583 3506 mdluechanmes,
593 3456 642 3496 sen
655 3440 682 3495 in
693 3440 895 3510 perseverantia
906 3439 984 3496 bonae
991 3439 1116 3505 aetionis,
1169 3435 1212 3490 nit
1222 3436 1322 3505 quippe
1336 3437 1380 3507 qui
1394 3447 1475 3509 negat
1485 3438 1593 3505 Filium,
1605 3456 1655 3496 nec
1667 3441 1774 3498 Patrem
1789 3445 1871 3501 habet
1886 3462 1893 3502 ι
1911 3446 1958 3517 quii

326 3544 373 3587 ten
382 3531 412 3586 in
423 3529 583 3585 celsitudine
590 3527 911 3598 contemplationis,satis
921 3528 1000 3583 nobis
1010 3529 1116 3585 annuit.
1169 3532 1260 3581 autem
1273 3525 1416 3582 condietur
1427 3527 1536 3595 Filium,
1549 3538 1578 3585 et
1599 3529 1707 3587 Patrem
1721 3533 1804 3589 habet
1818 3552 1825 3588 :
1843 3550 1958 3606 quopum

328 3621 385 3694 lpas
399 3623 428 3677 in
445 3629 504 3677 toto
521 3620 607 3677 octies
625 3619 800 3675 novenarium
819 3619 847 3674 in
864 3633 895 3675 se
910 3618 1117 3691 multiplicatum
1172 3614 1256 3670 simul
1274 3630 1335 3670 enm
1353 3626 1447 3673 sancto
1473 3618 1575 3689 Spiritu
1598 3636 1651 3674 una
1671 3629 1713 3676 est
1736 3623 1880 3692 tulujestas,
1902 3638 1958 3679 una

328 3713 574 3783 unimammas
587 3712 713 3768 omnibus
726 3712 851 3783 gentibus
872 3711 899 3766 in
917 3711 1057 3771 octenario
1070 3727 1119 3770 nn·
1133 3699 1156 3765 C
1171 3711 1300 3780 belselel,
1315 3706 1437 3766 honoret
1449 3708 1560 3768 elilim
1574 3710 1601 3766 in
1615 3712 1777 3784 lembilelltt
1792 3713 1898 3771 taet'tllt·
1911 3714 1960 3771 Est

330 3819 413 3872 uo,
426 3805 482 3862 hoe
495 3811 548 3871 est,
558 3817 705 3877 corporum
725 3802 925 3862 resurreetione
943 3808 978 3863 ad
990 3822 1121 3879 augmen-
1171 3815 1289 3869 nsmque
1301 3816 1396 3857 versus
1406 3802 1434 3857 in
1448 3812 1538 3858 erecta
1549 3804 1638 3859 crucis
1652 3813 1739 3874 parte,
1754 3805 1781 3860 id
1794 3813 1846 3872 est,
1856 3807 1884 3862 in
1895 3806 1961 3862 duo-

330 3903 385 3950 tnn
400 3910 499 3952 notem
518 3897 644 3952 ordinum
663 3897 831 3968 angelorum,
844 3897 945 3953 electos
961 3896 1010 3953 llei
1024 3913 1121 3969 perve-
1171 3889 1222 3945 bus
1236 3890 1395 3963 heptagonis
1416 3907 1432 3946 a
1454 3907 1561 3949 summo
1585 3895 1710 3950 deorsum
1731 3896 1909 3963 descendens,
1932 3910 1960 3955 et

331 3984 388 4040 nire
401 3985 622 4044 edooewvere
634 3987 744 4043 homes
758 4003 823 4044 vel-0
843 3997 937 4045 sancia
957 4004 1024 4044 crux
1043 3988 1121 4045 chri.
1171 3993 1221 4050 per
1234 3988 1417 4036 transversum
1432 3981 1645 4054 heptagonorum
1659 3984 1789 4057 legendus
1801 3987 1869 4043 hic:

332 4077 375 4143 ati,
391 4079 455 4148 quis
478 4086 506 4133 te
532 4080 586 4135 rite
609 4088 693 4135 totam
714 4096 844 4137 enarrare
864 4081 972 4152 potest?
999 4089 1046 4136 aut
1059 4082 1120 4151 quis

332 4166 464 4239 mndigne
482 4168 610 4226 laudare?
637 4185 698 4240 quae
720 4172 870 4229 scelestium
892 4187 1053 4229 arcanorum
1076 4173 1121 4242 pia

333 4272 362 4312 ω
374 4259 528 4324 melam,
541 4277 601 4332 Μ
614 4263 804 4333 mysteriorum
814 4263 864 4320 Dei
878 4278 954 4320 mm
968 4279 998 4319 es
1011 4278 1121 4320 comer·
1173 4231 1249 4290 Alter
1261 4235 1288 4288 in
1300 4244 1456 4293 transversa
1474 4236 1532 4307 ejus
1540 4248 1618 4310 parte
1633 4240 1661 4296 in
1677 4238 1781 4295 duobus
1801 4240 1960 4311 heptagonis

333 4350 794 4423 mtrix,quequesacraneutornm
804 4355 906 4411 Christi
918 4355 1014 4412 idonea
1026 4370 1057 4411 es
1067 4356 1122 4411 dis-
1173 4330 1402 4399 fflmbwhensus,
1421 4340 1448 4388 et
1465 4332 1589 4389 siuilliter
1599 4347 1648 4404 per
1668 4340 1852 4389 transversum
1866 4346 1960 4390 eorum

335 4440 481 4506 bematis.
496 4441 526 4496 ln
548 4444 675 4516 teangeli
692 4445 855 4515 gaudiosus
872 4447 1043 4505 accumulata
1056 4462 1118 4503 con
1175 4417 1303 4491 mm
1321 4421 1397 4476 i⁸i0²

335 4526 459 4596 spinum,
475 4530 502 4585 in
515 4539 541 4587 te
552 4531 676 4590 homines
684 4532 746 4602 jura
760 4535 856 4592 salutis
870 4550 926 4593 suae
941 4546 1120 4609 cognoscunt,
1268 4528 1362 4583 (lentes
1373 4536 1399 4585 et
1410 4530 1500 4598 lingue
1510 4535 1633 4587 sociamur
1645 4535 1718 4586 laude
1733 4540 1835 4588 saontn

337 4613 362 4671 in
373 4624 400 4671 te
414 4615 495 4675 inieri
508 4617 611 4689 insum
625 4623 830 4681 retributionem
844 4623 948 4682 fraudis
964 4641 1020 4683 sua
1034 4623 1122 4696 perci-

1264 4111 1292 4162 ln
1303 4124 1377 4163 cruos
1388 4113 1429 4164 lex
1440 4113 1536 4165 bomini
1548 4115 1676 4167 decoratur
1690 4116 1747 4168 luce
1758 4128 1866 4169 corusca.

1040 4808 1269 4834 ..αὐ-,ΙΙ-
