4509 6850
306 631 376 692 1095
625 624 656 681 n.
674 622 802 681 unutltl
819 620 929 679 lthtll
948 617 1105 676 innume.
1126 612 1282 674 uocullr.
1299 609 1445 669 OPERUM
1462 605 1590 664 nullst.
1873 603 1944 661 tute

304 755 390 810 earet
402 741 504 818 (urm.)
522 740 575 797 Per
592 752 703 810 mam
722 737 820 808 quippe
836 736 864 791 io
884 733 1035 791 exteriores
1051 747 1096 788 ea-
1110 734 1137 794 Α
1149 727 1284 787 sententia
1299 724 1360 780 run
1374 722 1493 779 hominis
1508 721 1638 820 uniuersus
1660 717 1813 819 irari-etieos,
1829 719 1877 787 qni
1893 720 1947 778 lin
2015 794 2025 814 ·

304 839 360 902 del,
376 834 423 906 qui
442 848 493 905 ller
506 831 612 901 eulpam
635 843 684 885 sua
707 836 803 899 sponte
816 826 844 882 in
864 825 1008 881 interiores
1026 832 1098 879 tene»
1148 818 1252 873 tainum
1264 823 1387 870 nostrum
1401 809 1492 866 lesum
1503 809 1651 873 clnrstnrn,
1664 823 1690 863 rn
1702 816 1843 876 assumpta
1859 806 1947 864 iorum

305 933 369 985 bras
386 926 494 983 reduit.
515 924 571 980 lilio
582 930 694 980 condus
708 921 811 992 patitur
824 919 951 976 tenebras
974 916 1097 981 moenis,
1148 908 1221 966 semi
1244 910 1344 977 negant
1360 916 1480 967 manere,
1494 916 1544 971 pro
1560 916 1593 955 eo
1614 900 1686 970 qttod
1710 902 1748 954 ait
1775 900 1947 971 Apostolus:

303 1018 351 1090 qui
366 1017 410 1073 nic
423 1018 538 1073 libenter
550 1014 679 1070 sustinuit
697 1013 825 1068 tenebras
850 1008 1005 1079 voluptatis.
1027 1004 1098 1075 Quid
1148 997 1209 1053 urit
1222 1012 1379 1053 noueremus
1390 991 1523 1049 consini
1535 992 1678 1047 seeundum
1690 992 1949 1056 eermm,reansse

303 1112 340 1167 sit
352 1118 442 1165 autern
456 1106 545 1173 fletus,
571 1115 599 1160 et
613 1104 713 1160 stridor
725 1102 857 1165 dentium,
873 1113 954 1169 snpra
969 1096 1097 1153 diximus.
1144 1090 1204 1164 jam
1226 1106 1279 1145 nort
1298 1088 1426 1144 norimus.
1450 1085 1483 1140 Et
1505 1085 1551 1141 ulti
1566 1093 1609 1141 est
1622 1084 1697 1152 illud,
1710 1085 1784 1156 quod
1798 1099 1833 1141 eo
1849 1100 1950 1141 ascea-

304 1201 453 1258 Scieudum
466 1213 532 1253 uero
550 1196 678 1266 estquod
698 1193 787 1248 nullus
800 1192 879 1262 piger
891 1189 925 1244 ab
938 1189 990 1243 hae
1004 1186 1099 1243 talenti
1149 1182 1229 1238 dente
1254 1178 1383 1251 apostolis
1405 1177 1548 1249 protestati
1565 1183 1629 1232 sunt
1652 1176 1740 1249 angeli
1765 1195 1773 1230 ε
1794 1176 1842 1234 Sic
1868 1180 1950 1233 renim

303 1292 462 1363 acceptione
483 1303 594 1345 securus
609 1294 659 1342 esu
676 1284 771 1339 Nullus
785 1294 902 1351 namque
912 1278 1008 1348 estqui
1023 1291 1100 1333 rera-
1149 1269 1368 1344 quemadmodum
1381 1267 1481 1323 uidistis
1496 1284 1556 1323 euro
1568 1276 1670 1323 earnem
1682 1269 1710 1322 in
1720 1268 1816 1323 eoelsnt
1832 1268 1904 1341 (Λα.
1917 1271 1949 1341 ι).

303 1386 374 1442 citer
387 1384 460 1438 dieat
475 1399 481 1435 :
496 1380 638 1435 Talentum
652 1374 764 1432 minime
777 1371 881 1442 accepi,
895 1385 950 1425 noo
966 1377 1009 1425 est
1028 1368 1099 1424 unde
1150 1361 1250 1433 Etipse
1262 1361 1294 1417 de
1309 1376 1339 1416 se
1358 1361 1410 1416 hoe
1423 1358 1451 1416 in
1464 1358 1523 1415 loco
1542 1358 1599 1414 ait:
1616 1356 1684 1415 Gom
1694 1360 1788 1415 tenerit
1803 1359 1892 1416 Filias
1903 1362 1951 1415 lte-

305 1488 407 1544 ponere
420 1471 538 1525 rationes
552 1483 643 1539 cogar.
658 1463 763 1520 Talenti
779 1462 852 1517 enirn
867 1460 977 1516 nomine
987 1456 1101 1528 quilibet
1150 1453 1228 1508 minis
1250 1452 1278 1506 itt
1295 1451 1432 1522 modulate
1444 1466 1505 1507 wa·
1523 1449 1596 1505 idem
1617 1451 1690 1506 enim
1712 1450 1799 1507 Filius
1817 1451 1867 1507 Dei
1880 1451 1951 1507 iiiios

304 1562 510 1635 paoperietiam
521 1560 575 1614 troo
587 1561 674 1629 ipsum
691 1551 871 1625 reputabitur,
884 1549 1006 1619 selpuod
1020 1548 1100 1604 mini·
1149 1543 1276 1608 hominis,
1292 1552 1319 1598 et
1341 1542 1412 1598 lilius
1437 1541 1556 1598 hominis
1574 1540 1660 1598 Filius
1683 1543 1743 1608 liei,
1759 1542 1835 1597 aliud
1849 1558 1949 1599 secun-

307 1666 382 1705 mum
397 1649 505 1718 ancipit.
528 1645 605 1701 Alius
630 1656 746 1713 namque
761 1639 865 1711 aceepit
884 1637 1099 1708 intelligentiam,
1149 1636 1215 1693 dum
1228 1635 1434 1702 humanitatem,
1447 1634 1521 1690 aliud
1531 1635 1681 1701 seeundum
1693 1634 1879 1700 divinitatem,
1896 1652 1950 1691 nnn

306 1739 507 1812 praedicationis
530 1735 712 1791 ministerium
733 1732 867 1789 (lebetes
892 1730 1010 1795 talento;
1032 1728 1101 1783 alius
1152 1735 1244 1784 tamen
1258 1726 1337 1793 alius,
1362 1724 1410 1783 sed
1430 1740 1501 1781 unus
1514 1725 1641 1796 idemque
1662 1726 1689 1782 in
1713 1734 1835 1796 utraque
1854 1737 1951 1783 natura

308 1841 444 1887 terrenam
463 1827 567 1898 aceepit
595 1823 783 1887 substantiam,
800 1819 984 1893 erogationem
1007 1817 1101 1875 talenti
1151 1818 1420 1891 verus,etproprius
1435 1817 1521 1875 Filius
1530 1817 1590 1875 uei.
1603 1817 1801 1876 Unusornniuo
1815 1835 1872 1875 non
1886 1835 1951 1876 eon·

307 1922 431 1975 debetex
444 1919 538 1982 reltns;
554 1916 622 1971 alius
644 1930 694 1971 nec
705 1913 873 1969 internorum
885 1910 1101 1981 intelligentiam,
1153 1907 1259 1966 lusione
1282 1908 1450 1976 substantia,
1472 1907 1521 1966 sed
1538 1908 1644 1965 unitate
1659 1923 1795 1980 persona,
1816 1924 1870 1965 nee
1883 1924 1951 1965 con·

307 2027 359 2067 nec
378 2026 471 2066 rerum
494 2006 657 2063 affluentiam
680 2004 792 2075 -neeipit,
816 2004 865 2059 sed
890 2011 981 2057 nonen
1007 2000 1102 2057 didicit
1153 2000 1280 2059 versione
1299 1999 1451 2056 diuinitatis
1472 1999 1501 2055 in
1515 2014 1610 2066 mnne,
1631 2000 1679 2055 sed
1692 2000 1881 2071 assumptione
1900 2000 1952 2055 lm-

307 2112 396 2158 artem
413 2116 466 2171 qua
480 2100 610 2169 pascitur,
627 2099 683 2167 ipsa
698 2112 743 2152 ars
755 2097 779 2152 ei
796 2097 823 2150 in
839 2094 932 2151 talenti
944 2094 1292 2165 aceeptiooeBmanitatis
1316 2094 1343 2149 in
1363 2093 1429 2149 oen.
1454 2090 1622 2165 Maiestatem
1646 2090 1706 2162 ejus
1736 2092 1810 2149 hand
1840 2093 1951 2149 women

308 2192 496 2264 reputabitur,
509 2189 577 2243 alins
589 2188 656 2242 nillil
667 2188 764 2240 luorum
776 2191 981 2249 assecutnsest,
998 2184 1045 2240 sed
1059 2193 1101 2239 ta-
1153 2184 1219 2257 puin
1233 2183 1402 2241 divmitmem
1421 2180 1481 2253 ejus
1499 2181 1650 2253 intelligere
1663 2182 1806 2249 debemus,
1832 2199 1894 2255 qua
1909 2185 1953 2241 in·

309 2302 372 2341 men
393 2282 508 2338 ior-nasse
527 2278 719 2334 tanrilinritatis
733 2276 821 2334 locum
836 2275 906 2346 apud
917 2275 1029 2332 divitem
1043 2290 1102 2332 rne-
1153 2275 1295 2334 visibiliter
1314 2291 1381 2352 ‘eum
1396 2274 1478 2330 Patre
1492 2284 1520 2330 et
1542 2273 1645 2345 Spiritu
1668 2282 1775 2341 sancto,
1791 2285 1953 2347 peccatores

309 2377 374 2439 ruit,
391 2374 520 2429 talentum
528 2370 652 2443 proiecto
665 2368 857 2424 familiaritatis
868 2367 988 2429 ascend:
1004 2369 1027 2425 si
1038 2383 1104 2443 ergo
1150 2366 1285 2439 judicabit
1296 2375 1325 2422 et
1346 2365 1453 2438 impios.
1468 2362 1527 2421 Non
1551 2365 1689 2421 tamenab
1703 2365 1795 2437 inpiis
1808 2374 1838 2423 et
1854 2381 1951 2438 peom-

307 2465 376 2522 niltil
391 2464 415 2520 ei
426 2480 477 2534 pro
491 2462 675 2532 indigentibus
684 2458 819 2531 loquitur,
836 2473 888 2530 pro
904 2458 998 2515 talenti
1011 2467 1103 2515 reten-
1154 2459 1259 2515 toribus
1281 2473 1399 2528 unquam
1414 2457 1472 2513 risa
1491 2463 1544 2523 est,
1559 2469 1648 2527 neque
1667 2471 1789 2527 unquam
1805 2456 1951 2521 uidebitur.

308 2560 384 2615 tione
411 2554 593 2611 damnabitur.
612 2550 722 2608 liabens
742 2566 807 2623 ergo
832 2549 1008 2619 intellectum,
1026 2558 1105 2607 euret
1153 2554 1268 2630 (Mnus.)
1285 2553 1352 2611 Cusn
1366 2553 1481 2620 uenerit,
1496 2550 1594 2623 inquit,
1613 2549 1699 2609 Filius
1719 2550 1878 2608 hnmirdsin
1893 2568 1953 2607 ma.

308 2648 420 2702 oronioo
432 2661 465 2700 ne
480 2650 587 2708 taceat;
603 2643 707 2698 habens
719 2656 809 2697 rerum
823 2638 996 2707 affluentiam,
1012 2639 1105 2711 vigilet
1150 2646 1250 2717 jestate
1262 2659 1329 2714 sua;
1345 2644 1416 2700 idem
1427 2657 1535 2715 quoque
1549 2641 1635 2698 riuus
1648 2639 1698 2698 Dei
1717 2643 1764 2712 qui
1777 2650 1808 2698 et
1819 2642 1891 2698 silius
1905 2643 1955 2700 lto·

309 2752 345 2791 ne
363 2732 583 2790 amiserieordiae
596 2730 721 2803 largitate
735 2738 887 2799 torpescam
902 2727 1006 2784 habens
1017 2738 1103 2785 artem
1155 2736 1235 2792 minis
1257 2741 1324 2791 tune
1337 2734 1427 2791 renim
1448 2733 1479 2789 in
1500 2732 1643 2805 maiestate
1659 2747 1710 2789 sua
1729 2741 1760 2788 ut
1771 2731 1892 2803 judicet,
1907 2732 1954 2804 qui

309 2840 364 2897 qna
378 2823 490 2895 regitur,
508 2836 673 2893 magnopere
683 2821 800 2884 studeat,
813 2828 843 2876 ut
857 2836 935 2876 usurn
951 2829 1032 2891 atque
1050 2821 1104 2878 uti·
1154 2822 1310 2879 antevenit
1335 2820 1530 2879 inhumililate
1544 2835 1594 2879 ana
1619 2829 1649 2877 ut
1666 2821 1848 2893 judicaretur.
1873 2821 1954 2880 rone

310 2917 416 2972 litatem
433 2914 504 2970 tilius
529 2930 591 2970 cnm
610 2914 736 2985 proximo
763 2913 913 2984 partiatum
935 2912 1041 2970 habens
1064 2912 1105 2971 lo-
1154 2913 1246 2969 reniet
1260 2910 1399 2969 districtus
1417 2918 1446 2967 et
1467 2926 1589 2979 severus,
1615 2910 1739 2984 quiante
1755 2912 1954 2984 renitpuietm

310 3003 412 3076 quendi
426 3003 516 3058 locum
539 3002 611 3073 apud
635 3002 755 3068 diritem,
771 3002 970 3060 damnationem
990 3018 1040 3074 pro
1058 3017 1103 3060 re-
1154 3015 1189 3057 ae
1201 3011 1369 3057 mansuetus.
1388 2999 1565 3058 luneveniet
1579 3014 1628 3057 rex
1640 3009 1671 3056 ut
1689 3002 1782 3073 erigat
1792 3002 1952 3073 pecuniam,

310 3103 387 3151 teoto
398 3093 500 3150 talento
514 3094 616 3157 timeat,
630 3093 653 3150 si
668 3110 721 3150 non
735 3094 855 3164 quotidie
865 3109 927 3150 eum
938 3094 1018 3161 valet,
1033 3092 1105 3165 apud
1155 3107 1217 3149 orm
1229 3108 1324 3160 usura,
1342 3107 1423 3164 qnam
1437 3101 1502 3149 ante
1514 3093 1601 3150 servis
1610 3102 1764 3164 spontanee
1776 3095 1893 3151 conmlit
1904 3110 1954 3168 pes

308 3202 375 3244 eum
390 3202 441 3257 pro
457 3185 625 3258 paoperibus
647 3185 807 3242 intercedat.
825 3186 946 3242 'lantum
961 3184 1105 3258 quippeab
1154 3182 1281 3257 matiam.
1298 3180 1345 3239 ille
1367 3182 1461 3254 utique
1472 3182 1506 3240 de
1519 3198 1573 3254 quo
1584 3182 1772 3255 scriptumest
1793 3201 1802 3238 ι
1828 3184 1953 3242 artene

309 3276 960 3350 uooquoquenostrnmtenturusludesexiget,
974 3288 1105 3349 quantum
1153 3276 1312 3348 est,stpsis
1326 3276 1550 3348 eopnoseeteuml
1571 3274 1634 3332 Non
1649 3275 1775 3332 elemoiit
1790 3294 1875 3350 nepte
1901 3295 1954 3333 os·

310 3366 396 3421 dedit.
411 3366 521 3440 litargo
535 3366 568 3421 lle
582 3365 675 3422 talenti
691 3368 731 3423 sui
746 3367 896 3425 rationibus
909 3368 1039 3427 redeunte
1051 3369 1106 3428 lio·
1156 3368 1210 3426 diet
1229 3366 1325 3442 olienis
1346 3384 1432 3426 ensem
1449 3366 1517 3440 ejas.
1541 3366 1705 3425 Amulium
1727 3378 1882 3442 pneumam
1900 3387 1954 3429 sos

311 3457 387 3513 mino
403 3458 519 3529 quisque
529 3472 643 3514 securus
654 3459 699 3526 sit,
715 3474 776 3516 eum
800 3468 917 3518 tremore
930 3470 1025 3531 penset
1037 3476 1104 3533 quo-
1117 3447 1141 3514 C
1155 3467 1316 3528 aamercort
1328 3457 1556 3531 linumsnmipens
1570 3475 1621 3514 noa
1631 3461 1777 3532 eastinpeet
1789 3460 1858 3535 (lae.
1874 3462 1953 3534 sur).

310 3547 378 3603 tidie
392 3547 456 3617 qnid
467 3548 581 3618 aceepit.
592 3548 665 3605 Eece
674 3551 731 3623 jam
739 3549 817 3621 juxta
832 3560 886 3622 est,
898 3562 928 3609 ut
941 3553 985 3611 ille
997 3554 1044 3626 nni
1055 3570 1105 3627 pe·
1157 3553 1193 3610 Et
1204 3554 1273 3609 siem
1292 3569 1376 3624 opttus
1391 3569 1480 3609 euram
1496 3552 1619 3610 tondente
1631 3570 1660 3609 se
1680 3554 1738 3611 sime
1753 3571 1827 3622 eece,
1837 3555 1877 3610 sie
1901 3572 1954 3611 sos

311 3651 391 3708 regre
415 3635 553 3707 proiectus
576 3647 618 3693 est
639 3639 754 3696 redeat:
771 3644 849 3713 quasi
872 3644 986 3717 peregre
1007 3645 1107 3718 quippe
1156 3645 1260 3719 operuit
1281 3661 1310 3700 os
1326 3660 1402 3699 soom
1419 3642 1488 3717 (lae.
1509 3643 1580 3717 ιιιι).
1596 3644 1656 3715 lpse
1670 3645 1839 3702 tonereniet
1857 3664 1865 3701 :
1883 3645 1955 3701 nen

311 3726 391 3791 abiit,
403 3726 493 3796 quide
506 3725 641 3783 baeterra
656 3728 682 3784 in
697 3745 749 3800 qrra
763 3742 842 3788 iratus
852 3743 894 3789 est
904 3734 1039 3801 discessit,
1058 3736 1107 3794 sed
1157 3734 1324 3806 manifestus,
1338 3733 1408 3788 lieris
1428 3742 1525 3798 moster,
1539 3744 1563 3788 et
1575 3750 1627 3790 non
1640 3734 1737 3790 silebit.
1759 3734 1835 3806 lprtis
1848 3737 1878 3791 ia
1891 3754 1955 3792 eos-

310 3812 436 3886 proiecto
460 3814 615 3882 revertitur,
633 3825 663 3872 ut
682 3818 716 3874 do
731 3819 840 3877 talentis
864 3822 984 3878 rationes
1001 3832 1104 3895 portat:
1157 3834 1246 3898 speetu
1258 3825 1316 3896 ejus
1329 3824 1441 3892 ardebit,
1462 3834 1485 3879 et
1500 3825 1529 3878 irt
1541 3825 1653 3880 circuito
1663 3825 1720 3897 ejus
1736 3835 1877 3897 tempestus
1893 3827 1957 3882 eeli-

310 3904 377 3976 quia
393 3905 416 3961 si
445 3905 546 3962 abone
564 3906 670 3963 actione
691 3917 875 3981 torpescemus
887 3913 920 3968 de
945 3914 1011 3984 ipsis
1027 3915 1106 3974 dotris
1157 3916 1203 3973 de.
1217 3915 1359 3971 Adeoenbit
1372 3915 1465 3971 celem
1485 3932 1601 3983 sarsum,
1614 3926 1638 3970 et
1649 3926 1759 3984 terrem,
1771 3926 1801 3971 ut
1822 3917 1957 3974 discerne

309 4013 373 4069 qua
395 3997 520 4066 eontulit,
537 4014 589 4056 nos
607 4001 747 4060 districtus
761 4003 875 4075 judicat.
898 4005 1108 4068 Consideremus
1156 4009 1282 4084 populum
1297 4027 1384 4065 snum.
1399 4009 1779 4082 uenteertmteerneeptnem
1793 4027 1810 4065 e
1821 4009 1957 4079 Jeciello

310 4104 376 4161 ergo
389 4106 450 4160 qua
466 4090 622 4162 accepimus
642 4102 724 4164 atque
740 4095 769 4150 io
784 4109 877 4153 eorum
895 4100 1052 4170 erogatione
1064 4103 1106 4157 ri·
1158 4101 1234 4169 mini,
1249 4119 1266 4156 e
1275 4100 1345 4172 {nem
1360 4099 1468 4156 Domini
1486 4100 1663 4157 contremiscet
1683 4101 1769 4156 omnir
1784 4110 1856 4156 terro
1868 4098 1958 4172 [Psoi.

310 4184 436 4256 pilemus.
463 4184 540 4240 Nulla
567 4201 651 4242 noan
677 4188 794 4259 spiritali
817 4205 900 4262 opere
915 4201 1022 4251 terrena
1040 4210 1108 4252 eura
1143 4193 1244 4266 nrt).
1271 4191 1367 4248 Omnes
1388 4191 1487 4264 inquit,
1515 4191 1717 4265 sepeliremus
1743 4190 1960 4263 crisenonis

311 4276 453 4347 impediat,
476 4291 510 4332 ne
527 4277 550 4333 si
572 4277 601 4332 in
618 4287 691 4334 terra
707 4279 837 4336 talentum
857 4284 1042 4354 absconditur,
1066 4295 1108 4344 ra.
1159 4289 1224 4339 tone
1235 4282 1258 4339 si
1273 4283 1373 4354 quod·
1376 4320 1958 4339 .............

310 4363 377 4420 lenti
393 4365 523 4421 ltonrinm
542 4366 576 4421 ad
594 4367 761 4424 iracundiam
774 4382 946 4440 provnoetnr.
959 4373 1042 4447 Piger
1067 4385 1109 4435 nr.
1160 4410 1169 4428 .
1206 4411 1215 4427 .
1259 4411 1269 4428 .
1304 4411 1314 4428 .
1357 4411 1365 4426 .
1403 4411 1411 4428 .
1450 4411 1458 4428 .
1496 4411 1505 4428 .
1549 4412 1557 4427 .
1596 4411 1604 4428 .
1649 4412 1658 4427 .
1695 4411 1705 4428 .
1751 4412 1759 4428 .
1800 4413 1808 4427 .
1852 4412 1862 4427 .
1904 4411 1912 4427 .
1948 4410 1960 4429 .

310 4456 384 4510 enim
400 4471 496 4512 seruus
510 4473 572 4512 cunt
583 4456 640 4528 jam
657 4457 743 4515 ludex
761 4461 853 4532 culpas
871 4464 1010 4522 examinat
1022 4466 1109 4527 talen·
1160 4509 1169 4525 .
1207 4508 1216 4526 .
1260 4507 1269 4524 .
1308 4507 1317 4524 .
1360 4505 1369 4522 .
1409 4506 1417 4522 .
1456 4508 1465 4523 .
1502 4507 1511 4521 .
1551 4508 1558 4523 .
1597 4507 1604 4522 .
1697 4507 1705 4522 .
1749 4505 1757 4522 .
1797 4507 1807 4524 .
1851 4509 1860 4523 .
1949 4508 1957 4524 .

310 4554 370 4602 tum
384 4547 418 4649 de
433 4558 505 4602 terra
520 4547 602 4605 levat.
621 4547 690 4618 Quia
702 4561 765 4607 sunt
774 4552 898 4627 plerique
911 4556 958 4629 qui
971 4566 1035 4614 tuno
1045 4574 1075 4616 se
1089 4574 1108 4618 s
1157 4598 1217 4641 m,
1227 4599 1236 4648 3
1246 4583 1305 4655 (μή,
1316 4579 1525 4647 „muman
1539 4590 1565 4637 a
1576 4597 1624 4652 ⁶4⁰
1636 4598 1689 4637 no„
1700 4597 1774 4648 ms,
1789 4582 1834 4638 hp,
1843 4585 1959 4641 01„an

311 4645 430 4693 terrenis
448 4638 575 4708 operibus
596 4638 767 4708 subtrahunt,
788 4644 897 4714 qtrando
908 4642 965 4715 jam
980 4661 1029 4717 per
1048 4647 1109 4705 ani·
1156 4690 1231 4733 ,em
1244 4674 1397 4731 dilectionis
1422 4673 1550 4731 observ„
1562 4673 1636 4744 jum,
1658 4683 1687 4731 e,
1704 4677 1742 4732 ob
1758 4676 1814 4732 hoc
1832 4677 1959 4734 cmm

311 4728 527 4783 ntadrersionem
549 4727 651 4787 iudicis
672 4732 707 4788 ad
719 4741 851 4789 aeternnm
866 4735 1028 4808 supplicium
1051 4749 1108 4797 tra·
1160 4775 1331 4840 promeretur
1353 4768 1474 4840 pm·
1491 4766 1548 4824 ΗΜ
1572 4767 1643 4823 enim
1669 4769 1789 4825 mmm
1810 4771 1959 4826 mum

311 4818 423 4873 lrnmur.
438 4820 508 4876 Ante
524 4837 590 4893 ergo
608 4822 642 4878 de
655 4822 748 4880 talenti
761 4827 847 4882 nostri
863 4830 987 4899 ponenda
1000 4832 1107 4892 ratione
1119 4804 1147 4867 Ῑ)
1159 4859 1219 4916 haec
1243 4858 1327 4915 ,aba
1341 4858 1461 4923 pomini,
1481 4858 1555 4928 quod
1579 4858 1695 4930 mim
1707 4859 1865 4916 diminuis
1890 4876 1958 4931 W,

311 4907 743 5018 vigilemusmrteumJnm'ludex
761 4913 794 4969 ad
808 4915 957 4973 leniendum
972 4920 1104 4990 imminet,
1159 4955 1238 5019 cepta
1252 4955 1403 5014 gemme„
1417 4947 1453 5004 ,d
1470 4962 1601 5004 mmmm
1625 4949 1786 5018 perveniunt
1809 4951 1956 5022 sempiter-

311 4998 419 5054 lucion
442 5016 492 5056 nos
514 5004 585 5072 quod
604 5003 717 5061 ieermus
739 5017 860 5064 excuset.
875 5008 942 5068 Post
964 5015 1106 5083 parabolas
1158 5053 1232 5094 mm,

309 5098 404 5147 sutem
425 5090 544 5162 prolatas
567 5093 602 5150 de
624 5095 678 5150 fine
702 5097 804 5164 mundi,
822 5100 944 5171 sequitur
976 5104 1106 5165 Dominus

312 5184 424 5239 niodum
439 5183 523 5240 fleturi
546 5184 640 5255 judicii
658 5190 818 5260 exponendo
834 5199 863 5248 et
875 5192 940 5249 dicit
953 5213 961 5249 ε
1195 5188 1267 5244 Tarte
1278 5189 1467 5260 respondebam
1478 5191 1502 5245 ei
1505 5191 1575 5262 jotti
1584 5191 1697 5248 dieentes
1709 5209 1721 5247 .·
1734 5192 1855 5259 Dnmrme,
1872 5213 1956 5267 pans-

346 5276 414 5352 llll]
426 5277 491 5333 Com
502 5290 589 5334 notem
600 5283 696 5336 uenerit
707 5279 795 5338 Filius
806 5284 918 5341 dominis
931 5287 959 5340 irs
969 5288 1108 5359 majestate
1156 5281 1191 5336 ‘1⁰
1210 5291 1234 5336 ²⁸
1253 5280 1366 5336 ”filimi
1385 5281 1551 5349 mmmm·
1575 5293 1600 5338 ³²
1622 5285 1758 5354 dammi
1775 5286 1918 5353 Suffenum,
1930 5296 1954 5341 ὅ

310 5389 372 5438 suo,
385 5382 409 5427 et
421 5389 508 5428 enimes
520 5371 606 5444 enpeii
618 5390 677 5428 eam
688 5391 728 5442 eo,
739 5384 802 5431 lonc
819 5377 917 5433 sedebit
929 5396 1007 5449 seper
1018 5381 1106 5437 sedem
1156 5376 1277 5432 dedimus
1289 5375 1336 5430 tibi
1347 5384 1455 5446 potum,·
1470 5376 1576 5448 quondo
1596 5387 1684 5432 autem
1698 5387 1723 5432 te
1737 5379 1851 5434 uidimus
1862 5381 1954 5451 hospi·

311 5464 457 5532 maiestatis
477 5481 542 5520 sooe.
569 5463 708 5538 (Hieron.)
720 5467 791 5538 Ergo
805 5471 928 5539 proxime
949 5471 1054 5528 Pascha
1065 5472 1105 5529 la·
1158 5480 1219 5537 tem,
1239 5478 1263 5525 et
1277 5469 1426 5541 collepimrts
1446 5479 1486 5537 te,·
1507 5480 1552 5525 ent
1576 5471 1687 5536 andreae,
1703 5481 1728 5526 et
1745 5471 1899 5542 operuimus
1911 5484 1954 5538 te,·

308 5563 415 5620 currus,
431 5564 459 5611 et
479 5555 626 5612 tradendus
641 5560 725 5623 eruet,
736 5567 764 5614 et
774 5559 925 5618 illudendus
934 5562 969 5618 ab
986 5562 1105 5619 homini·
1144 5571 1205 5620 ,ent
1215 5560 1321 5633 quondo
1333 5569 1357 5614 le
1367 5560 1478 5616 vidimus
1488 5561 1633 5629 infirmnm,
1648 5570 1694 5615 nat
1706 5562 1734 5616 in
1747 5578 1863 5629 cereere,
1875 5572 1900 5618 et
1915 5580 1956 5618 re·

309 5645 371 5712 ltus,
379 5656 406 5702 et
414 5658 531 5704 aeetoae
540 5646 600 5704 telle
607 5650 751 5721 potandus,
760 5661 834 5708 recte
842 5653 982 5723 praemittit
992 5654 1107 5726 gloriam
1160 5652 1246 5706 mmns
1258 5650 1293 5705 ed
1302 5651 1348 5706 tel
1360 5649 1425 5707 liaeo
1437 5658 1526 5706 autem
1536 5649 1630 5705 dieunt
1641 5649 1723 5706 rerba
1734 5652 1806 5722 quod
1819 5667 1873 5707 non
1886 5652 1954 5707 didi

310 5739 514 5809 tnrrmplmntis,
524 5748 553 5795 et
561 5750 686 5797 seeutura
696 5742 1108 5816 scandalapollieitationispras-
1161 5742 1227 5797 dant
1239 5741 1327 5798 verbis
1340 5742 1516 5809 neminisse
1529 5741 1587 5798 sive
1598 5751 1738 5814 stupentes
1748 5751 1776 5800 et
1786 5744 1955 5802 admirantes

309 5829 365 5883 ntio
377 5839 575 5900 compensaret.
590 5831 623 5886 lit
640 5832 918 5903 notandumquodqui
928 5834 956 5889 in
969 5833 1111 5905 majestate
1159 5849 1209 5906 pro
1225 5834 1410 5908 magnitudine
1424 5842 1452 5890 et
1465 5834 1553 5907 gloria
1574 5834 1727 5906 maiestatis
1748 5837 1822 5910 regis
1839 5835 1952 5900 Christi.

309 5920 462 5975 oerrrendus
475 5928 526 5987 est,
546 5919 631 5978 Filius
645 5921 764 5978 hominis
786 5922 831 5979 sit.
847 5920 962 5994 (Hilnr.)
986 5923 1109 5981 Notanda
1159 5924 1215 5980 sire
1233 5925 1304 5994 qood
1329 5941 1441 5997 parrum
1469 5934 1533 5981 tunc
1558 5926 1598 5981 eis
1616 5925 1723 5984 ridetur
1745 5943 1828 5984 omne
1852 5927 1954 5984 buum

345 6040 361 6069 ⁸
373 6027 425 6087 liis
445 6031 521 6088 deest
534 6030 645 6103 aliquid,
664 6035 736 6106 quod
746 6035 782 6092 oi)
792 6034 907 6092 rnilitum
916 6035 1050 6094 sevitiam
1063 6036 1233 6110 deperditum
1242 6047 1293 6094 est
1308 6037 1413 6094 Eutron
1426 6036 1610 6094 Gotontrttsrs·
