4509 6850
561 653 738 711 conusnr.
757 654 790 711 m
809 656 1028 716 narrari-rou.
1050 695 1083 704 -
1104 664 1167 720 ιιιι.
1188 667 1230 721 ιιι.
1664 643 1739 730 ιιι

215 780 352 837 maraine
372 766 521 820 factasunt
543 766 570 820 in
590 767 853 839 meahabcampote
882 774 1105 840 Aterpretantur
1143 776 1170 829 in
1205 777 1304 830 mundo
1340 777 1556 845 persecutionem
1595 779 1718 838 hilclibus

215 873 260 913 are
272 871 338 928 ergo
349 856 572 926 dubitas,pusillo
588 858 667 913 fidei?
681 859 731 927 Qui
742 859 867 929 pusillum
919 862 1069 918 excierntes
1083 884 1088 917 :
1103 866 1140 919 ito
1153 876 1180 918 ut
1197 867 1316 921 ironicule
1335 868 1481 937 operiretur
1494 869 1629 938 fluctibns,
1655 875 1718 942 orda

215 951 328 1026 guitum
347 959 375 1004 et
395 950 442 1020 qui
461 950 527 1004 nibil
544 952 647 1018 credit,
671 953 868 1019 contemnitur;
921 951 973 1007 hoe
987 952 1144 1009 desiderant
1159 957 1278 1024 Spiritus
1293 958 1437 1024 immundi,
1456 961 1508 1015 hoo
1522 962 1645 1017 homines
1666 965 1718 1019 ini-

215 1040 306 1107 nflde
319 1040 513 1111 corripiuntur,
529 1050 558 1096 et
571 1041 651 1097 alieni
663 1044 774 1099 omnino
789 1059 805 1097 a
818 1043 870 1099 lide
920 1042 977 1111 qui,
993 1050 1024 1096 ot
1039 1042 1172 1110 Ecclesia,
1188 1044 1315 1115 gravibus
1328 1048 1465 1115 pressuris
1479 1058 1623 1119 superata,
1645 1068 1718 1107 mer-

215 1152 244 1191 e:
263 1132 332 1190 tales
345 1132 454 1187 hrerunt
468 1130 555 1188 ludaei
567 1144 595 1189 et
615 1136 733 1205 pagani,
755 1135 870 1205 ideoque
921 1141 1010 1201 gatnr.
1034 1131 1088 1188 Sed
1111 1132 1174 1189 licet
1193 1132 1273 1189 lesus
1287 1116 1417 1191 auxilinm
1431 1139 1464 1192 ad
1486 1148 1591 1210 tempos
1614 1143 1719 1197 subtra-

216 1225 458 1288 uisevanuernnt;
473 1223 635 1279 talesetiam
649 1223 780 1289 barachei,
799 1225 870 1280 idco
920 1226 1010 1280 hendo
1035 1227 1157 1282 dormire
1181 1227 1318 1293 rideatur,
1342 1231 1469 1300 precibus
1492 1241 1582 1286 tamen
1599 1233 1719 1290 honestis

215 1314 331 1385 eiudieii
345 1315 554 1370 damnabuntur.
568 1314 812 1386 Rectearguontnr
823 1317 869 1388 qui
920 1320 1069 1374 suscitatur
1097 1328 1125 1375 et
1146 1320 1327 1389 malignorum
1356 1322 1498 1392 spirituum
1533 1324 1717 1380 incitationem

216 1405 327 1464 Christo
340 1406 482 1470 timebant,
496 1422 558 1460 eum
571 1406 665 1476 utique
676 1408 723 1477 qui
739 1408 764 1462 ci
780 1408 870 1462 adbae-
921 1410 1080 1480 compescit,
1097 1417 1125 1465 et
1140 1419 1345 1481 persecutorum
1362 1413 1449 1466 minas
1470 1414 1613 1469 mitescere
1632 1413 1713 1479 lacit,

215 1499 254 1556 ire
276 1514 330 1556 non
352 1500 446 1569 possit.
475 1498 524 1554 Coi
545 1499 634 1554 simile
656 1500 786 1570 estquod
807 1509 870 1570 post
920 1501 958 1555 ita
974 1511 1003 1556 nt
1024 1502 1071 1557 hat
1085 1504 1267 1575 tranquillitas
1282 1520 1399 1576 magna,
1422 1521 1490 1575 paee
1513 1507 1641 1562 Ecclesiae
1664 1523 1721 1563 suae

215 1608 313 1648 imnum
337 1591 476 1661 discipulis
494 1607 628 1661 apparens
641 1592 805 1662 exprobrarit
826 1593 869 1646 in·
921 1591 1043 1659 reddita,
1066 1604 1203 1664 quatenos
1217 1611 1347 1666 prospero
1359 1611 1440 1651 eursu
1453 1596 1534 1652 hante
1550 1613 1615 1651 aura
1634 1598 1719 1669 Spiri-

215 1699 252 1739 ιιι
270 1681 376 1737 lliornrn
391 1694 414 1735 et
433 1682 558 1734 ductitium
583 1682 669 1737 cordia
679 1683 759 1753 ,hoio
770 1683 810 1737 bis
824 1683 870 1753 qni
921 1689 964 1735 tos
986 1683 1083 1748 saneti,
1096 1683 1130 1738 od
1142 1692 1261 1754 optatum
1274 1693 1382 1740 aeternae
1394 1686 1493 1755 qrrietis
1506 1696 1614 1756 portum
1634 1689 1719 1757 possit

215 1789 275 1828 cunr
291 1774 485 1837 resarseriaac,
504 1789 555 1826 non
579 1773 745 1827 crediderant
771 1772 868 1845 (liure.
921 1787 1016 1828 secura
1039 1775 1194 1844 pervenire.
1217 1775 1309 1847 (lino.)
1335 1775 1497 1846 Theologice
1518 1784 1608 1831 autern
1622 1784 1649 1829 ct
1669 1794 1718 1830 rros

216 1877 277 1933 ique
292 1862 361 1917 dixit
376 1863 409 1917 ad
428 1876 496 1917 eos:
512 1861 534 1915 0
552 1861 644 1927 stulti,
663 1873 686 1916 et
708 1863 779 1916 tardi
792 1865 870 1918 corde
921 1867 1019 1937 singuli
1042 1866 1177 1923 catholica
1198 1866 1251 1922 lide
1268 1868 1410 1933 instructi,
1434 1876 1462 1922 et
1477 1867 1555 1939 signo
1571 1867 1719 1921 bortrinioe

216 1951 280 2006 dum
295 1952 322 2005 in
337 1952 455 2005 onrnilrns
471 1968 529 2022 qne
548 1951 627 2004 locuti
647 1963 707 2005 aunt
727 1954 867 2023 prophete.
921 1960 1010 2015 crocis
1022 1960 1130 2028 imbuti,
1146 1960 1210 2015 durn
1226 1960 1354 2015 soeculum
1366 1960 1519 2030 relinquere
1533 1961 1717 2031 disponimus,

215 2060 240 2099 rc
261 2045 375 2117 oportuit
389 2046 444 2114 poti
457 2042 608 2106 Christano,
622 2054 646 2097 et
662 2046 700 2097 ito
722 2045 822 2099 intrare
842 2046 869 2100 in
922 2066 1018 2106 narem
1030 2049 1152 2120 profecto
1165 2065 1225 2105 eom
1240 2049 1305 2105 lesu
1314 2051 1532 2116 conscendimus,
1543 2064 1617 2104 mare
1630 2059 1719 2106 trans-

215 2138 296 2192 rnrrn?
311 2136 386 2207 (buc.
406 2136 493 2208 xxiv.)
516 2138 556 2193 lle
579 2136 665 2207 siper
684 2139 869 2207 metaphoram
885 2125 908 2183 Β
922 2142 963 2198 ire
991 2157 1132 2197 conamur.
1155 2140 1208 2196 Sed
1222 2141 1266 2212 qni
1281 2156 1333 2193 non
1348 2140 1499 2193 dormitabit
1521 2156 1603 2210 aequae
1622 2140 1718 2194 obdor-

215 2231 316 2295 licoret,
333 2228 426 2285 Nonne
439 2230 559 2300 oportuit
579 2228 717 2285 Christum
728 2231 869 2299 soporari,
921 2235 981 2288 miet
1008 2231 1094 2287 lsrael
1116 2231 1265 2287 costodiens
1289 2228 1378 2303 (Paul.
1402 2228 1466 2302 css)
1492 2245 1616 2301 semper,
1641 2230 1720 2286 nobis

215 2338 274 2379 rem
288 2322 315 2377 io
329 2338 380 2393 (ιιι
397 2322 556 2391 quiescebat
571 2322 634 2378 ltine
658 2322 722 2384 inde
736 2322 870 2377 vementi·
921 2336 1012 2383 tamen
1027 2343 1098 2398 saepe
1114 2324 1305 2397 navigantibus
1316 2323 1393 2393 quasi
1406 2323 1478 2377 inter
1491 2322 1609 2394 aequoris
1624 2322 1718 2376 tremi-

215 2414 361 2481 a,sedatis
385 2413 524 2484 externplo
544 2413 655 2469 tumidis
669 2413 805 2484 gurgitum
819 2429 870 2468 cu·
921 2426 964 2472 tus
996 2415 1150 2481 obdormit,
1177 2414 1286 2484 quando
1307 2414 1499 2468 crebrescente
1520 2412 1593 2467 inter
1614 2412 1719 2468 medios

215 2505 334 2563 vinitatis
345 2522 401 2562 suar
415 2505 522 2562 cunctis
534 2503 690 2576 patefacere
704 2503 871 2574 potentiam?
921 2508 1051 2563 rirtotom
1066 2508 1143 2564 nisos
1155 2506 1197 2560 uel
1216 2506 1415 2575 immundorum
1434 2505 1589 2574 spirituum,
1604 2504 1647 2560 rel
1672 2505 1720 2559 ho-

215 2596 872 2671 trgeneinrperaoitueritisetnroriaetsoctaesttron·
920 2600 1024 2654 asinum
1036 2613 1193 2670 pravorum,
1213 2596 1256 2651 rel
1277 2596 1335 2665 ipso
1355 2604 1510 2652 nostrarum
1523 2596 1718 2667 cogitationum

216 2688 871 2762 ragnawrig.)llernagnoqnoquerentocttcm·
921 2689 1039 2759 impetu,
1063 2688 1126 2744 hdei
1141 2687 1268 2757 splendor
1279 2675 1489 2748 obtenebrescit,
1515 2688 1572 2757 spei
1586 2687 1718 2744 celsitudo

215 2795 299 2852 ossttft,
317 2779 385 2835 wall
400 2778 560 2836 00ss1¹¹rbssl⁰
574 2786 602 2833 el
614 2777 737 2841 tumenti,
750 2775 871 2830 saclaesi
921 2778 1100 2844 contabescit,
1114 2779 1216 2834 amoris
1230 2776 1339 2833 damma
1353 2777 1513 2849 refrigescit.
1531 2778 1628 2834 l'erurn
1647 2779 1718 2835 inter

215 2873 371 2944 enquillitas.
383 2873 546 2929 becetenim
559 2873 764 2942 lnrnenragnum
774 2886 871 2942 magna
920 2870 1107 2940 hujuscemodi
1117 2868 1252 2940 procellas
1265 2871 1297 2923 ad
1310 2867 1385 2922 illum
1401 2883 1513 2924 neeesse
1526 2877 1569 2924 est
1583 2870 1718 2939 guberna·

216 2966 339 3033 alacere,
349 2967 722 3037 ideoquepanloanteinagna
733 2965 871 3020 accinctus
921 2972 1008 3020 torem
1029 2977 1193 3028 curramus,
1213 2961 1292 3018 illum
1306 2960 1400 3016 sedulo
1415 2960 1579 3027 excitemus,
1592 2962 1640 3032 qui
1664 2976 1717 3016 non

216 3058 358 3132 magnifice
369 3056 716 3127 conturbavitprofundum
728 3056 821 3111 maris.
837 3054 871 3109 Et
921 3054 1021 3109 seruiat
1034 3052 1081 3108 sed
1095 3041 1209 3122 imperet
1232 3051 1338 3116 remis,
1355 3065 1417 3105 mox
1438 3059 1614 3121 tempestates
1643 3067 1718 3105 coui-

215 3150 301 3215 rm,io
313 3166 346 3206 eo
357 3150 631 3220 ipsonstondenssnae
643 3147 870 3219 nragnihcentiam
920 3152 1028 3213 poscet,
1049 3142 1175 3198 refundet
1185 3141 1420 3212 tranquillitatem,
1435 3148 1544 3212 portum
1565 3141 1659 3197 salotis
1674 3142 1717 3197 in·-

215 3258 230 3306 r,
238 3242 462 3312 tranquillitatem
472 3257 595 3313 nagnam
603 3242 677 3297 lecit.
686 3240 792 3311 (decla.)
801 3239 872 3295 l'en·
921 3236 1050 3306 dulgebit.
1059 3234 1347 3307 (Redolddmiremur
1359 3243 1387 3290 et
1397 3249 1456 3301 nos,
1470 3235 1579 3305 quando
1590 3234 1717 3303 benigni·

215 3345 239 3386 te
249 3332 532 3401 snrgensinercparit.
543 3330 871 3398 Qiriaresnrrectionece-
921 3338 991 3387 tates
1004 3339 1032 3385 et
1051 3326 1253 3384 benevolentias
1273 3327 1393 3383 ostendit
1405 3327 1478 3382 cirea
1492 3342 1558 3393 nos,
1573 3326 1681 3397 quando
1700 3344 1717 3383 a

216 3420 300 3479 iaboli
313 3422 467 3491 superbiam
482 3420 593 3486 strarit,
612 3421 677 3478 dum
692 3436 741 3490 per
755 3431 871 3476 mortem
922 3421 1050 3495 periculis
1062 3437 1113 3479 nos
1124 3420 1230 3478 salvare
1241 3421 1378 3492 dignatur,
1393 3419 1502 3492 quando
1512 3419 1546 3476 de
1559 3419 1718 3476 tumultibus

228 3527 292 3568 enm
311 3513 356 3581 qui
371 3513 486 3569 habehat
506 3513 601 3567 mortis
622 3513 773 3582 imperium.
791 3511 870 3567 Tem·
924 3528 973 3570 nos
990 3511 1098 3579 liberat,
1112 3512 1221 3583 quando
1234 3510 1268 3566 ab
1283 3511 1402 3566 inimicis
1416 3511 1488 3566 eruit
1505 3525 1572 3576 nos,
1586 3510 1717 3568 miremur

224 3619 332 3675 quoquae
346 3620 422 3673 aqna
445 3618 559 3675 surgens
573 3618 682 3659 cessare
708 3602 787 3667 lecit,
809 3603 872 3672 qrria
923 3615 951 3660 et
963 3605 1094 3659 mirantes
1105 3602 1208 3674 gratias
1218 3618 1340 3674 agamrts.
1357 3602 1500 3673 Sequitur:

218 3691 373 3749 tuuaeinum
388 3691 507 3757 rabiem,
532 3708 608 3761 qrrar,
632 3700 712 3762 caput
726 3692 869 3762 quatiens,
958 3695 1064 3750 Etcum
1078 3693 1187 3749 uenisset
1202 3704 1275 3748 trans
1288 3694 1400 3763 fretum,
1414 3695 1441 3748 irr
1462 3694 1592 3764 cepionem
1607 3691 1718 3750 Germe·

215 3792 262 3839 at:
285 3783 314 3840 Si
335 3782 422 3837 l'iiins
440 3782 487 3835 Dei
511 3794 564 3847 eat,
580 3783 719 3836 descendat
745 3799 813 3837 nuere
839 3783 871 3837 do
922 3803 1026 3842 nonem.
1054 3783 1124 3859 [Vl]
1148 3785 1250 3841 Gerasa
1275 3784 1339 3841 urbs
1362 3784 1477 3857 insignis
1498 3784 1625 3852 Arabiae,
1642 3794 1717 3840 trans

215 3875 369 3931 fefellimus
390 3877 414 3931 ei
439 3875 547 3947 (llutth.
565 3872 662 3946 ulit),
691 3874 724 3929 de
746 3875 870 3944 sepulcro
920 3878 1194 3950 Jorrlanem,joneta
1208 3880 1292 3936 monti
1306 3879 1421 3946 Galaad,
1434 3894 1514 3949 quem
1529 3879 1616 3934 tenuit
1631 3879 1718 3934 tribus

236 3964 371 4022 lahel'ecit.
402 3966 452 4021 Ubi
474 3964 551 4034 julla
579 3964 695 4019 litteram
720 3965 870 4038 ,ιιθῑιιιιιῑιιιι
920 3973 1074 4037 llanasscs,
1090 3987 1145 4027 non
1170 3971 1248 4042 longe
1262 3986 1278 4024 a
1293 3979 1390 4041 stagno
1410 3967 1580 4047 Tiberiadis,
1604 3970 1630 4023 in
1646 3969 1718 4039 quod

219 4070 267 4115 ues
286 4068 420 4114 oreatune
445 4056 746 4112 sentiantCreatmcm.
767 4056 870 4123 Quibus
920 4068 995 4138 porci
1020 4066 1182 4136 praectphari
1207 4071 1281 4118 sunt.
1306 4062 1449 4132 signifieat
1474 4068 1565 4116 autem
1591 4061 1717 4115 nationes

215 4149 523 4220 walllleillllpltllallll,
536 4149 657 4203 sentiunt
671 4149 868 4219 itttpemhicrh:
920 4159 1058 4230 genuum,
1082 4170 1151 4227 quas
1164 4163 1226 4224 post
1246 4152 1381 4223 passionis
1395 4165 1519 4206 somnum
1537 4151 1715 4206 pesum-estio.

215 4236 453 4303 chaeronensem,
468 4241 513 4309 (ptri
528 4239 619 4294 onrnia
634 4246 731 4307 potant
744 4239 869 4293 animan·
920 4249 1016 4317 nisque
1029 4261 1085 4300 suae
1098 4245 1223 4316 gloriam,
1238 4241 1330 4297 missis
1342 4238 1576 4309 predicatoribus
1592 4237 1717 4294 Salvator

228 4326 370 4398 majestate
384 4331 541 4392 conditoris,
557 4347 617 4400 ane
630 4330 699 4400 trprnd
716 4343 766 4384 nos
778 4330 870 4387 insen·
920 4347 962 4394 esc
976 4338 1086 4392 visitare
1099 4335 1236 4406 dignatus.
1249 4331 1327 4388 Unde
1340 4331 1408 4386 bene
1420 4329 1522 4386 Gerasa
1534 4330 1577 4385 rel
1591 4330 1715 4402 Gergesi,

215 4425 229 4481 li
244 4427 383 4483 sensibilia
400 4437 473 4482 snio.
835 4421 844 4436 “
920 4439 949 4486 ut
965 4429 1074 4499 quidam
1087 4426 1190 4490 volunt,
1206 4425 1326 4480 colonum
1344 4424 1460 4493 ejiciens,
1481 4422 1525 4479 rel
1539 4421 1638 4476 adrem
1651 4438 1715 4493 pro-

215 4516 326 4573 ionrinea
337 4519 427 4571 mirati
441 4527 513 4583 aurit,
526 4518 640 4571 direntes
653 4533 661 4570 :
676 4515 816 4582 eroliaeat
828 4517 869 4571 hie
919 4526 1049 4595 pinqnona
1070 4521 1265 4590 interpretatur
1290 4538 1296 4574 :
1324 4518 1466 4582 videlicet,
1491 4518 1631 4574 insinuans
1651 4518 1715 4588 quia

215 4613 255 4668 iet
268 4629 341 4666 more
356 4613 478 4667 obediunt
495 4613 538 4667 ei?
554 4611 690 4684 (llieron.)
705 4611 764 4666 Non
790 4612 870 4667 disci·
919 4614 1040 4684 gentium
1054 4611 1169 4683 populus
1184 4617 1212 4665 et
1224 4624 1286 4666 eum
1302 4625 1317 4663 a
1338 4623 1392 4681 quo
1406 4609 1531 4678 nequiter
1548 4608 1717 4665 incolebatur

224 4712 330 4766 naute,
347 4714 376 4757 et
389 4705 481 4758 caeteri
504 4704 549 4773 (poi
564 4705 591 4757 iu
615 4703 675 4756 navi
688 4711 767 4758 erant
787 4703 870 4757 mira·
920 4706 1026 4760 hostem
1048 4703 1105 4759 suis
1120 4702 1154 4759 de
1168 4701 1296 4758 cordibus
1310 4698 1430 4769 ejecerit,
1444 4707 1471 4754 et
1486 4699 1532 4768 qrri
1545 4708 1605 4754 erat
1625 4700 1714 4770 longe,

215 4792 249 4847 lin
262 4801 353 4848 antem
367 4794 428 4863 ‹pds
446 4792 617 4848 contentiose
633 4791 746 4847 veluerit
761 4806 807 4847 eos
821 4791 867 4862 qui
881 4831 908 4889 D
921 4795 1009 4850 iactas
1021 4794 1056 4848 sit
1068 4807 1151 4864 prope
1164 4793 1191 4847 in
1209 4791 1339 4862 sanguino
1354 4790 1464 4845 Christi.

215 4904 245 4943 ur
257 4886 342 4943 luisse
356 4889 519 4958 discipulos,
545 4889 766 4959 respondebimus
792 4896 866 4943 reete
957 4884 1135 4940 decurrerunt
1146 4886 1170 4940 ei
1183 4884 1235 4939 deo
1247 4882 1369 4938 laedentes
1382 4883 1522 4938 ducenario.
1536 4882 1627 4956 (day.)
1639 4883 1715 4951 Quod

215 4979 367 5050 appellatos,
378 4980 441 5050 ‹pnia
449 4980 565 5035 necdum
577 4979 725 5050 potentiam
737 4980 867 5032 noverint
920 4992 985 5033 nero
998 4975 1140 5031 llattbaeus
1154 4976 1222 5031 duos
1236 4976 1301 5032 dicit
1318 4970 1333 5029 a
1348 4975 1500 5032 daemonum
1516 4976 1620 5045 legione
1633 4993 1714 5032 cura-

215 5084 236 5124 s.
252 5068 420 5124 llirahantur
442 5071 573 5134 dieentes,
587 5069 680 5137 Qualis
694 5077 736 5123 est
749 5070 797 5123 iste
819 5070 866 5138 qui
921 5076 977 5133 tos,
993 5066 1100 5122 llarcus
1120 5075 1211 5122 autem
1233 5074 1261 5121 et
1283 5067 1371 5122 Lucas
1384 5083 1467 5122 unum
1482 5077 1712 5132 commemorant,

215 5161 363 5227 ovidetor,
375 5169 402 5217 ct
415 5162 485 5217 sicut
497 5161 569 5216 ileos
579 5160 727 5230 potentiam
737 5159 864 5224 ostendit;
921 5159 1055 5231 intelligas
1069 5173 1154 5214 uuum
1173 5175 1268 5214 eorum
1284 5159 1366 5216 luisse
1387 5176 1511 5230 personae
1526 5161 1639 5230 alicujus
1660 5162 1715 5216 cla·

216 5266 230 5308 tt
243 5252 391 5307 oerrralium
407 5262 518 5322 protatur
532 5267 609 5316 esso,
631 5258 659 5306 ct
680 5251 866 5321 superomnia
920 5253 1001 5308 rioris
1014 5259 1043 5307 et
1062 5250 1232 5316 famosioris,
1255 5266 1335 5319 quem
1359 5252 1432 5320 regio
1447 5251 1492 5304 illa
1507 5253 1626 5307 masinae
1639 5252 1714 5307 dole-

215 5343 324 5416 rslepdit
345 5344 480 5397 mirabilia
503 5343 626 5398 :dormit
638 5342 708 5397 sicut
728 5342 825 5407 horno,
838 5350 867 5397 et
921 5343 978 5409 bat,
998 5353 1025 5399 et
1040 5360 1089 5415 pro
1106 5342 1184 5414 cujus
1206 5341 1293 5398 salute
1313 5341 1460 5410 plurimum
1481 5343 1630 5412 satagebat.
1657 5341 1714 5397 lloc

215 5434 272 5490 nari
283 5442 312 5489 et
323 5436 410 5490 verutis
419 5437 489 5492 sicut
501 5435 588 5499 beus;
602 5435 629 5488 in
641 5433 765 5489 uaricula
778 5433 863 5497 sedet,
920 5434 1042 5490 volentes
1056 5433 1209 5506 significare
1223 5433 1276 5489 duo
1290 5429 1476 5502 evangelistae,
1493 5429 1580 5484 solum
1594 5444 1713 5485 comine-

215 5540 233 5581 u
262 5534 415 5581 mouturam
439 5525 562 5595 jussione
590 5524 703 5579 inclinat
725 5523 771 5579 urbi
788 5522 867 5577 rult‘l
919 5523 1081 5580 morandum
1094 5522 1305 5592 judicaverunt,
1330 5521 1362 5578 de
1384 5533 1437 5591 quo
1457 5518 1522 5574 lacti
1539 5518 1618 5587 hujus
1640 5517 1711 5572 lama

215 5624 220 5678 ι
244 5613 315 5670 Sunt
339 5616 384 5684 qui
407 5616 477 5670 hane
498 5614 650 5669 narienlam
684 5629 765 5682 quam
786 5610 866 5668 lesus
919 5612 1000 5668 latius
1013 5612 1223 5684 praeclariusque
1235 5611 1403 5684 flagraverat.
1420 5607 1526 5680 (bedu.)
1539 5606 1593 5663 Sed
1604 5616 1632 5662 et
1644 5607 1711 5662 alle-

216 5705 287 5776 pulis
299 5707 356 5761 sois
367 5707 535 5771 conscendit,
551 5705 695 5776 allegorice
705 5713 865 5774 praesentem
919 5705 1002 5777 goriae
1016 5720 1121 5760 summa
1138 5705 1286 5760 coneordat
1302 5724 1307 5758 :
1326 5705 1390 5776 quia
1406 5704 1476 5758 sicut
1489 5716 1559 5755 unns
1573 5716 1589 5754 a
1614 5701 1715 5755 ‹berrao-

216 5812 225 5852 r
246 5797 394 5868 significari
416 5798 523 5862 rolrrnt,
549 5797 575 5851 in
590 5812 643 5867 qiua
666 5794 790 5851 Salvator
803 5810 865 5850 euru
918 5795 964 5849 nio
978 5808 1129 5863 possessus,
1150 5794 1190 5850 sie
1203 5804 1231 5849 ct
1248 5796 1301 5850 duo
1313 5793 1421 5866 gentilis
1434 5792 1525 5863 populi
1545 5800 1637 5863 typum
1659 5805 1712 5845 non

237 5888 294 5944 suls
320 5904 395 5944 mare
420 5890 498 5943 istius
521 5889 612 5942 saeculi
638 5888 754 5943 transire
781 5888 864 5958 eupit.
919 5885 1142 5941 inconvenienter
1154 5885 1318 5954 exprimunt.
1335 5883 1402 5938 Nam
1416 5898 1478 5938 curn
1493 5893 1549 5938 tres
1563 5880 1633 5936 sdios
1656 5879 1711 5934 Noe

216 5995 307 6037 ¹orare
320 5989 508 6051 tempestatem
524 5980 665 6047 iacientes,
681 5980 816 6036 daemones
826 5980 867 6034 in·
918 5978 1108 6051 generaverit,
1131 5977 1212 6031 unius
1236 5977 1322 6034 solnm
1337 5975 1441 6032 familia
1462 5975 1490 6030 in
1513 5973 1713 6044 possessionem

216 6105 247 6152 nt
258 6095 369 6168 quidam
384 6112 449 6156 mss.
465 6095 600 6153 sensibilia
619 6112 696 6164 eaae;
711 6094 756 6153 alii
773 6094 952 6166 econtrario,
967 6093 1129 6151 insensibilia
1139 6109 1204 6150 ease.
