4509 6850
259 675 264 684 ,
340 605 389 663 tttt
672 615 705 673 tt.
724 614 853 675 habhht
873 619 981 676 ttatht
1000 623 1159 682 nitentes.
1179 628 1332 686 sitierint.
1353 634 1494 695 brittuli
1514 636 1604 693 PARS
1623 636 1643 692 l.
1914 645 1968 705 ¹53

338 724 405 777 Nam
427 724 499 779 bunc
513 726 657 796 scriptura.
678 727 713 783 Et
731 745 780 786 cro
799 729 916 787 altorum
934 734 1051 790 culmine
1065 736 1126 793 ilie-
1140 743 1165 801 Α
1179 740 1380 807 summipotens
1394 759 1499 815 auctor,
1512 751 1558 820 qui
1572 758 1692 807 continet
1705 756 1796 810 omnia
1813 766 1913 814 rector.

1007 825 1090 897 [sum
1178 829 1319 901 Adonem
1345 837 1461 892 mundus
1484 841 1618 909 pertinet,
1642 850 1733 911 astra,
1756 861 1789 902 ac
1811 858 1925 917 pontus,
1941 860 1972 909 ει

338 898 370 953 lit
380 901 483 971 probo:
500 904 571 972 quod
581 920 640 972 rex,
655 916 698 962 ast
711 907 803 965 tudaea
815 911 923 967 inventa
939 915 1070 971 malorum
1083 927 1125 973 εει
1823 939 1931 1012 [aether.

335 994 401 1063 tiriae
411 998 509 1052 occidit
523 1014 623 1071 regem,
636 1001 659 1056 is
674 1003 752 1058 rirar
767 1012 856 1060 tamen
872 1016 951 1077 atquc
966 1018 1090 1078 patenter
1176 1012 1355 1086 Nostramque
1368 1028 1465 1075 tratura
1478 1031 1537 1076 arta
1553 1031 1633 1092 atque
1647 1025 1748 1082 sociata
1763 1033 1867 1087 creanti
1879 1042 1932 1090 εει.

336 1083 399 1141 ’lcla
413 1088 485 1158 rupit
504 1090 555 1144 rah
572 1092 680 1157 martia,
694 1094 780 1149 Esaiae
796 1092 921 1166 dogmata
940 1099 1086 1169 complens.
1175 1100 1242 1157 Nam
1255 1114 1393 1162 auctorem
1406 1108 1464 1164 haec
1478 1109 1553 1165 illum
1563 1110 1663 1183 (palmo
1674 1116 1720 1185 qui
1737 1115 1837 1175 claudit
1849 1130 1877 1177 et
1890 1126 1970 1202 arra)

333 1173 455 1233 Primum
476 1195 527 1236 uos
546 1180 631 1238 simus
655 1184 775 1252 alacres,
802 1187 898 1241 tubitet
917 1190 987 1244 malc
1008 1192 1123 1261 quisquc
1175 1193 1281 1266 obtegit
1292 1197 1411 1254 humano
1426 1210 1473 1255 aut
1487 1201 1589 1258 claudit
1603 1204 1673 1272 visu,
1690 1221 1754 1262 ecce
1768 1218 1918 1279 potentem.

1013 1284 1087 1355 [hinc
1173 1286 1232 1357 ipsc
1255 1298 1345 1344 tamen
1366 1302 1492 1349 ostensus
1505 1295 1604 1366 ubique
1617 1312 1667 1353 suo
1679 1307 1722 1354 est
1733 1315 1815 1372 opere
1829 1306 1889 1361 orbi
1903 1308 1968 1365 huis

333 1358 477 1418 AEtcnruru
491 1362 634 1422 bominum
647 1375 728 1435 tacet,
740 1384 757 1426 o
770 1379 865 1427 auctor
879 1382 988 1430 sanctus
998 1374 1042 1430 hic
1056 1376 1122 1432 orbe
1172 1376 1299 1448 Angelus,
1315 1380 1379 1435 huic
1393 1396 1517 1452 sponsus,
1532 1385 1583 1440 iste
1596 1395 1637 1443 est
1649 1387 1756 1445 devotio
1770 1392 1841 1462 plebi
1856 1404 1883 1452 et

1033 1468 1086 1542 [εει
1172 1469 1260 1540 htquc
1273 1473 1374 1528 docens
1388 1475 1530 1544 sapientia,
1544 1477 1673 1547 pacificus
1690 1497 1799 1552 quoque
1813 1495 1915 1553 custos,

330 1542 412 1602 'lradi
424 1551 523 1604 summi
535 1559 632 1605 cancta
645 1552 751 1619 decent,
762 1558 826 1625 quia
840 1559 970 1628 sanguine
984 1559 1120 1629 demptam
1171 1561 1254 1629 Fons,
1269 1564 1411 1619 brachium
1426 1575 1452 1621 ει
1465 1568 1554 1638 panis,
1567 1568 1712 1640 divinaque
1723 1583 1813 1641 petra,
1825 1578 1955 1648 magister

331 1631 445 1691 llextera
458 1637 577 1707 deripuit
587 1641 704 1709 praedam
724 1644 818 1714 proba,
831 1655 935 1712 sancta,
946 1648 1090 1717 pmlundo,
1172 1650 1267 1720 Stella,
1277 1655 1379 1722 oriens,
1395 1657 1440 1725 qui
1456 1664 1484 1712 ει
1497 1674 1563 1713 cura
1576 1668 1683 1729 potens,
1697 1661 1799 1719 iutcnta
1812 1668 1927 1723 medela.

327 1723 357 1780 ln
371 1742 452 1782 cruce
466 1729 506 1784 sic
520 1730 624 1800 positus
638 1732 749 1792 dederat
764 1737 836 1794 Deus
849 1753 911 1795 arce
923 1757 1064 1798 coronam.
1170 1743 1260 1802 ctat-ts
1274 1753 1301 1802 et
1315 1747 1360 1803 bic
1372 1749 1468 1815 David,
1483 1749 1544 1804 lanta
1560 1752 1612 1817 ria,
1629 1760 1657 1805 ct
1669 1767 1755 1824 agnus
1767 1756 1909 1813 honestus.

327 1813 494 1887 Principium
508 1820 553 1875 hic
567 1822 651 1890 licus,
664 1822 833 1892 Emmanuel,
845 1844 878 1886 ac
891 1830 964 1897 linis,
977 1833 1053 1903 origo
1065 1842 1117 1889 est.
1171 1833 1289 1907 Serpens
1300 1838 1482 1903 sanctificans,
1495 1839 1607 1896 illustris
1617 1840 1648 1896 ht
1663 1842 1798 1898 mediator
1811 1862 1817 1898 ε

309 1943 312 1952 .
326 1904 438 1973 l.u1,et
451 1907 541 1981 imago
558 1910 657 1978 Patris,
672 1929 714 1981 os,
728 1916 865 1986 splendor,
878 1921 975 1992 gloria,
995 1922 1119 1981 Christus
1169 1925 1364 1985 Vermisbomo
1375 1929 1462 2002 isque,
1473 1932 1586 1986 retraxit
1596 1932 1630 1989 ab
1640 1932 1719 1988 hoste
1730 1931 1768 2004 (ει
1777 1935 1843 2008 rita)
1856 1937 1961 2007 rapina.

326 1993 492 2054 ¹¹⁰ffl⁰¹¹⁵l⁰¹1
512 2000 601 2070 Pulli
619 2003 675 2071 ⁸⁰¹·
696 2001 823 2074 *erbumss
848 2024 883 2065 01
902 2010 1003 2069 lumine
1026 2013 1116 2071 lumen
1169 2023 1246 2079 lions
1257 2023 1533 2095 aquila,paraclytns,
1548 2026 1587 2081 sic
1600 2025 1654 2092 leo,
1666 2035 1768 2097 pastor,
1780 2036 1807 2083 ct
1821 2028 1924 2087 nauus.

1005 2106 1079 2180 [cum
1128 2102 1153 2163 Β
1167 2114 1395 2181 Fundamentum,
1409 2116 1477 2184 ovis,
1500 2132 1532 2174 ac
1545 2118 1670 2174 reddens
1683 2120 1727 2189 pie
1744 2128 1806 2175 rota
1822 2124 1949 2180 sacerdos

324 2182 413 2255 AEgua
428 2202 525 2245 manus
543 2190 658 2258 Domini,
675 2209 721 2250 scu
745 2196 841 2263 virtus,
860 2198 966 2271 duxque
982 2203 1113 2274 propbeta
1166 2206 1262 2262 llelchi
1275 2205 1410 2278 pontificis
1423 2207 1521 2262 sadech
1537 2209 1629 2263 vinum
1640 2224 1748 2279 quoqne
1762 2224 1869 2281 panem,
1882 2221 1910 2267 et

538 2344 540 2346 ,
565 2355 572 2373 ·
1011 2291 1075 2366 [est,
1165 2296 1217 2366 Qui
1230 2296 1343 2363 vitulus,
1356 2297 1437 2361 aries,
1452 2312 1534 2352 carne
1546 2297 1579 2353 de
1590 2313 1644 2369 qna
1656 2308 1699 2355 cst
1713 2313 1791 2354 sacra
1806 2300 1914 2357 rinctus

323 2365 408 2432 Quem
423 2368 568 2441 unigenam
583 2370 669 2439 juste.
685 2391 764 2446 quem
786 2380 962 2453 primigenam
977 2399 1025 2440 ore
1045 2384 1114 2442 iate-
1165 2391 1293 2457 Victima,
1305 2398 1435 2461 patreque
1446 2407 1507 2447 cnm
1519 2394 1587 2447 benc
1597 2393 1633 2447 sit
1643 2399 1719 2448 satus
1729 2394 1830 2465 absque
1840 2396 1958 2451 caducos

981 2473 1055 2548 [mur
1068 2492 1075 2531 :
1164 2481 1214 2550 Qui
1229 2482 1328 2538 damna
1341 2483 1426 2538 sensit
1438 2491 1466 2539 ct
1477 2482 1575 2555 lignea,
1589 2483 1636 2554 qui
1646 2483 1774 2540 omnibus
1785 2492 1847 2541 ante
1860 2493 1913 2541 cst.

321 2547 460 2608 Nimim
473 2567 534 2609 Μ
547 2554 660 2613 0ff⁶ss⁸l⁰
674 2557 719 2627 ⁰⁸»
737 2575 770 2617 ²0
783 2562 938 2619 scandalum
955 2565 1063 2637 iniquit,
1164 2575 1216 2645 Qui
1231 2584 1304 2632 astra
1321 2585 1364 2632 εει
1380 2576 1492 2649 syderea
1504 2576 1601 2632 aeditus
1614 2575 1704 2632 omnia
1720 2576 1863 2635 lucilerum
1882 2586 1957 2634 ante.

320 2639 450 2713 Αΰιιθῑῠῦ,
464 2646 781 2719 ²lli¹10121tlstsc²⁰⁵⁰l⁰
795 2653 858 2709 hine
868 2652 950 2723 ianua
964 2657 1075 2713 mundo·
1165 2669 1275 2739 Virgine
1289 2668 1334 2723 hic
1346 2675 1389 2723 est
1401 2675 1480 2723 natus
1492 2676 1589 2734 matre,
1603 2676 1668 2723 tunc
1683 2676 1805 2737 ternpore
1818 2669 1846 2723 in
1861 2677 1922 2730 arto

320 2729 414 2788 'illlum
431 2748 466 2790 ⁸¹¹
481 2736 581 2795 ΝΜ
594 2749 679 2808 vesle,
693 2743 760 2814 quid
769 2744 894 2817 dogmate
905 2744 1029 2804 Christus
1164 2760 1253 2829 httgue
1266 2759 1402 2814 homiuem
1415 2767 1445 2813 ut
1459 2768 1593 2825 servaret,
1607 2759 1727 2814 adaram
1740 2759 1785 2816 hic
1794 2759 1884 2816 crucis
1895 2759 1956 2824 ivit,

322 2819 423 2879 lttdloel
433 2837 565 2896 ethoram
580 2846 587 2883 τ
604 2828 690 2903 legem
703 2847 786 2902 parts
796 2834 854 2891 bec
865 2850 972 2908 (tuoque
984 2838 1068 2893 testis
1165 2848 1217 2918 Qui
1228 2856 1270 2906 est
1282 2857 1357 2904 sator
1369 2857 1497 2916 aeternus,
1509 2849 1635 2907 Christus
1644 2850 1803 2907 benedictus
1816 2851 1843 2908 in
1857 2866 1954 2908 aerum.

321 2915 473 2985 Significat,
484 2934 601 2991 namque
615 2922 660 2979 bic
671 2928 771 2998 tegitur
780 2929 807 2983 iu
820 2937 971 3001 grammate
984 2946 1047 2987 raro
1942 2957 1946 2963 “

887 3112 1148 3175 DECLARthO
1174 3112 1348 3178 FIGURAE.

353 3287 422 3343 Ecce
434 3288 523 3358 imago
542 3288 692 3345 Salvatoris
705 3292 887 3346 membromm
903 3306 1014 3347 storum
1030 3292 1106 3363 posi·
1163 3297 1298 3345 stamento
1311 3291 1490 3360 ungebantur,
1506 3298 1534 3345 et
1549 3292 1609 3346 ideo
1624 3291 1749 3347 Christus
1761 3292 1852 3349 unctio
1863 3294 1954 3364 appel-

295 3370 297 3375 ’
317 3377 391 3434 ιίεεε
406 3388 549 3435 consecrat
576 3380 655 3436 nobis
677 3379 896 3449 saluberrimam,
923 3379 1105 3440 dulcissimam
1119 3363 1143 3428 C
1159 3382 1239 3446 latur,
1253 3380 1299 3451 gui
1313 3394 1362 3435 rer
1384 3388 1410 3435 et
1424 3381 1551 3436 sacerdos
1564 3389 1606 3437 est
1621 3400 1628 3436 :
1644 3382 1776 3453 quianon
1793 3383 1853 3440 oleo
1867 3394 1953 3440 neate-

316 3478 343 3523 ει
357 3470 569 3527 cruentissimam
587 3480 687 3528 sancta
702 3472 790 3528 crucis
812 3472 937 3539 formam,
951 3480 982 3529 ut
1001 3472 1029 3528 iu
1048 3469 1109 3541 eius
1159 3469 1228 3534 riali,
1245 3470 1293 3525 sed
1307 3470 1367 3526 oleo
1381 3469 1489 3534 laetitiae,
1505 3471 1619 3536 horest,
1632 3472 1734 3540 Spiritu
1748 3482 1841 3528 sancto
1855 3481 1954 3530 unctus

316 3561 426 3616 nomine
447 3562 629 3619 credentesct
643 3563 701 3635 ejus
720 3564 856 3619 mandatis
876 3564 1043 3632 obedientes,
1059 3580 1108 3636 per
1158 3570 1201 3619 cst
1223 3562 1418 3632 praeomnibus
1442 3561 1621 3631 participibus
1645 3563 1711 3617 suis.
1736 3562 1862 3620 Christus
1887 3580 1954 3620 retu

315 3649 374 3718 rjus
385 3651 536 3721 passionem
547 3667 622 3722 spem
634 3652 696 3709 ritae
705 3660 812 3709 stema·
823 3653 987 3722 habeamus;
1001 3664 1031 3710 ut
1041 3669 1107 3726 quo-
1158 3654 1291 3711 llcbraice
1310 3652 1422 3709 blessias
1437 3652 1546 3708 dicitur.
1572 3651 1670 3707 illesas
1693 3652 1844 3719 llebraeum,
1858 3657 1954 3712 Grmoe

316 3741 475 3812 tiescungue
494 3755 602 3798 crucem
617 3743 789 3813 aspiciamus,
813 3744 898 3815 ipsius
919 3731 1105 3811 recordemur,
1156 3744 1254 3809 sother,
1275 3741 1371 3797 Latine
1395 3740 1520 3796 salutaris
1542 3740 1584 3795 tel
1609 3740 1723 3795 sulcator
1745 3740 1952 3811 interpretatur,

315 3830 361 3898 ‘lul
375 3845 426 3901 pro
440 3831 518 3886 nobis
532 3831 559 3886 ln
579 3847 611 3888 ca
634 3848 729 3904 passius
747 3843 800 3898 εει,
820 3845 851 3891 ut
872 3836 990 3906 eriperet
1002 3851 1053 3892 nos
1073 3837 1106 3893 de
1156 3851 1205 3907 pro
1218 3849 1251 3890 co
1262 3835 1334 3904 guod
1346 3831 1585 3903 cunctisgentibus
1602 3829 1821 3886 salutilerrcnit.
1839 3831 1951 3887 Etrtma'·

314 3928 450 3987 potestate
471 3921 654 3989 tenebrarum,
674 3925 823 3996 deglutiens
843 3926 953 3997 quidem
977 3936 1104 3995 mortem,
1155 3925 1217 3982 nuel
1243 3942 1277 3981 ex
1295 3924 1408 3979 llebrmo
1431 3923 1458 3978 in
1482 3921 1617 3988 Latinum,
1640 3921 1788 3993 signillcat,
1814 3922 1950 3976 nobiscum

314 4019 346 4066 ut
361 4011 422 4066 vita
438 4019 547 4067 ιειειεεε
570 4013 690 4070 heredes
711 4013 889 4081 efficeremur,
915 4014 1051 4086 proiectus
1077 4017 1105 4072 in
1154 4015 1237 4083 Deus,
1254 4017 1359 4073 scilicet
1381 4014 1453 4085 quod
1471 4028 1520 4085 per
1534 4012 1666 4085 rirgincm
1683 4019 1761 4066 natus
1779 4009 1851 4066 Deus
1863 4011 1951 4067 bomi-

313 4102 412 4159 coelum
427 4104 542 4160 subditis
555 4105 605 4161 sibi
626 4106 729 4178 angelis
745 4114 772 4161 et
785 4107 965 4178 potestatibus
977 4114 1006 4162 et
1023 4107 1105 4162 virtu·
1154 4107 1236 4164 nibus
1258 4107 1285 4162 in
1312 4121 1394 4162 carne
1411 4104 1519 4160 mortali
1534 4103 1667 4173 apparuit.
1682 4101 1753 4157 licus
1771 4099 1870 4156 dicitur
1884 4115 1950 4170 pro·

313 4191 400 4260 tibus;
414 4201 497 4264 utque
518 4197 707 4266 recogitemus,
724 4198 796 4268 quod
811 4213 864 4254 non
876 4196 1044 4268 cormptibili
1060 4213 1104 4253 ar·
1153 4207 1214 4271 pter
1227 4197 1329 4254 unitam
1347 4211 1408 4251 cum
1428 4193 1509 4249 Patre
1523 4192 1710 4248 substantiam.
1734 4188 1864 4245 Dominus
1884 4203 1950 4259 pro·

293 4292 393 4358 'gente
406 4287 449 4342 rel
461 4302 530 4343 auro
544 4291 674 4361 redempti
685 4306 779 4347 sumus
798 4292 831 4347 de
849 4308 918 4346 rana
934 4301 1025 4347 nostra
1039 4307 1104 4348 con·
1152 4297 1214 4361 pter
1238 4288 1400 4344 servientem
1416 4294 1579 4348 creaturam,
1604 4282 1675 4338 Deus
1700 4289 1790 4336 autem
1813 4287 1842 4334 et
1864 4279 1943 4335 homc

311 4377 464 4435 versatione
477 4386 597 4450 paternae
610 4381 774 4448 traditionis,
785 4383 831 4437 scd
842 4382 961 4453 pretioso
972 4382 1103 4454 sanguine
1153 4382 1215 4452 quia
1229 4379 1339 4435 verbum
1353 4385 1382 4432 ει
1396 4391 1470 4432 caro.
1489 4372 1647 4444 Unigenitus
1661 4380 1752 4427 autem
1769 4375 1883 4425 vocatur
1896 4384 1945 4440 per

311 4467 389 4538 quasi
407 4467 469 4540 agni
484 4468 688 4526 incontaminati
711 4477 739 4525 ct
759 4469 923 4526 immaculati
942 4469 1055 4536 Christi,
1072 4476 1103 4525 ut
1153 4465 1579 4535 trituratisexcellentiamque
1592 4460 1945 4531 sinetratrtbus.rriuoge

311 4556 397 4612 simus
411 4559 498 4614 sancti
510 4557 677 4615 immaculati
692 4559 718 4613 in
732 4569 877 4631 conspectu
893 4559 959 4630 ejus,
975 4560 1002 4615 in
1014 4559 1102 4615 chari·
1152 4562 1235 4627 nitus,
1246 4575 1296 4632 pcr
1306 4559 1504 4630 susceptionem
1517 4556 1645 4618 bominis,
1660 4555 1688 4609 in
1699 4567 1752 4623 qua
1763 4567 1813 4623 per
1822 4551 1944 4619 adoptio·

311 4654 380 4714 tate,
393 4654 423 4701 ut
436 4662 486 4718 per
498 4648 551 4703 hoc
561 4649 712 4705 elhciamur
722 4650 819 4706 dirime
833 4658 937 4705 naturae
950 4658 1099 4714 consortes,
1152 4667 1214 4708 nem
1227 4652 1321 4724 gratiae
1338 4651 1439 4706 habere
1450 4648 1550 4703 iratres
1561 4646 1750 4718 dignatusest,
1761 4641 1858 4712 quibus
1872 4652 1944 4698 esset

311 4734 446 4807 sublimis
459 4737 517 4808 ⁰1⁰⁸
528 4738 576 4807 ‘1¹¹2
591 4739 618 4794 3¹¹
633 4740 733 4795 mundo
744 4749 787 4797 esi
799 4740 1024 4810 concupiscentie
1037 4754 1098 4795 cnr-
1112 4720 1353 4815 Dprimogcmtus.
1370 4740 1535 4797 llomousion
1552 4737 1628 4792 Patri
1648 4737 1683 4791 ab
1703 4734 1806 4789 εείιειε
1818 4732 1944 4787 substan-

310 4827 473 4899 ruptionem.
488 4828 557 4884 Sunt
576 4829 674 4899 quippe
695 4837 723 4884 et
746 4830 773 4885 in
796 4831 855 4900 ipsa
878 4831 973 4902 pagina
989 4830 1098 4886 nomina
1149 4837 1193 4891 tiae
1201 4834 1359 4906 appellatur,
1367 4833 1518 4890 substantia
1527 4831 1599 4886 enim
1608 4828 1651 4884 rel
1659 4824 1943 4883 esseutiaGracettn'c

310 4919 431 4990 ciusdem
449 4918 637 4991 Redemptoris
654 4921 739 4975 nostri
754 4920 877 4977 versibus
894 4922 1097 4991 comprehensa,
1148 4921 1256 4977 dicitur.
1272 4918 1435 4989 Omugmtm,
1446 4914 1671 4985 utrumqueeuim
1680 4910 1852 4982 conjunctum
1863 4917 1942 4966 sonat

310 5010 432 5082 cumdem
444 5026 479 5067 cx
492 5011 641 5069 diuinitatis
653 5012 711 5082 ejus
723 5011 885 5078 substantia,
899 5013 1020 5081 quaedam
1032 5028 1099 5070 rero
1148 5029 1201 5069 uua
1214 5011 1373 5068 substantia.
1386 5007 1561 5077 Principium,
1570 5020 1603 5061 eo
1613 5003 1684 5075 quod
1695 5002 1799 5072 abipso
1810 5008 1873 5056 sunt
1885 5016 1939 5056 om·

310 5116 343 5158 es
354 5101 555 5172 dispensatione
567 5112 698 5173 susceptae
709 5102 885 5159 humanitatis
899 5116 1034 5173 assumpta
1047 5119 1054 5156 :
1069 5114 1098 5160 ut
1147 5107 1203 5170 nia,
1214 5112 1241 5159 et
1252 5102 1314 5174 quia
1324 5094 1753 5165 anteeumnihilest.Finis,qula
1763 5094 1939 5195 dignatusest

310 5193 507 5260 ostenderetur,
522 5194 594 5264 quod
610 5193 680 5248 idern
695 5194 827 5249 mediator
844 5193 891 5250 Dei
906 5204 933 5249 et
946 5194 1096 5263 homiuum,
1147 5199 1175 5255 in
1194 5196 1248 5252 hoe
1259 5193 1416 5250 seculorum
1430 5190 1568 5248 humiliter
1581 5189 1608 5243 in
1629 5200 1711 5243 came
1724 5197 1797 5240 nasci
1810 5191 1839 5237 ct
1852 5197 1937 5245 mort,

310 5293 338 5341 tt
349 5282 423 5340 Patri
431 5285 622 5341 estindeitate
633 5285 870 5342 consubstantialis
882 5294 963 5355 atque
974 5301 1097 5357 coaequa·
1146 5286 1190 5344 rel
1213 5286 1278 5356 quia
1300 5283 1429 5356 quidquid
1454 5281 1560 5352 agimus
1583 5277 1616 5332 ad
1639 5276 1715 5332 illum
1738 5271 1892 5336 referimus,
1911 5280 1940 5327 et

308 5376 353 5444 lis,
373 5385 401 5433 et
420 5376 499 5432 matri
522 5376 549 5431 in
574 5377 742 5432 humanitate
763 5385 887 5448 suscepta
913 5377 1096 5433 connaturalis
1147 5391 1208 5433 cum
1235 5371 1353 5429 adeum
1373 5368 1585 5443 pervenerimus,
1607 5364 1676 5420 ultra
1698 5360 1770 5433 guod
1783 5374 1938 5459 quaeramus

308 5476 392 5537 atque
404 5464 562 5531 consimilis,
575 5465 639 5536 quia
653 5478 760 5519 omnem
771 5476 895 5521 naturam
907 5474 1027 5522 nostram
1040 5466 1096 5536 ipse
1146 5482 1201 5524 non
1225 5465 1366 5520 habemus.
1390 5460 1428 5516 0s
1450 5458 1498 5514 Dei
1518 5466 1573 5523 cst,
1592 5455 1659 5556 quia.
1674 5452 1787 5510 uerbum
1806 5457 1848 5505 εει
1866 5462 1934 5516 ctus.

305 5558 427 5630 perfecte
450 5559 566 5631 suscepit
588 5559 691 5629 absque
715 5565 835 5627 peceato.
859 5558 981 5627 Qualitas
1005 5567 1095 5615 autem
1145 5556 1214 5613 liant
1228 5555 1363 5622 sicutpro
1377 5550 1478 5615 verbis,
1500 5563 1561 5619 quae
1576 5561 1624 5618 per
1642 5545 1759 5615 linguam
1783 5541 1850 5644 hunt
1865 5555 1936 5643 sepe

307 5664 401 5707 eurtum
418 5649 498 5707 facile
513 5664 563 5720 per
580 5649 711 5707 rationem
731 5648 921 5704 subternexam
942 5657 1031 5719 potest
1051 5664 1096 5704 co-
1146 5643 1314 5705 dicimusilla
1329 5641 1371 5698 rel
1383 5641 1428 5696 illa
1442 5641 1545 5712 lingua,
1559 5639 1597 5695 ita
1610 5636 1753 5709 proverbe
1768 5631 1815 5688 liet
1827 5640 1936 5702 ponitur

307 5743 402 5816 gnosci
412 5751 502 5799 utrum
522 5744 557 5800 ad
570 5743 687 5800 divinam
699 5742 742 5798 vel
755 5743 789 5797 ad
802 5742 948 5797 humanam
961 5741 1021 5811 ejus
1034 5756 1095 5811 per-
1145 5755 1188 5805 os,
1203 5737 1267 5807 quia
1282 5749 1341 5791 mos
1358 5742 1400 5789 est
1417 5740 1448 5787 ut
1462 5746 1510 5788 ore
1532 5731 1614 5787 rerba
1638 5726 1798 5785 formentur.
1815 5720 1935 5779 terbum

309 5836 411 5891 tincant
425 5843 560 5892 naturam.
575 5833 700 5890 Christus
722 5847 838 5901 namque
858 5830 951 5886 Graece
975 5845 991 5885 a
1009 5830 1095 5886 cbris-
1145 5836 1235 5884 autem
1248 5825 1308 5881 ideo
1320 5824 1428 5887 dicitur,
1441 5821 1503 5892 quia
1524 5835 1573 5890 per
1586 5834 1648 5875 eum
1665 5817 1755 5874 omnia
1769 5814 1851 5869 Pater
1866 5825 1933 5867 con·

308 5932 381 5982 aute
391 5934 434 5983 est
446 5927 605 5999 appellatus,
617 5926 669 5981 hoc
678 5930 730 5989 est,
741 5929 847 5978 unctus.
859 5921 1019 5976 Sacerdotes
1030 5934 1095 5988 ergo
1145 5919 1214 5975 didit
1230 5911 1515 5986 ineptissisimas,
1529 5910 1591 5980 quia
1606 5925 1660 5964 non
1675 5906 1753 5970 fallit,
1769 5904 1818 5960 sed
1840 5902 1935 6005 tribunt

286 6024 336 6091 ,ει
351 6031 427 6088 teges
446 6018 516 6088 apud
529 6014 636 6074 lodaeos
654 6029 732 6072 sacra
755 6014 880 6068 unctione
894 6011 921 6066 iu
935 6010 1024 6066 Veteri
1040 6009 1092 6065 Te·
1145 6008 1216 6082 quod
1226 6005 1369 6079 promittit.
1383 6002 1454 6066 Vita,
1469 6000 1531 6071 quia
1546 6000 1635 6057 omnia
1647 5999 1775 6054 ririhcat.
1791 5996 1881 6065 lmagtt
1895 5993 1933 6048 dr-
