4509 6850
1018 427 1026 457 1

354 661 407 717 615
675 653 706 705 B.
728 646 855 702 uanam
874 601 984 698 11111111
1001 636 1159 696 anetum.
1183 631 1336 693 MOGUNT.
1356 628 1500 689 aennon
1518 624 1609 681 111115
1630 625 1650 680 Ι.
1937 622 1993 678 ato

346 768 466 841 'entique
477 774 579 839 partem
601 764 670 835 apri,
693 763 720 816 in
738 778 791 832 pua
805 759 900 828 deerat
918 754 1097 818 tabernacula,
1124 772 1141 807 a
1155 759 1181 816 Α
1193 752 1304 807 inaures
1317 747 1459 817 Scriptura
1469 744 1605 813 areepisse
1618 747 1744 805 testatur,
1760 738 1833 810 quod
1846 753 1902 796 uon
1916 738 1997 797 tieret

355 864 418 936 pliit
433 860 532 915 llemar
545 857 629 928 patris
651 853 755 909 Sicltem
779 858 881 905 centum
902 849 977 919 optuit
992 863 1002 912 ,·
1017 854 1042 901 et
1061 853 1149 899 erecta
1198 841 1221 897 si
1240 842 1281 895 eis
1303 838 1410 892 inaures
1429 834 1583 891 ornamenti
1597 831 1685 903 gratia
1700 829 1802 886 habere
1819 844 1875 885 non
1889 829 1996 885 liceret.

356 958 392 1013 iii
415 954 505 1017 altari,
523 948 649 1005 ittuocueit
672 965 751 1019 super
775 947 842 1001 illud
869 944 1040 1014 [ottimimum
1063 940 1146 995 Deum
1198 932 1270 1005 Ergo
1280 931 1332 986 illae
1342 931 1451 985 inaures
1460 943 1520 997 qum
1529 941 1591 982 eum
1603 924 1681 981 idolis
1691 922 1761 979 datae
1770 933 1883 991 sunt,at
1892 922 2000 980 dietam

358 1044 454 1103 lsrael.
470 1043 583 1113 Eureata
606 1048 643 1093 eat
658 1050 745 1092 utitem
762 1037 832 1092 Dina
849 1036 906 1106 fitia
920 1035 986 1099 lim,
1001 1041 1030 1087 ut
1050 1031 1148 1087 uideret
1198 1033 1250 1088 est,
1265 1022 1396 1079 idolorum
1411 1018 1577 1091 phylacteria
1591 1016 1711 1071 luerunt.

357 1132 479 1189 mulieres
494 1130 606 1200 repiettis
616 1127 698 1182 illim.
715 1126 834 1197 Apparet
844 1141 910 1197 ergo
923 1125 967 1180 lris
980 1122 1082 1187 uerbis,
1095 1136 1149 1177 noa
1235 1114 1352 1186 Cumque
1371 1111 1481 1183 profecti
1503 1119 1603 1175 essem,
1624 1118 1709 1163 terror
1722 1106 1771 1162 Dei
1791 1109 1888 1162 tttamd
1908 1120 2002 1161 omnes

358 1229 531 1281 transeunter
549 1221 620 1275 sieut
633 1220 720 1274 viator
735 1219 814 1280 solet,
828 1217 882 1271 illie
907 1215 1040 1270 mansisse
1052 1211 1148 1278 Jacob,
1200 1226 1247 1282 per
1267 1209 1405 1264 circuitum
1426 1204 1565 1269 civitatee,
1588 1211 1612 1256 et
1635 1217 1687 1256 nau
1709 1209 1770 1254 aunt
1794 1200 1855 1254 ausi
1877 1199 2002 1269 persequi

359 1319 407 1375 tea
431 1332 524 1388 agrum
549 1315 657 1379 emisse,
682 1322 709 1368 et
737 1310 940 1367 tabernaculum
965 1306 1150 1369 constituisse,
1201 1280 2002 1366 recedetuea.lneipiamusenitnadverterequemadmodum

360 1423 435 1463 aram
448 1404 619 1468 instruxisse,
631 1419 663 1457 ae
674 1417 723 1471 per
740 1403 790 1456 ltoe
809 1400 909 1456 diutius
923 1398 1070 1453 habitasse.
1083 1395 1151 1449 Filia
1203 1393 1275 1448 Deus
1292 1398 1420 1461 operetur
1438 1390 1466 1443 in
1485 1387 1625 1442 hominum
1646 1384 1794 1439 mentibus.
1820 1384 1913 1453 equo
1926 1382 2003 1438 enim

359 1515 425 1554 vero
441 1499 512 1553 illius
526 1512 587 1551 cnut
608 1496 640 1550 ad
660 1510 720 1548 eant
741 1495 859 1549 venisset
872 1500 988 1553 mtntem,
1007 1499 1036 1543 ιιι
1051 1489 1153 1542 anticos
1205 1485 1286 1539 timor
1299 1484 1345 1538 Dei
1360 1481 1448 1535 laetus
1468 1487 1511 1535 est
1532 1479 1560 1533 in
1582 1477 1636 1532 illis
1657 1475 1823 1540 ciuitatibus,
1839 1475 1892 1529 nisi
1906 1474 1943 1531 alt
1958 1474 2004 1529 illo

357 1590 414 1661 jam
435 1591 536 1645 ltalttue
556 1588 698 1658 patuisset,
711 1586 869 1641 condiscere
884 1582 1003 1637 uoluisse
1029 1580 1097 1633 itlius
1115 1578 1154 1632 ci·
1204 1574 1250 1643 qui
1264 1589 1312 1628 sua
1324 1573 1457 1642 promissa
1472 1570 1498 1624 in
1511 1567 1595 1624 laealt
1609 1566 1728 1635 filiisque
1741 1564 1879 1619 tuebatur.

360 1685 434 1738 rium
452 1680 515 1746 loci,
529 1689 609 1749 utque
621 1679 657 1733 ita
678 1679 775 1733 iactam
789 1691 850 1733 esse
868 1691 918 1746 pro
938 1674 983 1728 illa
998 1672 1155 1728 eruentissi·
1244 1664 1319 1721 Vettii
1338 1667 1421 1736 ipitur
1437 1664 1519 1718 Jaeot
1540 1661 1649 1725 luzan,
1663 1676 1722 1731 pute
1741 1667 1779 1713 est
1798 1659 1826 1711 itt
1845 1665 1919 1711 terra
1933 1653 2006 1709 Clau·

361 1788 434 1829 mam
454 1772 555 1827 eaedem
578 1780 606 1825 et
622 1768 858 1839 depraedationem,
871 1765 1008 1836 numiam,
1034 1770 1064 1816 nt
1080 1767 1153 1839 puto,
1207 1775 1277 1814 ttaatt
1290 1768 1459 1827 captantetuo
1476 1754 1578 1818 nemu,
1597 1755 1652 1824 ipre
1668 1763 1692 1807 et
1711 1753 1797 1806 amnia
1814 1750 1929 1820 populat
1944 1765 2004 1802 eam

362 1862 538 1933 qttaestionem
565 1874 619 1914 non
641 1860 729 1914 ltaltet.
748 1857 890 1911 Multitudo
920 1856 993 1909 enim
1017 1859 1076 1907 erat
1101 1864 1155 1904 non
1207 1864 1254 1914 eo‚·
1273 1848 1464 1917 edificavitque
1480 1847 1517 1900 ibi
1533 1845 1628 1907 altare,
1647 1853 1671 1898 et
1688 1842 1826 1914 appellauit
1843 1839 2006 1895 numeniaci

361 1967 445 2022 parra
459 1966 520 2005 cunt
532 1949 626 2014 Jacob,
637 1949 685 2019 qui
699 1948 843 2017 plurimum
855 1946 955 2001 dit-atus
971 1944 1036 2008 luit,
1049 1942 1096 1997 sed
1109 1939 1158 1994 dlii
1209 1939 1308 1994 Damna
1324 1940 1381 1993 Dei.
1409 1938 1451 1992 liti
1472 1938 1541 1990 enim
1556 1936 1678 2006 apparuit
1697 1934 1721 1989 ei
1734 1933 1805 1987 Dent
1827 1949 1887 1986 eum
1902 1932 2006 2001 superet

363 2043 422 2115 eius
446 2042 473 2096 in
502 2042 554 2095 ltoe
576 2039 649 2093 laeto
675 2039 859 2102 nominantur,
882 2038 944 2105 prtia
959 2034 1079 2105 ejusdem
1091 2031 1157 2087 lacti
1210 2031 1319 2101 tratrem
1344 2045 1431 2084 auum.
1469 2028 1540 2083 Ecce
1565 2024 1786 2081 manifestissime
1809 2023 2007 2091 eomproltatnr

363 2133 500 2203 principes
510 2141 590 2199 atque
603 2139 727 2183 auctores
740 2126 858 2181 luerunt.
1171 2116 1194 2175 B
1208 2123 1302 2178 Bethel
1312 2122 1455 2177 nonUsam
1464 2121 1568 2182 Luz,nt
1578 2135 1658 2189 snpra
1669 2119 1771 2174 dietam
1781 2126 1833 2194 est,
1842 2118 1889 2172 sed
1899 2117 2005 2181 Lttzan,

400 2223 501 2289 Quibus
516 2222 628 2291 patratis
645 2219 781 2282 audacter,
791 2216 874 2270 Jurolt
886 2215 952 2269 nteit
965 2215 998 2267 ad
1013 2213 1117 2268 Simeon
1132 2222 1155 2265 et

363 2314 444 2368 Leni:
461 2311 596 2365 Tttrltuatis
607 2323 657 2374 nte,
671 2320 695 2363 et
708 2309 827 2363 odiorum
845 2306 943 2375 fecistis
964 2303 1121 2358 Cltuttanais
1134 2311 1157 2355 et

364 2403 504 2460 Pltereaeis
524 2401 714 2457 itabitatariltue
734 2409 811 2454 terere
830 2399 920 2467 ltujus.
946 2396 1003 2450 Nes
1017 2395 1097 2466 pauci
1109 2411 1157 2448 su-

364 2495 433 2559 mita,
449 2493 488 2546 illi
509 2492 658 2563 conprepati
671 2492 814 2561 percutient
829 2506 878 2553 tue,
900 2497 924 2542 et
944 2485 1048 2540 deletor
1073 2501 1119 2554 epo
1134 2494 1157 2537 et

364 2584 458 2639 dotttur
479 2600 546 2636 mea.
570 2582 683 2651 Propter
707 2581 777 2635 bella
801 2578 918 2650 plurium
935 2577 981 2646 qui
995 2588 1159 2645 consurgere

363 2682 499 2744 poterant,
516 2688 545 2727 se
565 2673 633 2726 dixit
650 2686 762 2726 numero
777 2670 916 2739 exiguum,
941 2683 994 2722 non
1020 2665 1091 2736 quod
1112 2666 1160 2719 mi-

365 2779 416 2818 nus
431 2763 530 2817 multos
555 2762 669 2817 ltalteret
692 2775 773 2831 quam
798 2765 909 2829 possent
936 2753 1059 2812 suilieere
1078 2768 1160 2823 expu-

364 2854 485 2926 gnationi
497 2853 616 2908 ciuitatis
630 2852 713 2907 illias.

401 2948 649 3019 Responderutttque
675 2946 726 3015 filii
746 2945 831 2999 tacut
855 2943 1009 3015 :Numquid
1029 2950 1057 2996 ut
1074 2950 1159 2995 aearto

364 3040 436 3094 uiuri
450 3038 561 3093 debuere
583 3054 671 3092 sorore
691 3037 802 3091 neutra?
814 3035 893 3092 Zetus
911 3050 991 3106 quem
1005 3034 1161 3089 habaemnt

364 3129 412 3184 tilii
424 3129 508 3184 taeolt
526 3128 552 3183 in
568 3127 724 3183 ulciscendo
737 3136 834 3197 stupra
856 3127 958 3182 sororis
973 3138 1028 3181 sum
1053 3122 1162 3179 morali·

365 3229 408 3278 ter
428 3228 584 3278 commonet
605 3228 728 3290 pastores
744 3219 862 3275 fidelium
882 3225 1016 3288 quatenus
1042 3216 1161 3271 habeant

1209 2214 1234 2270 id
1248 2223 1301 2279 est,
1314 2213 1492 2284 Amrgdalon,
1507 2223 1570 2267 aute
1584 2212 1740 2265 vocitatam.

1243 2303 1343 2357 Eodem
1356 2313 1470 2373 tempore
1481 2311 1584 2356 mortua
1599 2312 1635 2355 est
1648 2300 1753 2355 Debere
1766 2300 1858 2354 nutrix
1870 2298 2006 2356 Reicere.

1208 2405 1233 2449 et
1246 2395 1348 2465 sepulta
1364 2396 1398 2448 nd
1413 2395 1515 2449 radicet
1531 2394 1621 2449 Retinet
1634 2394 1723 2448 aeriter
1735 2408 1872 2465 quereum.
1887 2391 1918 2448 Si
1934 2408 2009 2447 mor·

1208 2496 1255 2541 tua
1270 2495 1311 2541 ast
1325 2487 1416 2540 nutrix
1432 2486 1562 2540 llelteecte
1576 2485 1685 2540 nomine
1699 2484 1820 2549 Deliam,
1844 2492 1875 2538 ut
1889 2481 2007 2554 Septua-

1209 2580 1283 2650 ginta
1305 2595 1412 2649 quoque
1437 2581 1600 2649 interpretes
1625 2579 1842 2644 transtulerunt,
1866 2588 1894 2633 et
1919 2579 2008 2649 ipsum

1210 2672 1321 2726 rerltnm
1340 2679 1382 2726 est
1401 2670 1562 2726 lleltrairutn
1577 2669 1708 2733 motteker,
1726 2678 1833 2751 nm,
1860 2669 1934 2724 seire
1955 2683 2009 2723 nott

1209 2777 1374 2832 possumus,
1400 2777 1483 2832 quare
1505 2761 1540 2816 ilti
1564 2761 1744 2817 suostantiam
1767 2767 1940 2830 posuerant,
1964 2759 2011 2815 ltic

1210 2835 1354 2909 na‘tricem.

1246 2944 1375 3013 Apparuit
1388 2952 1476 2997 autem
1492 2944 1585 2999 iterum
1601 2943 1673 2998 Deua
1687 2942 1783 3009 tacet,
1802 2937 1944 3014 postquam
1967 2961 2012 2999 re-

1210 3049 1298 3087 uersus
1320 3042 1359 3087 eat
1379 3033 1411 3088 de
1432 3033 1621 3105 Mesopotamia
1646 3033 1750 3103 Seritur
1776 3033 1963 3105 benedixitque
1985 3035 2012 3088 et

1210 3124 1321 3179 dicent:
1341 3123 1403 3180 ll'an
1422 3126 1554 3180 eoertlteria
1576 3125 1646 3179 ultra
1666 3124 1762 3191 Jacob,
1783 3125 1830 3179 reri
1849 3123 1940 3180 lsrael
1960 3126 2013 3179 erit

1212 3233 1306 3272 nomeu
1319 3227 1402 3282 rtrum,
1414 3227 1439 3273 et
1451 3217 1590 3288 appellarit
1603 3234 1662 3271 eum
1675 3216 1771 3272 lsrael.
1788 3217 1894 3272 lindum
1908 3234 2014 3289 noqtra-

366 3326 460 3368 earam
483 3312 635 3366 animarum
664 3310 715 3366 sibi
737 3310 954 3375 commissarum,
979 3323 1014 3362 ne
1026 3305 1162 3363 uiolentur
1212 3323 1293 3377 qaam
1312 3309 1337 3365 ei
1353 3309 1387 3365 ab
1399 3310 1495 3382 angelo
1510 3324 1609 3365 nonten
1626 3309 1784 3378 imponitur,
1805 3309 1854 3364 sed
1867 3309 1944 3378 quod
1957 3308 2012 3364 im-

367 3399 558 3471 anteorporali
574 3399 682 3464 delicto,
700 3409 746 3455 aut
759 3399 937 3456 fornicatione
955 3396 1098 3468 spirituali,
1114 3411 1158 3467 pa·
1213 3402 1366 3470 ponendum
1387 3401 1423 3457 sit
1448 3418 1463 3456 a
1487 3402 1542 3457 lieo
1565 3401 1739 3472 praedicatur.
1767 3398 1845 3468 Quod
1867 3400 1954 3473 igitur
1974 3400 2014 3456 ilti

366 3491 473 3560 ratique
482 3491 594 3560 sintipsi
602 3505 709 3561 semper
718 3491 867 3546 seeundum
876 3488 1034 3560 Apostolum
1045 3486 1088 3559 (ll
1096 3486 1158 3543 Car.
1174 3472 1197 3534 C
1213 3491 1334 3549 laturum
1345 3494 1522 3565 promittitur,
1531 3495 1575 3550 ltle
1586 3495 1698 3551 daretur
1707 3493 1856 3566 expletum.
1871 3493 2016 3563 Quaeritur

367 3580 395 3653 ι)
406 3581 500 3636 ulcisci
511 3595 619 3635 omnem
631 3581 841 3637 inobedientiam
857 3581 1028 3636 resistentem
1041 3580 1159 3644 veritati,
1214 3597 1316 3653 autem,
1329 3603 1391 3643 cum
1407 3588 1491 3644 semel
1505 3589 1611 3643 dixerat
1625 3589 1659 3645 ad
1671 3587 1772 3645 Jacobg
1786 3585 1847 3643 sam
1860 3603 1917 3643 110„
1931 3605 2016 3645 voca.

367 3683 449 3744 atqne
459 3674 748 3730 excommunicationis
761 3673 850 3745 gladio
861 3672 958 3728 feriant
968 3680 1161 3744 stupratorem,
1212 3677 1286 3734 lteris
1298 3677 1391 3744 Jacob,
1406 3679 1452 3733 sed
1466 3677 1549 3732 lsrael
1564 3679 1617 3732 erit
1631 3693 1729 3733 nomen
1744 3685 1837 3745 tumn,
1852 3692 1905 3733 eur
1917 3686 2016 3750 postea

367 3782 403 3822 ne
417 3781 467 3836 pra
482 3775 557 3822 tanto
571 3767 718 3822 commisso
730 3765 879 3835 impunitas
894 3764 1000 3820 euadat.
1213 3746 1313 3840 tegani
1331 3768 1425 3823 eodem
1446 3769 1555 3824 nomine
1570 3768 1640 3822 idem
1663 3765 1747 3823 Jacob
1771 3768 1916 3831 vocitatus,
1940 3767 2017 3838 quod

655 3878 770 3936 CApUT
788 3877 881 3933 llell.
1214 3859 1241 3913 in
1257 3858 1484 3929 frequentissimis
1497 3857 1564 3913 loeis
1578 3865 1735 3912 sanctarum
1750 3857 1958 3928 seripturarum
1973 3857 2013 3910 ita

369 3964 419 4024 Ubi
435 3968 504 4024 licus
520 3969 555 4024 ad
568 3969 652 4025 iacal
667 3969 792 4040 loquitur,
809 3968 938 4022 mundana
950 3969 974 4023 ei
987 3969 1019 4023 de
1031 3968 1163 4023 idolorum
1213 3956 1331 4025 l)osilum
1353 3956 1516 4010 interimas.
1543 3953 1881 4025 1111111111111110110111111
1904 3954 1959 4009 ¹¹⁰⁰
1978 3953 2016 4008 'd

665 4040 863 4110 disperditione.
1214 4044 1288 4100 illam
1304 4052 1379 4100 recte
1392 4044 1550 4116 intelligitur
1563 4044 1700 4115 pertinere
1714 4042 1944 4113 promissionem,
1966 4045 2016 4100 abi

403 4131 478 4204 (Cur.
487 4131 582 4201 xxxv.)
599 4130 703 4184 lutereu
716 4129 818 4183 loeutus
831 4138 869 4184 ert
880 4129 1007 4183 Dominus
1018 4130 1052 4182 ad
1062 4130 1163 4184 iacet:
1214 4134 1254 4189 sie
1266 4133 1402 4188 ridebitur
1415 4134 1496 4198 Deus,
1517 4132 1652 4203 quomodo
1667 4147 1721 4186 non
1735 4140 1778 4186 est
1792 4142 1871 4186 antea
1888 4133 2017 4201 patriltus

368 4224 452 4296 Surpe
464 4235 488 4279 et
502 4223 613 4278 attende
623 4221 714 4277 lietltet
725 4231 749 4276 et
761 4223 849 4276 ltaltita
861 4223 915 4288 ilti,·
929 4223 1022 4293 [acque
1033 4222 1069 4276 itti
1080 4222 1164 4277 altare
1214 4227 1298 4291 risus,
1311 4227 1356 4279 alti
1368 4242 1421 4279 uon
1433 4225 1485 4280 erit
1497 4242 1595 4281 nomen
1606 4233 1693 4285 tetus.
1705 4225 1768 4295 qnia
1778 4224 1845 4280 nihil
1857 4225 2017 4282 remanebit

366 4319 416 4372 dea
434 4318 479 4388 qui
504 4317 628 4386 apparuit
647 4315 694 4367 tilti
710 4315 816 4385 putando
835 4314 952 4385 [tepieiar
966 4314 1040 4369 Etru
1056 4315 1164 4384 [tamem
1214 4315 1256 4370 rel
1272 4316 1298 4369 in
1313 4316 1372 4385 ipso
1385 4330 1499 4385 corpore
1512 4316 1665 4381 uetustatis,
1679 4323 1707 4370 et
1726 4315 1774 4371 Dei
1788 4316 1858 4371 risio
1871 4332 2017 4373 summam

367 4418 453 4461 tunna.
479 4403 615 4477 (lupum.)
632 4403 701 4471 Quid
717 4403 845 4473 estquod
860 4419 913 4458 noa
929 4404 1011 4469 dixit,
1027 4413 1055 4459 et
1069 4404 1112 4458 ine
1126 4405 1163 4459 ilti
1205 4409 1266 4490 'erit
1280 4409 1431 4479 preamium.

367 4510 443 4550 aram
457 4495 534 4560 milti,
551 4494 597 4564 qui
611 4492 723 4564 apparui
738 4493 802 4559 tilti,
821 4493 868 4548 sed
883 4493 963 4558 dicit,
979 4493 1022 4549 lae
1036 4494 1071 4548 ibi
1087 4510 1163 4549 aratu
1251 4497 1376 4570 Dixitque
1389 4500 1435 4554 ei:
1454 4499 1511 4570 Epa
1529 4500 1657 4554 Dominus
1673 4500 1856 4570 omnipotens:
1878 4498 1975 4556 Creme
1990 4511 2017 4556 et

367 4587 423 4642 Deo
437 4587 483 4655 qui
498 4586 623 4657 apparuit
639 4585 710 4639 tilti?
727 4583 824 4640 Utrum
839 4584 924 4639 Filius
937 4584 1062 4654 apparuit
1075 4585 1120 4643 ibi.
1137 4593 1164 4639 et
1214 4589 1405 4660 mtdtiplicnre,·
1424 4600 1511 4661 pratea
1525 4601 1548 4644 et
1562 4591 1651 4662 populi
1671 4593 1806 4646 nationum
1825 4601 1903 4646 eraut
1921 4608 1955 4646 ea
1970 4603 2015 4657 re;

367 4677 439 4732 Dens
451 4677 532 4732 Pater
545 4679 597 4733 luae
610 4677 694 4732 dicit?
708 4675 749 4730 An
764 4676 792 4730 in
805 4677 896 4746 aliquo
909 4692 1008 4747 genere
1021 4676 1165 4733 locutionis
1215 4698 1286 4751 repet
1309 4681 1341 4735 de
1365 4681 1459 4736 lamiis
1485 4685 1536 4738 tuit
1559 4684 1739 4754 eptedt'etttum
1764 4694 1914 4754 terramque
1932 4700 2017 4754 quattu

368 4767 625 4822 annumerandum?
776 4834 787 4845 ,
1214 4773 1275 4827 dedi
1289 4773 1422 4829 Attalium
1440 4785 1463 4829 et
1477 4774 1568 4842 ltaac,
1586 4777 1654 4831 datto
1673 4777 1721 4831 tili
1742 4787 1766 4831 et
1784 4778 1878 4832 reatini
1894 4787 1942 4833 tuo
1955 4787 2017 4848 post

403 4856 486 4910 Jacob
500 4873 571 4921 nero,
585 4866 727 4910 aoaeoeata
739 4859 810 4911 amni
824 4857 902 4911 domo
917 4873 976 4921 tua,
987 4856 1163 4927 altmonam
1215 4872 1255 4928 te,·
1272 4873 1296 4918 et
1315 4866 1420 4919 recessit
1435 4866 1467 4918 ai
1487 4883 1528 4920 eo.
1557 4867 1620 4921 llaee
1642 4869 1787 4937 promissio
1812 4868 1845 4922 nd
1868 4867 2019 4938 spirituale

367 4945 430 5001 11111
453 4945 553 5000 11111111
566 4946 610 5016 11111
625 4947 652 4999 111
664 4946 750 4999 11111111
765 4947 841 5001 neutri
854 4955 927 5010 eunt,
947 4957 971 5000 11
985 4948 1161 5014 mundamini,
1215 4971 1307 5011 samen
1322 4954 1405 5012 Jacob
1420 4960 1554 5027 pertinet,
1578 4960 1649 5014 sieut
1672 4961 1704 5015 de
1718 4961 1855 5015 nbraltam
1872 4970 1941 5016 ante
1955 4958 2018 5028 jam

367 5047 512 5093 aetimare
530 5039 682 5092 uestimenta
700 5047 794 5091 uestra.
821 5037 928 5108 surpite
947 5047 971 5092 et
989 5039 1163 5095 ascendamus
1215 5047 1386 5103 dictumest.
1413 5047 1514 5104 Omnes
1531 5051 1603 5105 enirn
1619 5051 1665 5121 qni
1684 5052 1858 5121 supplantant
1874 5052 1961 5116 uitia,
1988 5061 2019 5106 et

367 5129 394 5182 itt
410 5125 510 5191 Betltei,
532 5136 560 5182 ιιι
575 5128 706 5198 [aciamus
720 5127 756 5181 iii
769 5127 854 5183 attare
868 5128 992 5194 Domina,
1013 5130 1058 5201 quai
1078 5146 1162 5185 euaa-
1214 5147 1333 5192 retorem
1350 5138 1486 5193 ltoutinetn
1502 5155 1563 5194 euru
1580 5141 1686 5195 aetiltas
1700 5140 1758 5208 ejus
1771 5142 1923 5210 deponunt,
1939 5158 2019 5198 men·

367 5219 431 5274 aiau
451 5235 493 5272 me
512 5219 539 5273 in
558 5218 600 5272 die
621 5218 798 5274 tribulationis
812 5237 886 5285 utre,
907 5230 932 5274 et
949 5222 999 5291 fuit
1015 5224 1101 5276 entim
1119 5224 1163 5278 in·-
1214 5229 1302 5299 risque
1323 5245 1379 5284 snae
1399 5231 1493 5285 oeulos
1509 5231 1701 5285 adridendum
1717 5232 1801 5286 Deum
1822 5232 1947 5287 intentos
1962 5232 2017 5287 ha-

367 5310 437 5364 uerir
452 5310 512 5364 mei.
538 5309 672 5364 Dederuttt
685 5325 746 5380 erpo
760 5311 784 5365 ei
799 5327 886 5365 amnes
899 5311 961 5366 deor
977 5312 1076 5367 alienos
1094 5331 1160 5381 quoa
1214 5323 1295 5386 ltent,
1311 5321 1363 5376 rite
1376 5323 1410 5376 ad
1423 5319 1508 5376 incolt
1522 5323 1674 5392 pertinent,
1690 5322 1767 5392 eujus
1781 5321 1861 5376 sulem
1885 5331 1915 5378 et
1936 5333 2019 5380 actus

366 5400 1109 5474 1111111111,1111111111111111111111111111111111·
1126 5407 1160 5459 A!
1214 5414 1372 5481 imitantut;
1403 5428 1534 5485 regesque
1560 5415 1594 5469 de
1619 5412 1718 5468 lnntltis
1741 5413 1799 5482 ejus
1823 5414 2016 5484 egredientur,

365 5492 410 5547 ilie
422 5492 518 5565 infodit
532 5511 576 5548 eor
591 5494 680 5549 subter
693 5495 865 5550 terebinthum
879 5513 937 5567 qum
949 5507 1055 5567 eatpoat
1070 5497 1161 5551 uelem
1214 5506 1265 5561 hoc
1286 5517 1326 5562 est
1346 5508 1448 5572 sartori,
1470 5507 1516 5576 qni
1537 5522 1602 5561 tere
1622 5521 1700 5577 reges
1723 5505 1859 5570 dicuntur,
1885 5521 1921 5563 eo
1942 5508 2017 5578 quod

366 5586 482 5642 3111111·
498 5588 574 5655 Quod
590 5598 680 5645 autem
694 5589 802 5655 (11111111,
815 5598 842 5644 et
855 5590 987 5646 dederunt
999 5589 1083 5644 Jaeolt
1095 5590 1161 5646 deos
1214 5597 1349 5652 reraeiter
1368 5594 1516 5652 seetnnlnm
1538 5598 1585 5652 nei
1606 5597 1771 5652 uoluntatem
1792 5599 1960 5670 serttetipsos
1983 5616 2017 5655 nr

366 5675 526 5747 1111101111
540 5688 619 5734 111111
633 5679 659 5734 111
674 5680 799 5735 1111111111
813 5695 923 5744 10111111,
937 5688 964 5734 11
978 5681 1160 5751 1111111151ιιιιι
1214 5689 1265 5745 silti
1290 5691 1412 5746 subditos
1438 5700 1545 5761 regunt.
1579 5691 1619 5746 lle
1642 5692 1700 5761 ejus
1723 5692 1829 5747 sentino
1853 5695 1993 5763 spirituali
2007 5736 2016 5760 ,

365 5770 486 5825 orantia
502 5773 614 5827 anriltus
630 5788 741 5836 eorum,
764 5770 896 5842 qumritnr
910 5786 995 5840 quaro
1010 5781 1037 5828 et
1051 5776 1160 5827 inaures
1212 5780 1264 5834 hoc
1282 5789 1325 5835 est
1345 5781 1405 5836 fidei
1427 5783 1579 5836 imitatione
1607 5782 1634 5836 in
1660 5782 1738 5837 [mnis
1759 5783 1894 5852 operibus
1918 5785 2017 5840 secun.

366 5875 426 5929 quae
440 5861 463 5915 si
476 5872 637 5918 ornamenta
651 5873 743 5929 erant,
765 5863 799 5919 ad
814 5863 994 5919 idololatriam
1010 5881 1061 5920 unu
1075 5866 1160 5935 perti·
1213 5869 1321 5924 dantur.

366 5952 477 6019 nebant,
491 5956 541 6009 nisi
556 5957 618 6025 qutia
631 5957 832 6029 intelligendum
845 5965 886 6012 est
900 5958 1065 6029 phylacteria
1077 5960 1160 6016 inisse
1248 5963 1299 6019 lile
1318 5981 1379 6019 vera
1398 5966 1479 6020 eterit
1500 5965 1606 6019 titulum
1627 5965 1759 6036 lapideum
1782 5966 1809 6019 itt
1834 5966 1895 6020 loeo
1917 5986 1970 6038 qua
1993 5974 2020 6025 ei

367 6037 480 6095 deorum
494 6043 663 6101 alienamur?
676 6047 744 6102 Nam
758 6047 909 6105 llelteceaut
925 6067 939 6103 a
953 6050 1158 6107 sertolbtaluo
1212 6055 1313 6111 lectuna
1332 6055 1419 6126 [uerat
1437 6056 1519 6124 Dea-s,
1543 6056 1628 6119 libitus
1652 6074 1730 6128 supet·
1747 6073 1806 6110 ettnt
1834 6058 1968 6114 liltutnttm
1993 6069 2017 6112 et
