4509 6850
315 661 382 719 roas
791 657 969 719 corruam.
988 657 1022 714 ru
1043 657 1263 716 uarronuu.
1286 690 1320 700 -
1340 659 1404 715 ιιιι.
1425 623 1479 716 ιιι.
1563 625 1567 632 ’
1887 669 1953 724 ran

313 778 386 833 lenta
406 775 557 832 intellectus
576 782 603 831 et
620 773 742 846 operatio
761 773 921 846 exprimitur
939 790 946 826 :
965 771 1025 843 plus
1042 784 1107 842 ergo
1121 774 1145 834 A
1159 787 1202 835 es‚·
1218 772 1292 826 ruetis
1307 772 1352 826 uhi
1371 788 1421 827 non
1440 773 1574 829 seminasti
1588 784 1612 830 et
1630 776 1731 849 colligis
1751 779 1795 834 ubi
1810 798 1861 835 non
1881 798 1955 853 sparr-

313 869 408 924 habuit
419 870 465 940 qui
481 870 533 925 duo
548 884 628 939 quam
643 869 689 939 qui
704 869 823 939 quinque
838 868 938 923 talenta
961 866 1081 937 percepit
1098 884 1104 920 :
1158 863 1226 917 sisti.
1249 863 1349 919 liemm
1364 866 1538 935 presentium
1553 877 1650 923 natura
1665 886 1717 925 non
1737 870 1824 928 deiert
1838 889 1954 930 messem

312 962 375 1031 quia
390 961 435 1031 qui
452 974 500 1030 per
514 961 612 1015 talenta
625 961 745 1030 quinque
758 959 923 1015 exteriorum
935 958 1108 1014 administra·
1156 951 1290 1010 essesine
1305 953 1417 1019 semine,
1433 963 1462 1009 ει
1477 956 1565 1028 colligi
1580 973 1641 1029 qum
1659 975 1754 1030 sparsa
1769 977 1821 1019 non
1836 961 1954 1029 luerunt,

312 1052 413 1106 tionem
430 1052 540 1105 memit.
563 1053 596 1106 ab
618 1050 755 1106 intellectu
776 1050 944 1105 intemomm
959 1050 1046 1105 adhuc
1063 1064 1108 1104 ra·
1158 1043 1206 1099 sed
1230 1051 1303 1100 totus
1327 1044 1457 1114 spiritalis
1481 1047 1525 1102 lrie
1548 1063 1637 1104 sermo
1661 1060 1711 1105 est.
1737 1051 1859 1109 birimos
1882 1053 1956 1109 enim

312 1157 379 1197 curis
398 1141 458 1197 init.
481 1141 569 1199 llnrrm
593 1157 658 1213 ergo
683 1142 825 1207 talentum,
847 1142 919 1212 quod
941 1140 1106 1197 intellectum
1158 1134 1371 1206 huncpopulum
1385 1149 1445 1191 0⁸⁵0
1460 1136 1575 1209 1111181,
1589 1154 1643 1194 nnn
1664 1140 1831 1211 ignorantem
1849 1142 1954 1199 Domini

311 1234 458 1307 significari
472 1233 599 1296 diximus,
624 1234 660 1288 illi
682 1233 741 1288 dari
760 1233 851 1288 debuit
873 1233 919 1303 qul
941 1233 1011 1288 berte
1032 1239 1107 1287 erte-
1157 1227 1303 1284 adrentum
1316 1236 1344 1283 et
1354 1229 1474 1299 gentium
1490 1230 1616 1297 salutem,
1632 1233 1679 1287 sed
1694 1232 1837 1289 infidelem.
1851 1234 1956 1307 Quippe

311 1327 384 1381 riora
405 1339 466 1397 quaa
481 1331 622 1395 acceperat
643 1324 815 1380 ministravit.
839 1322 916 1391 Quod
937 1323 1058 1393 quotidie
1078 1322 1106 1379 iu
1158 1334 1221 1376 cunr
1234 1318 1302 1375 sciat
1312 1320 1453 1375 metendos
1468 1319 1645 1391 illicjustitiae
1656 1322 1769 1391 boetus,
1782 1325 1827 1381 ubi
1841 1326 1883 1381 lex
1896 1335 1955 1383 sata

311 1425 406 1474 saneta
428 1414 549 1471 Ecclesia
564 1415 711 1480 cernimus,
726 1415 790 1485 qnia
812 1413 933 1484 plerique
955 1415 1018 1469 dum
1038 1414 1108 1470 bene
1157 1413 1268 1477 nonsit,
1281 1413 1525 1485 etcolligendosex
1537 1415 1717 1486 gentibusqni
1730 1433 1826 1473 nones
1839 1417 1956 1476 Abrahae

311 1508 477 1572 ministrant,
492 1506 627 1561 exteriora
650 1519 710 1576 quae
731 1506 866 1575 accipiunt
884 1504 1107 1576 peradjunctum
1158 1502 1213 1558 sint
1232 1502 1316 1573 stirpe
1329 1504 1462 1574 dispersi,
1479 1512 1507 1559 et
1527 1505 1629 1561 ideirco
1647 1507 1730 1562 durus
1745 1508 1790 1563 hic
1804 1508 1886 1564 homo
1903 1511 1955 1575 sit,

311 1599 426 1668 gratiam
442 1598 475 1651 ad
494 1596 657 1653 intellectum
672 1611 779 1667 quoque
793 1596 937 1667 mysticum
958 1598 1108 1667 perdueuu·
1159 1592 1263 1649 scilieet
1277 1593 1335 1649 sine
1350 1595 1408 1666 lege
1419 1594 1631 1667 justificaturus,
1644 1598 1703 1653 sine
1719 1599 1888 1669 dispersione
1900 1600 1957 1656 col·

312 1696 366 1753 tur,
382 1696 412 1742 ut
433 1690 515 1743 etiam
538 1689 570 1745 de
585 1688 692 1743 interna
714 1688 890 1760 intelligentia
905 1688 1039 1760 polleant,
1060 1689 1107 1761 qui
1157 1683 1288 1749 lectoms,
1307 1693 1335 1740 et
1351 1686 1409 1741 sine
1429 1686 1534 1743 satione
1555 1701 1704 1743 messurus.
1725 1688 1813 1760 litque
1829 1691 1888 1745 ideo
1904 1692 1957 1747 hoe

311 1780 449 1835 exteriora
465 1778 581 1835 lideliter
597 1779 796 1835 administrant.
813 1778 926 1852 (iiiior.)
944 1778 1010 1834 item
1029 1779 1108 1835 aliter
1158 1775 1246 1847 magis
1263 1775 1321 1831 sine
1335 1776 1413 1832 venia
1427 1777 1479 1832 erit
1500 1792 1549 1832 cur
1567 1779 1786 1847 praedicationem
1800 1780 1955 1838 occultare·

312 1872 371 1927 huc
389 1870 517 1944 parabola
538 1870 685 1926 seeundum
708 1869 863 1942 allegoriam
885 1870 983 1941 erponi
1007 1878 1105 1941 potest.
1158 1866 1204 1929 rit,
1219 1875 1247 1921 et
1262 1868 1436 1923 commissum
1451 1868 1503 1925 sibi
1518 1868 1647 1924 talentum
1663 1868 1812 1936 suffoderit,
1827 1886 1888 1927 euru
1904 1872 1956 1927 sci-

312 1964 414 2020 Serrus
437 1964 481 2020 illc
494 1964 540 2035 qui
556 1965 676 2034 quinque
695 1964 796 2019 talenta
816 1963 931 2035 accepit,
946 1963 1059 2034 populus
1073 1971 1106 2018 ex
1155 1968 1201 2015 ret
1213 1974 1365 2015 messurum
1379 1975 1439 2016 esse
1453 1961 1512 2016 sine
1533 1962 1645 2025 semine,
1663 1970 1690 2017 et
1704 1962 1879 2018 collecturum
1896 1979 1956 2020 esse

311 2057 371 2128 lege
381 2056 548 2112 credentium
559 2065 612 2124 est,
625 2070 659 2111 ει
671 2070 723 2126 qua
735 2055 873 2126 proiectus
885 2055 1010 2110 meritum
1022 2052 1106 2126 ipsius
1158 2065 1218 2122 quae
1230 2067 1284 2108 non
1299 2054 1453 2123 sparsisset.
1467 2052 1521 2108 Sed
1530 2053 1623 2124 potiris
1637 2054 1789 2124 oportuisse
1802 2071 1864 2111 eum
1878 2073 1956 2112 num-

311 2154 386 2202 reete
398 2146 535 2217 probeque
546 2143 694 2216 persumme
703 2144 864 2217 evangelicae
875 2144 937 2199 iidei
949 2144 1106 2214 operatione
1119 2116 1144 2183 Β
1158 2140 1281 2197 mulariis
1305 2143 1381 2208 dare,
1406 2142 1433 2196 id
1456 2149 1513 2205 est,
1539 2142 1666 2198 universo
1687 2144 1779 2213 generi
1803 2145 1953 2209 hominum,

313 2237 467 2308 duplicavit.
481 2234 629 2291 iuratione
642 2245 732 2290 autem
744 2236 878 2306 ponenda,
887 2232 981 2304 ludicii
991 2248 1105 2289 examen
1157 2232 1229 2302 quod
1242 2231 1333 2286 saeeuli
1347 2232 1462 2303 negotiis
1475 2240 1633 2303 occupetur,
1649 2248 1728 2287 usum
1742 2235 1836 2289 crediti
1850 2237 1900 2292 sihi
1916 2245 1955 2291 ta·

311 2335 365 2395 est,
380 2342 434 2398 quo
448 2325 566 2382 eoelestis
578 2326 654 2383 verbi
670 2341 735 2382 urus
746 2334 827 2395 atque
842 2325 945 2381 reditus
958 2325 1106 2397 dispensati
1157 2320 1223 2378 lenti
1239 2322 1450 2387 communicare,
1469 2321 1583 2377 Domino
1605 2323 1707 2378 reditus
1726 2321 1785 2391 ejus
1805 2340 1820 2378 a
1842 2326 1956 2398 singulis

313 2416 405 2472 talenti
417 2415 576 2488 postulatur.
585 2413 670 2486 igitur
679 2414 722 2470 cni
733 2422 812 2469 erant
820 2414 939 2484 quinque
949 2414 1105 2482 commissa,
1155 2409 1335 2482 postulaturo.
1361 2408 1401 2466 0b
1415 2424 1496 2480 quarn
1519 2409 1624 2479 colpam
1643 2411 1773 2466 interitum
1788 2412 1822 2467 ab
1843 2428 1876 2468 eo
1900 2429 1955 2471 nou

312 2507 422 2563 domiuo
438 2519 549 2562 reverso
562 2505 597 2584 de
610 2504 730 2577 quinque
743 2504 837 2561 decem
849 2504 961 2572 obtulit,
978 2504 1039 2560 talis
1053 2506 1107 2561 aci·
1154 2502 1212 2575 jam
1225 2502 1362 2575 Evangelii
1376 2503 1448 2573 qood
1470 2501 1625 2566 sutloderat,
1641 2501 1689 2557 sed
1711 2502 1778 2573 legis
1799 2502 1953 2572 auimatum

310 2600 375 2657 licet
388 2600 415 2654 in
427 2598 479 2654 ilde
493 2603 617 2669 repertus
627 2596 714 2668 qualis
726 2596 754 2651 in
765 2596 835 2668 lege,
847 2596 892 2667 qui
904 2596 997 2652 decem
1010 2598 1107 2652 verbo·
1156 2594 1235 2666 elque
1245 2595 1400 2666 quicunque
1414 2592 1591 2664 duplicaverit
1606 2593 1685 2647 datur
1698 2592 1813 2648 beurim
1826 2593 1932 2650 dicente
1945 2613 1953 2651 ι

312 2709 371 2749 rum
382 2694 501 2764 quinque
514 2691 592 2747 libris
605 2690 689 2763 Moysi
700 2698 899 2763 praeceptorum
913 2690 1105 2758 obedientiam,
1193 2684 1272 2740 omni
1285 2686 1354 2740 ertt'm
1370 2683 1474 2739 itoienii
1486 2683 1595 2738 dubitur
1613 2693 1636 2739 el
1653 2683 1814 2751 abundabit5
1829 2684 1854 2739 εἰ
1867 2695 1955 2741 utitem

310 2802 361 2858 per
372 2787 487 2861 meram
499 2786 660 2861 evangelia
669 2784 871 2857 jugrissffippnqs
885 2784 1043 2856 expleverit,
1055 2785 1106 2858 tgr.
1156 2778 1202 2850 qui
1215 2794 1267 2832 nort
1279 2777 1365 2844 behet,
1378 2785 1402 2831 et
1415 2776 1486 2849 qood
1500 2776 1601 2832 uidetur
1613 2774 1708 2831 bebere
1720 2776 1854 2847 cosmetor
1867 2778 1900 2831 oi
1912 2795 1953 2833 eo.

311 2886 358 2933 tur
372 2875 484 2946 jubetur
501 2875 529 2931 in
548 2876 674 2948 gaudium
689 2874 790 2931 domiui
807 2875 934 2944 introire,
956 2876 984 2932 id
1003 2886 1061 2943 est,
1078 2876 1106 2932 iu
1157 2868 1226 2939 Quia
1239 2869 1351 2925 habenti
1366 2884 1445 2925 usum
1460 2868 1668 2942 Evangeliorum
1684 2868 1767 2924 etiam
1786 2868 1854 2942 legis
1868 2870 1956 2928 honor

310 2967 443 3027 horrorem
456 2967 548 3040 gloriae
557 2966 659 3023 Christi
670 2966 808 3038 recipitur.
821 2965 868 3023 ille
879 2982 944 3026 vero
957 2983 1051 3025 serres
1062 2968 1106 3026 cui
1158 2964 1289 3020 redditur.
1314 2964 1374 3021 Non
1394 2964 1504 3020 habenti
1527 2973 1618 3020 autem
1640 2964 1721 3020 iidem
1743 2964 1855 3032 Christi,
1871 2967 1954 3023 etiam

311 3060 366 3117 duo
377 3060 477 3117 talema
489 3060 633 3116 commissa
646 3066 720 3125 sunt,
732 3058 852 3132 gentium
864 3059 978 3131 populus
988 3072 1041 3128 εει,
1054 3061 1106 3117 ilde
1157 3057 1229 3127 quod
1243 3056 1344 3113 habere
1357 3055 1407 3112 sibi
1424 3055 1566 3111 ridebatur
1579 3072 1611 3112 ex
1635 3057 1694 3130 lege
1714 3057 1826 3115 honoris
1848 3059 1956 3117 ausere-

311 3160 394 3223 atque
407 3150 577 3208 confessione
597 3158 627 3205 et·
641 3148 704 3205 Filii
716 3149 891 3220 instillemus,
912 3156 940 3207 et
961 3150 1059 3218 Patris,
1079 3158 1107 3208 et
1158 3151 1211 3201 tur.
1227 3144 1362 3221 (Hieron.)
1381 3145 1467 3202 Aliter
1487 3164 1494 3201 ε
1514 3146 1588 3201 liniti
1604 3163 1665 3203 eum
1679 3148 1816 3219 sapientes
1838 3149 1892 3205 sint
1910 3166 1956 3205 na·

310 3240 454 3298 Dominum
468 3248 592 3299 nostrum
604 3238 696 3297 lesum
709 3239 863 3306 Christum,
875 3250 956 3312 atque
969 3243 1106 3299 hominem
1157 3236 1291 3302 turaliter,
1305 3246 1333 3293 et
1348 3238 1467 3293 habeant
1481 3254 1595 3294 acumen
1616 3239 1728 3312 ingenii,
1751 3242 1774 3296 si
1789 3240 1890 3299 luerint
1911 3259 1957 3300 ne·

311 3344 338 3390 gr
351 3336 447 3405 spiritu
461 3342 489 3391 et
503 3348 586 3391 carpe
597 3332 749 3390 confessus.
770 3333 839 3389 Nam
858 3339 885 3390 et
900 3334 981 3410 cor-(le¹
998 3334 1065 3390 fides
1079 3329 1107 3391 pi
1157 3326 1303 3400 gilgetii'es,
1319 3338 1346 3385 ei
1359 3328 1462 3385 desidia
1475 3330 1576 3386 bonurn
1592 3332 1696 3387 naittrae
1711 3336 1899 3406 corrttperiiti‚
1920 3339 1955 3394 tid

310 3438 358 3481 ore
373 3422 509 3482 consessio
522 3432 566 3482 est
580 3422 669 3496 (Rom.
685 3421 725 3498 x).
744 3420 807 3479 ilaec
821 3438 886 3496 ergo
897 3425 961 3480 huie
975 3434 1038 3480 aum
1052 3426 1105 3480 duo
1157 3419 1386 3491 comparationem
1400 3420 1518 3494 ejusqui
1536 3422 1674 3494 paululum
1694 3425 1796 3480 tardior
1810 3426 1902 3485 lairere
1917 3429 1953 3485 in·

310 3515 414 3571 talenta
429 3515 582 3571 commissa.
601 3513 655 3570 Sed
669 3523 700 3569 ut
710 3514 786 3585 prior
797 3513 842 3570 ille
854 3528 935 3571 omne
949 3530 1104 3571 sacramen·
1157 3509 1270 3567 (lustriae
1293 3515 1478 3584 compensarit
1500 3514 1572 3586 quod
1595 3515 1685 3572 minus
1709 3517 1814 3585 habuit,
1838 3523 1956 3591 perdunt

309 3612 367 3660 turn
382 3607 409 3661 ln
423 3605 543 3677 quinque
554 3604 677 3672 talentis,
692 3604 719 3661 id
738 3615 795 3671 est,
810 3606 837 3660 in
852 3606 908 3677 lege
926 3612 1104 3678 cognoverat,
1156 3599 1257 3657 bonum
1271 3612 1386 3672 naturae,
1399 3613 1427 3661 et
1447 3606 1587 3677 premium
1603 3609 1676 3678 quod
1696 3607 1735 3663 eis
1750 3606 1839 3665 iuerat
1861 3627 1955 3683 repro·

312 3699 393 3769 idque
407 3698 495 3768 ipsum
510 3697 563 3752 ilde
577 3696 714 3768 Evangelii
728 3697 927 3767 duplicaverat,
948 3697 984 3752 ita
999 3698 1050 3753 istc
1064 3697 1106 3752 irr-
1156 3693 1269 3750 missum
1281 3696 1388 3752 videtur
1403 3699 1519 3754 transire
1534 3698 1566 3755 ad
1581 3689 1657 3755 aiios.
1671 3699 1764 3756 Potest
1777 3711 1805 3757 et
1818 3701 1858 3758 sic
1874 3704 1952 3760 intel-

311 3795 451 3845 crcmento
465 3787 547 3843 duum
560 3786 732 3853 talentorum,
744 3785 824 3856 idque
833 3787 990 3857 operatione
998 3800 1106 3857 prome·
1156 3779 1202 3854 ligi
1217 3796 1224 3836 ι
1240 3783 1265 3839 ei
1278 3785 1324 3855 qui
1340 3785 1419 3842 lldem
1434 3786 1524 3854 habet,
1538 3796 1567 3844 et
1579 3788 1678 3844 honam
1693 3789 1850 3849 innomine
1865 3794 1956 3851 volun-

310 3882 374 3936 rnit.
396 3880 430 3936 Et
451 3881 478 3936 in
494 3879 638 3936 traditione
652 3895 685 3936 ac
707 3879 793 3936 reditu
809 3877 932 3934 dissimili
947 3893 997 3950 par
1014 3886 1105 3936 tamen
1156 3879 1252 3939 utem,
1264 3875 1372 3932 etiamsi
1388 3878 1453 3949 qnid
1470 3878 1560 3934 minus
1574 3879 1602 3934 ln
1618 3895 1701 3953 opere
1714 3890 1743 3937 ut
1756 3884 1838 3940 homo
1853 3885 1955 3944 liobae-

309 3973 379 4044 apud
402 3972 545 4028 Dominum
569 3985 667 4027 munus
690 3970 832 4028 amborum
853 3980 907 4038 egr,
930 3979 961 4026 ur
984 3973 1105 4044 gentium
1155 3963 1202 4027 rit,
1220 3965 1330 4020 dabitur
1350 3982 1363 4021 a
1386 3966 1576 4039 bonojudlee;
1593 3971 1640 4040 qui
1655 3980 1745 4027 autem
1760 3990 1813 4029 non
1828 3977 1954 4034 habuerit

309 4066 389 4121 iidem
412 4072 579 4134 exaequatam
596 4062 763 4120 credentium
784 4077 817 4117 ει
836 4061 894 4133 lege
916 4062 1036 4118 scientiae
1056 4078 1105 4118 no-
1155 4052 1246 4120 hdem,
1263 4050 1343 4113 etia'm
1359 4067 1471 4114 emeras
1484 4061 1599 4141 virtutes
1612 4076 1680 4130 quas
1691 4062 1832 4122 ridebatur
1844 4079 1954 4126 natura·

309 4169 461 4221 seeremus,
484 4169 547 4209 narn
569 4169 632 4209 cum
654 4151 807 4207 laudatione
828 4152 923 4206 eadem
942 4151 1053 4222 jubetur
1076 4151 1103 4206 in
1154 4144 1217 4203 liter
1226 4148 1376 4217 possidere,
1387 4149 1486 4220 perdit.
1498 4148 1643 4224 Eleganter
1652 4155 1745 4222 ctiam,
1756 4159 1826 4229 qaod
1840 4147 1951 4232 nideror,

307 4245 435 4318 gaudium
450 4243 557 4301 Domini
570 4243 693 4299 introire.
707 4242 755 4297 Est
767 4248 858 4297 autem
869 4240 1016 4312 duplicatio
1028 4255 1103 4297 sum·
1155 4235 1254 4308 inquit,
1277 4239 1372 4294 habere
1392 4240 1529 4312 auferetur
1547 4243 1580 4297 ui
1594 4261 1634 4299 eo.
1658 4243 1792 4318 Quidquid
1806 4251 1878 4306 eninr
1894 4253 1954 4312 sine

308 4343 361 4407 ptae
381 4335 503 4407 pecunie
524 4334 711 4405 operationem
735 4332 797 4387 tidei
821 4331 971 4399 addidisse,
994 4339 1023 4388 ει
1043 4340 1105 4404 que
1154 4326 1208 4385 bue
1222 4327 1324 4386 Christi
1338 4339 1390 4398 est,
1402 4347 1456 4387 uon
1470 4332 1495 4389 ei
1508 4331 1587 4390 debet
1601 4335 1744 4407 imputari,
1758 4340 1821 4410 quia
1835 4342 1905 4398 maie
1920 4361 1953 4400 eo

307 4427 434 4497 opinione
455 4425 643 4491 crediderant,
668 4423 748 4479 rebus
762 4421 894 4493 lactisque
907 4424 1032 4494 gessisse.
1051 4422 1103 4492 Qui
1155 4421 1323 4489 ahosusest;
1353 4423 1399 4478 sed
1425 4423 1462 4479 illi
1484 4424 1532 4496 qui
1554 4427 1635 4482 etiam
1652 4443 1732 4485 servo
1755 4431 1826 4487 malo
1849 4441 1952 4492 naturae

309 4531 373 4572 sero
393 4531 476 4573 unum
500 4515 630 4572 talentum
650 4514 763 4584 accepit,
779 4521 807 4568 et
827 4513 854 4567 in
876 4521 948 4568 terra
970 4514 1102 4580 recondit,
1153 4508 1255 4567 bonum
1267 4513 1370 4568 tribuit.
1383 4513 1491 4589 (Beda.)
1503 4516 1569 4572 item
1582 4517 1627 4587 qui
1639 4533 1759 4576 aurorem
1772 4522 1951 4593 habetverbi,

308 4607 421 4680 populus
433 4614 476 4663 cst
490 4607 519 4662 in
537 4607 597 4678 lege
617 4606 776 4676 persistens,
793 4611 867 4659 totus
880 4603 999 4660 carnalis
1010 4613 1038 4660 et
1051 4613 1106 4660 sto·
1154 4601 1264 4659 dabitur
1276 4604 1313 4659 illi
1336 4605 1417 4661 etiam
1441 4622 1537 4664 sensus
1550 4608 1716 4682 intelligendi
1728 4613 1899 4683 quodamat.
1915 4616 1952 4673 Δι

308 4701 397 4770 pidus,
418 4709 447 4755 et
469 4697 536 4754 nihil
557 4698 680 4770 spiritale
701 4696 864 4769 intelligens,
881 4706 909 4752 et
922 4712 1003 4766 quem
1017 4699 1105 4756 virtus
1155 4696 1201 4767 qul
1215 4697 1291 4753 verbi
1304 4697 1387 4754 divini
1406 4702 1526 4755 amorem
1548 4716 1603 4756 non
1623 4703 1705 4759 babet
1718 4705 1854 4772 audiendi,
1868 4708 1951 4764 etiam

306 4789 507 4862 predicationis
519 4787 681 4859 evangelica
693 4801 747 4843 non
760 4788 865 4854 subeat,
878 4788 926 4843 sed
937 4797 1050 4859 propter
1062 4789 1103 4843 in·
1155 4786 1178 4842 si
1193 4788 1236 4844 vel
1251 4789 1367 4844 naturali
1382 4789 1490 4862 ingenio
1504 4791 1546 4847 vel
1560 4791 1713 4850 litterarum
1731 4795 1782 4851 sibi
1796 4795 1894 4853 callere
1909 4799 1949 4854 ri-

307 4880 409 4936 ridiam
423 4878 611 4935 salvandarum
624 4877 744 4949 gentiam
767 4877 795 4932 iu
815 4885 889 4932 terra
903 4885 1041 4949 acceptum
1063 4887 1103 4933 ta-
1155 4878 1235 4936 de'tur
1246 4890 1382 4948 ornatum,
1402 4883 1473 4938 nulla
1487 4900 1558 4940 rerae
1573 4886 1712 4957 sapientie
1727 4888 1869 4946 dulcedirre
1883 4908 1949 4963 gau·

307 4969 409 5025 lentum
431 4968 614 5035 absconderit,
635 4981 723 5037 neqnn
742 4966 800 5037 inse
814 4975 903 5033 mens,
924 4982 1011 5037 neque
1025 4976 1103 5022 ninn-
1153 4970 1237 5028 debit.
1254 4972 1356 5049 (διες.)
1379 4974 1443 5031 Sive
1456 4976 1535 5032 aliter
1551 4997 1557 5032 :
1575 4977 1654 5034 Omni
1674 4980 1780 5036 babenti
1794 4983 1909 5048 dubitor,
1926 4996 1950 5040 et

307 5060 443 5118 dumellis
460 5061 607 5130 dispenset,
631 5059 679 5113 sed
701 5057 824 5114 suilloere
838 5058 889 5114 sibi
912 5059 996 5129 legem
1009 5060 1104 5116 eristi·
1154 5064 1298 5120 abundabit
1323 5086 1332 5122 :
1356 5068 1419 5138 quia
1442 5068 1567 5139 quisquis
1590 5070 1750 5127 charitatem
1776 5088 1829 5129 non
1852 5074 1949 5141 habet,

307 5161 362 5206 uret
376 5151 410 5205 ad
424 5149 549 5206 salutem.
564 5153 652 5220 Atque
664 5148 724 5204 ideo
737 5164 798 5204 eum
809 5150 843 5204 ab
855 5164 887 5205 eu
899 5150 970 5205 ratio
983 5151 1103 5220 postula·
1153 5155 1236 5210 etiarn
1259 5172 1319 5226 quae
1340 5161 1494 5229 percepisse
1516 5161 1660 5216 videbatur
1675 5164 1784 5218 amittit.
1807 5163 1883 5222 Unde
1904 5182 1950 5221 nc-

306 5257 320 5294 1
322 5251 392 5309 11111,
410 5242 448 5296 111
465 5242 504 5297 ait
519 5259 526 5294 ³
543 5240 648 5306 Timuit
672 5241 1102 5310 111111111111111111111111110
1153 5263 1230 5305 cesse
1248 5258 1289 5304 est
1309 5258 1338 5303 ut
1358 5265 1498 5320 peremne
1512 5254 1584 5322 quod
1602 5255 1716 5326 agimus,
1729 5270 1795 5327 erga
1808 5257 1950 5312 eharitatis

306 5341 408 5386 ¹¹¹0¹¹¹¹¹¹
421 5341 542 5388 1111111111
557 5339 765 5401 1111111οΝ11,
784 5346 834 5384 11111
848 5330 1101 5402 1111811113111111·
1155 5342 1244 5399 studia
1257 5343 1407 5414 vigilemus.
1420 5342 1546 5400 Charitas
1556 5355 1646 5401 autern
1658 5362 1722 5403 vera
1736 5358 1778 5401 est
1791 5355 1819 5400 et
1831 5347 1948 5402 auricnm

306 5425 370 5479 11111
382 5425 525 5490 abstineat,
539 5420 820 5494 (11111111311111111
835 5431 909 5476 11111111
922 5430 970 5488 111,
984 5422 1058 5476 111111
1072 5422 1100 5476 111
1154 5434 1265 5508 diligere
1280 5436 1307 5491 iu
1328 5437 1398 5503 Deo,
1412 5447 1440 5493 ει
1454 5438 1593 5494 inimicum
1606 5439 1717 5510 diligere
1729 5448 1840 5510 propter
1852 5440 1948 5506 benni,
1973 5448 1979 5457 ‘

305 5519 348 5574 ¹¹3⁵
366 5533 426 5589 11111
444 5533 459 5572 1
474 5517 587 5572 9111111111
602 5523 736 5586 1111111111
754 5513 913 5569 1111111111
929 5514 1097 5568 11111111113·
1153 5541 1235 5596 quam
1250 5527 1373 5599 quisquis
1392 5544 1445 5584 nou
1464 5530 1546 5585 habet
1558 5545 1637 5585 omne
1651 5530 1750 5584 bouum
1766 5531 1864 5586 arnittit
1877 5533 1950 5601 qood

258 5651 265 5658 ·
304 5609 334 5665 iti
348 5619 420 5664 tetra
432 5623 496 5666 VCFO
508 5607 684 5672 abscondere,
697 5607 749 5660 hoc
761 5612 802 5660 851
813 5617 889 5659 novae
900 5604 1100 5675 praediculioiiis
1153 5618 1250 5682 hahet,
1269 5628 1297 5674 ei
1319 5618 1417 5675 [diemo
1436 5621 1506 5692 quod
1529 5626 1670 5691 acceperat
1690 5621 1813 5691 privatur
1825 5630 1852 5677 eg
1868 5621 1948 5691 juna

305 5708 418 5780 gloriam
442 5707 492 5763 sub
514 5705 675 5761 tractatione
696 5715 833 5773 corporee
852 5700 987 5771 passionis
1009 5698 1100 5756 oceni-
1152 5706 1321 5764 Dominicam
1341 5711 1519 5778 sententiam,
1539 5710 1566 5764 in
1581 5709 1729 5766 exteriores
1743 5712 1869 5768 tenebras
1883 5712 1947 5767 mit·

305 5798 433 5867 tare.'Qui
443 5796 649 5854 cumChristum
659 5794 801 5851 Dominum
812 5793 968 5848 adsalutem
979 5793 1099 5865 gentium
1152 5801 1228 5855 titur,

305 5892 417 5946 missum
433 5891 517 5946 iniisse
533 5903 586 5945 non
605 5889 690 5960 possit
707 5887 825 5942 abnuere
841 5884 913 5957 (nam
928 5893 955 5941 et
969 5887 1100 5942 adrentus
1188 5890 1222 5947 Et
1236 5893 1355 5948 inirritem
1368 5909 1469 5948 urnam
1479 5893 1599 5963 projicite
1611 5893 1639 5948 tn
1661 5892 1779 5949 terrim
1794 5894 1946 5950 exteriores,

303 5990 332 6036 ct
345 5983 434 6052 passio
447 5982 505 6051 ejus
518 5997 551 6037 eu
564 5982 621 6053 lege
632 5978 697 6052 esti,
707 5981 895 6048 obtemperare
908 5987 996 6032 tamen
1010 5977 1099 6032 Evan·
1152 5978 1194 6036 itt
1208 5983 1256 6037 erit
1279 5986 1356 6055 {tetur
1369 5993 1393 6038 et
1414 5981 1512 6037 stridor
1523 5981 1651 6037 dentium.
1666 5981 1800 6055 (Hieron.)
1817 5983 1947 6037 Dominus

304 6076 374 6140 gatto
389 6074 445 6142 ipse
460 6072 585 6129 uoluerit.
601 6073 647 6126 nit
659 6071 732 6127 enim
749 6088 755 6124 :
773 6068 835 6125 Scio
847 6071 908 6141 prio
922 6069 999 6124 hemo
1016 6069 1100 6124 erm
1152 6070 1242 6129 lonien
1265 6080 1318 6139 est,
1341 6073 1424 6144 etqui
1438 6073 1472 6129 ab
1486 6087 1519 6129 eo
1539 6070 1612 6130 iuras
1624 6073 1753 6139 mittitur,
1766 6088 1832 6131 rero
1845 6073 1947 6128 luuritre
