4509 6850
320 471 375 524 dat>

965 473 1066 530 utun
1084 475 1128 532 itt.
1146 474 1320 536 coneptu.

1900 491 1953 546 ott-t

319 580 439 646 emetis,
453 580 480 636 id
495 588 548 644 est,
563 587 620 634 toto
645 580 708 634 anni
724 579 826 636 eirculu
849 590 995 649 transacto,
1009 582 1049 640 sol
1064 584 1111 640 ob·
1126 589 1150 647 A
1163 585 1244 643 deute
1270 589 1343 654 lirna,
1360 607 1381 646 ει
1396 598 1466 646 terra
1481 590 1567 662 major
1580 603 1654 650 esset
1677 611 1759 666 qnam
1774 597 1848 668 luna,
1863 604 1951 659 eruni-

319 681 448 727 tenturus
463 677 516 726 est.
529 669 562 724 Et
577 671 725 726 notandum
746 672 818 742 quod
834 674 927 729 decent
941 676 1023 732 semis
1037 677 1111 731 lione

319 777 381 832 quae
395 771 473 816 extra
492 760 610 816 tricerras
622 771 712 831 partes
727 762 753 816 in
771 778 931 834 unoquoque
947 765 1023 836 signu
1036 778 1110 831 sunt,

319 855 387 924 quia
413 853 520 924 plenam
545 861 651 922 partem
674 854 768 925 uiginti
785 865 902 926 quatuor
916 858 1043 914 horarum
1058 875 1110 914 non

319 945 448 1008 reddunt,
475 944 555 1000 simul
580 946 730 1015 eoniputari
761 947 941 1018 negliguntur,
967 950 1015 1005 sed
1041 951 1110 1005 infra

317 1039 636 1108 praedictumuumerum
663 1038 804 1093 duodecim
833 1041 966 1095 mensium
988 1056 1112 1111 compre-

318 1127 487 1183 henduntur.

611 1217 724 1275 CAPUT
750 1218 840 1274 xtttt.

411 1313 599 1382 Argumentum
612 1311 644 1365 de
655 1327 684 1365 eo
696 1322 758 1381 quot
770 1313 841 1366 floris
852 1312 916 1366 luno
926 1312 1021 1368 faceat.

356 1402 431 1457 Drsc.
452 1401 554 1458 Vellem
570 1408 600 1455 ut
627 1417 675 1472 per
698 1411 885 1472 argumentum
909 1403 1018 1475 aliquod
1046 1407 1111 1482 nrilii

319 1495 466 1553 intimares
480 1497 616 1568 quomodo
627 1497 728 1567 possim
748 1499 974 1567 couipreliendere
990 1509 1055 1571 quot
1066 1502 1113 1556 lm·

319 1587 360 1642 ris
389 1603 438 1658 per
465 1587 583 1660 singulas
609 1598 703 1644 noctes
722 1603 777 1643 siue
800 1589 888 1643 etatis
915 1589 978 1645 luna
997 1589 1109 1647 luceret.

1162 680 1213 733 lius
1222 688 1312 733 autem
1324 680 1402 736 annis
1423 681 1482 737 lieri
1495 682 1636 755 utriusque
1655 685 1753 742 sideris
1765 686 1886 748 defectus
1897 702 1951 748 sta·

1163 769 1331 828 tutis'dielms
1346 773 1474 844 horisque
1495 777 1546 832 suli
1563 785 1645 843 terra,
1661 792 1711 834 nec
1726 787 1815 836 tamen
1833 795 1894 837 euru
1907 799 1952 840 sn-

1162 872 1245 928 perne
1258 861 1333 928 liaut,
1347 863 1446 933 ulique
1467 866 1542 921 eerni
1567 867 1712 937 aliquando
1725 880 1835 941 propter
1849 873 1950 938 nubila,

1163 949 1260 1018 saepius
1279 950 1357 1022 glolm
1376 960 1453 1009 terne
1469 955 1594 1013 obstante
1619 961 1833 1018 convexitatibus
1849 965 1949 1018 altrudi.

1440 1047 1553 1106 CAPUT
1572 1049 1673 1105 xtt‘tt.

1327 1134 1376 1191 t'ti
1393 1138 1508 1210 eclypsin
1521 1159 1573 1196 riou
1586 1143 1630 1209 ait,
1646 1153 1772 1214 etquurr.

1199 1226 1323 1286 Defectus
1344 1231 1454 1287 solisae
1475 1233 1544 1289 lunae
1573 1238 1741 1306 vespertinos
1767 1237 1885 1297 Orientis
1910 1242 1951 1296 in·

1164 1317 1228 1374 colat
1243 1335 1296 1376 non
1310 1321 1439 1388 sentiunt,
1453 1338 1504 1380 nee
1518 1327 1666 1383 matutinos
1677 1329 1710 1383 ad
1733 1344 1859 1388 occasum
1875 1330 1952 1387 hati-

1165 1414 1262 1472 tantes,
1290 1409 1415 1466 obstante
1429 1412 1508 1484 globo
1534 1423 1678 1471 terrarum.
1703 1417 1796 1489 Neque
1810 1421 1881 1476 oraim
1897 1437 1949 1476 nux

1163 1507 1210 1552 ant
1221 1498 1289 1564 dics,
1306 1503 1429 1571 quamuis
1454 1504 1549 1559 eadem
1565 1513 1621 1561 toto
1634 1508 1699 1562 orbe
1713 1508 1792 1564 simul
1806 1520 1847 1565 εει
1868 1525 1952 1581 oppo-

1163 1588 1214 1642 sita
1229 1588 1300 1660 globi
1314 1598 1421 1646 noctem
1442 1601 1489 1647 aut
1501 1595 1602 1649 ambitu
1619 1596 1689 1652 diem
1705 1598 1853 1654 adferente.
1872 1600 1951 1655 Tern-

320 1681 393 1740 llse.
415 1682 445 1739 Si
461 1684 501 1738 ris
524 1685 595 1739 seire
609 1693 676 1754 quot
691 1684 773 1739 horas
796 1683 884 1738 luceat
898 1684 960 1738 furna
976 1685 1111 1755 quaeritet.
1163 1691 1229 1748 pore
1240 1680 1311 1735 enim
1326 1680 1472 1739 Alexandri
1488 1683 1576 1758 llagni
1605 1686 1667 1743 luna
1690 1686 1789 1745 defecit
1811 1691 1837 1745 iu
1850 1691 1950 1746 Arabia

321 1781 507 1829 teneritatem
527 1774 597 1829 lunae
624 1776 658 1830 de
680 1789 733 1846 qua
760 1774 885 1843 inquiris.
905 1773 1050 1845 llultiplica
1064 1790 1112 1845 per
1163 1768 1229 1824 ltora
1245 1770 1332 1827 noctis
1354 1772 1482 1838 secunda,
1497 1774 1645 1844 eademque
1661 1776 1686 1830 iu
1706 1777 1798 1833 Sicilia
1813 1779 1949 1834 exoriens.

320 1873 449 1934 quatuor,
466 1865 628 1936 quiaprinra
643 1865 1112 1935 lunaquatuorpunetislueetdd-
1164 1863 1197 1918 Et
1225 1863 1289 1919 solis
1313 1863 1447 1920 defectum
1473 1869 1518 1937 qui
1546 1867 1595 1922 fnit
1621 1868 1728 1939 lspanio
1754 1879 1781 1925 et
1804 1871 1951 1943 Frontegiu

315 1953 465 2025 jieitrrrque
491 1957 536 2012 lrie
562 1972 691 2012 numerus
716 1972 730 2010 a
758 1957 875 2011 seetrnda
904 1956 968 2011 luna
991 1935 1317 2027 quotidieBconsulibus
1332 1973 1358 2011 ιι
1383 1956 1442 2010 llal.
1461 1956 1535 2023 llaii,
1554 1957 1701 2030 Campania
1723 1962 1790 2016 liora
1804 1961 1858 2018 diei
1881 1963 1951 2019 inter

319 2059 407 2114 usqrte
419 2045 453 2100 ad
466 2045 653 2117 plenilunium,
670 2045 875 2124 detrahiturque
888 2046 985 2104 dehine
1001 2049 1112 2120 paribus
1163 2045 1305 2115 septimam
1320 2052 1348 2099 tt
1361 2053 1496 2111 oetaram,
1520 2045 1649 2104 Armenia
1676 2048 1747 2103 inter
1773 2050 1904 2107 decimam
1923 2062 1952 2108 tt

319 2135 418 2206 spatiis
433 2135 460 2190 in
475 2136 691 2204 diminutionem,
716 2137 841 2208 lucetque
862 2138 920 2207 pari
947 2141 1027 2194 modo
1049 2140 1111 2194 luna
1163 2134 1331 2190 undecimam
1350 2136 1443 2190 sensit.

319 2227 410 2298 prime
430 2235 456 2282 et
484 2228 619 2283 tricesima
643 2228 759 2284 secirutla
784 2238 811 2283 et
825 2229 954 2285 uicesima
978 2247 1058 2286 nona.
1080 2232 1112 2285 Et
1409 2231 1522 2288 CAPUT
1535 2231 1649 2288 llLl'lll.

320 2317 385 2373 ideo
397 2319 421 2373 si
438 2334 516 2374 nosse
539 2319 617 2386 selis,
633 2320 708 2375 serbi
727 2321 824 2391 gratia,
849 2330 915 2391 quot
927 2322 1008 2379 lioras
1022 2322 1112 2379 lirceat
1305 2299 1341 2354 ⁰⁹
1354 2300 1451 2355 ‘'ulid‘'
1463 2312 1487 2356 θ’
1501 2302 1627 2372 ‘indual‘
1637 2303 1813 2374 f²“'⁸““'“’'⁸·

319 2409 387 2464 luna
414 2410 516 2479 quinta,
532 2410 681 2481 multiplica
708 2411 828 2483 quinque
853 2426 1024 2481 pernoram,
1045 2412 1112 2468 llnm
1198 2393 1269 2449 ⁰¹⁵⁶·
1290 2393 1337 2448 ⁰50
1348 2392 1414 2447 mill
1428 2408 1481 2463 (1¹¹⁰
1497 2392 1588 2449 0⁰¹⁰l0
1602 2393 1658 2449 ⁸5⁰⁸
1672 2393 1795 2464 ilissflaes
1812 2396 1834 2450 ⁸5
1849 2395 1950 2466 f⁰⁸⁸l¹¹¹

319 2500 435 2572 ,5qu
451 2503 552 2572 pam„
567 2518 615 2572 pe,
629 2504 747 2572 quinque
769 2511 866 2573 qm,
878 2504 965 2573 quinq,
992 2505 1061 2560 qum
1074 2507 1112 2559 q.
1161 2501 1209 2542 eas
1227 2485 1289 2541 inde
1304 2500 1478 2558 cognoscere,
1503 2493 1530 2540 et
1550 2492 1639 2541 utrum
1663 2494 1768 2541 mutent
1791 2487 1894 2543 colores
1915 2503 1949 2541 an

318 2589 410 2664 simi,
427 2598 541 2661 quamq,
556 2592 636 2646 hom,
648 2592 719 2648 lueet
731 2592 794 2648 qun,
811 2594 916 2664 quim,
929 2595 1061 2652 gjmqqef
1071 2598 1111 2651 qq,
1161 2592 1225 2633 non.
1242 2574 1312 2632 llsu.
1329 2575 1400 2632 Suus
1411 2575 1520 2645 quidem
1537 2575 1684 2646 unicuique
1701 2574 1776 2631 color
1788 2585 1841 2634 est.
1855 2574 1949 2631 Satur-

318 2679 422 2736 fflqma
445 2680 549 2750 quing,
574 2679 640 2736 μου,
655 2681 678 2736 sq
695 2681 736 2738 ,qs
756 2683 827 2737 scire
841 2691 907 2753 quoq
921 2684 1002 2740 hom,
1020 2685 1110 2742 ωορκ
1161 2685 1197 2728 no
1221 2668 1360 2730 candidus,
1389 2667 1449 2724 lori
1471 2667 1570 2733 clarus,
1595 2666 1674 2722 llarti
1700 2667 1809 2740 igneus3
1825 2667 1949 2725 Lucifero

319 2765 516 2836 lamma,
546 2770 692 2840 multiplica
716 2772 807 2827 decem
824 2788 872 2843 per
895 2783 1021 2860 quatuor&
1044 2775 1111 2832 quui
1161 2764 1291 2834 gaudens,
1305 2760 1425 2831 Vespero
1440 2756 1585 2834 refulgens,
1600 2757 1734 2815 llerourio
1745 2759 1864 2825 radians,
1880 2757 1949 2814 luriae

319 2863 518 2935 quadfqgjnm
533 2865 637 2934 partire
650 2880 698 2936 pgr
713 2865 831 2936 quinque
843 2866 929 2922 octies
944 2866 1029 2937 quini,
1044 2867 1112 2924 flung
1161 2852 1285 2913 blandus,
1299 2851 1359 2917 soll,
1375 2867 1437 2906 cum
1453 2853 1548 2917 Ol'lllll'‚
1565 2849 1671 2917 ardens,
1686 2857 1781 2922 posted
1794 2849 1947 2919 splendens.

320 2953 499 3026 qnadraginta
514 2973 520 3008 :
536 2962 599 3010 octo
623 2955 702 3010 horas
716 2953 786 3011 lucei
800 2954 863 3011 luna
879 2957 992 3012 decima,
1010 2955 1110 3014 simqq.
1162 2944 1215 3000 Sed
1244 2944 1348 3000 colores
1361 2944 1430 2999 ratio
1444 2944 1614 3000 altitudinem
1641 2951 1784 3018 teutperat.
1809 2942 1949 3013 Siquidem

321 3055 363 3102 ter
376 3054 404 3103 et
417 3048 555 3105 uicesima.
1161 3051 1255 3091 earum
1278 3033 1481 3091 similitudinem
1505 3035 1616 3090 trahunt
1629 3033 1656 3088 in
1672 3048 1787 3105 quarum
1798 3048 1888 3089 aerem
1904 3047 1949 3087 re·

604 3135 717 3194 CAPUT
735 3138 825 3196 xliv,
1161 3141 1227 3183 nere
1248 3127 1407 3194 subeundo;
1425 3125 1577 3199 tinguitque
1592 3125 1624 3181 ad
1640 3126 1851 3197 propinquantes
1873 3131 1949 3178 utra-

468 3225 506 3280 lle
518 3228 697 3299 magnitudine
707 3228 770 3284 sotis
784 3230 838 3285 iim
850 3231 930 3286 tum,
1161 3218 1227 3276 libet
1249 3219 1330 3275 alieni
1356 3227 1462 3274 meatus
1472 3217 1601 3286 circulus,
1628 3216 1752 3290 frigidior
1767 3217 1794 3273 in
1807 3216 1946 3286 pallorem,

355 3314 430 3372 oisc.
455 3316 492 3372 ue
506 3318 690 3389 magnitudine
700 3318 765 3375 suns
779 3328 807 3375 er
822 3319 892 3375 tune
905 3320 1002 3377 vetlem
1017 3329 1047 3376 m
1059 3321 1108 3377 att·
1123 3286 1147 3350 C
1163 3310 1301 3366 ardentior
1324 3310 1351 3366 in
1365 3309 1503 3375 munem,
1530 3317 1658 3365 ventosus
1682 3308 1708 3363 in
1724 3308 1874 3364 horrorem·
1902 3305 1948 3362 sm
2035 3320 2042 3336 ·

318 3421 373 3479 qna
386 3407 502 3465 diceres.
518 3408 586 3467 llio.
604 3410 674 3467 Solis
689 3412 779 3483 ignem
792 3412 885 3469 dieunt
906 3430 976 3485 aqua
1000 3416 1108 3485 nutriri,
1162 3410 1241 3473 ill(1¹¹⁰
1273 3402 1458 3459 0⁰¹⁰¹¹¹l⁸⁵¹¹f³
1488 3398 1611 3473 ilildum
1644 3406 1825 3469 “immine
1853 3395 1948 3452 ⁰f¹li¹²¹³

319 3500 460 3572 multoque
474 3503 546 3559 hunc
559 3503 620 3559 luna
645 3505 816 3575 ampliorem,
844 3508 934 3564 lunam
955 3525 1019 3566 ,qq-0
1035 3520 1108 3569 gem
1160 3502 1246 3549 atram
1260 3494 1287 3549 iu
1303 3492 1507 3550 obsmriutem.
1523 3492 1594 3547 liisc.
1609 3489 1668 3560 Quo
1684 3498 1774 3545 alitem
1790 3491 1817 3544 in
1833 3490 1892 3545 loro
1906 3491 1948 3543 rel

316 3607 380 3649 esse
393 3591 538 3663 maiorem,
566 3596 636 3651 unde
654 3603 682 3651 et
694 3598 798 3653 cunctis
813 3599 892 3656 unius
916 3602 1109 3673 magnitudinis
1160 3585 1187 3640 5¹¹
1201 3585 1299 3657 quibus
1315 3585 1401 3659 signis
1419 3593 1483 3642 ⁵⁰⁰¹
1509 3586 1535 3640 5¹¹
1549 3582 1700 3656 liminii?
1717 3582 1786 3639 ⁸¹⁵⁰·
1805 3582 1883 3638 ”⁰¹¹⁰
1900 3597 1947 3636 ³¹¹·

316 3694 460 3755 appareat.
472 3684 548 3754 Quod
563 3686 636 3742 enim
653 3687 693 3743 sol
715 3688 839 3744 cubitalis
861 3690 994 3757 rideatur,
1018 3692 1108 3750 nimiae

316 3775 488 3835 celsitudinis
511 3778 639 3834 distantia
664 3779 739 3836 facit.
771 3782 898 3853 Alioquin
924 3783 1010 3854 major
1034 3786 1107 3843 ludis

318 3868 424 3935 oriens,
438 3878 467 3925 ει
488 3868 627 3928 Britannis
640 3882 784 3943 appareret
809 3875 946 3931 occidens.
973 3877 1106 3944 Quidum

318 3967 418 4013 natura
436 3959 473 4015 sit
485 3959 589 4031 igneus,
605 3971 680 4018 motu
704 3979 812 4036 quoqne
829 3964 912 4020 nimio
926 3967 1043 4023 calorem
1059 3969 1107 4022 ad·

317 4063 411 4127 auget.
427 4055 476 4114 llic
492 4074 572 4115 eursu
584 4058 707 4116 uariante
729 4060 787 4117 dies
809 4069 836 4117 et
851 4077 969 4127 menses,
985 4071 1106 4133 tempora

316 4146 414 4205 diridir
424 4155 453 4203 et
466 4162 560 4215 annos,
577 4150 701 4219 aerisque
729 4150 886 4222 temperiem
897 4150 1051 4206 accedendo
1064 4150 1106 4206 rel

315 4237 469 4293 resedendo
490 4254 539 4309 pro
562 4247 711 4310 tempomm
734 4240 839 4296 ratione
862 4240 1011 4311 dispensat,
1030 4256 1064 4298 ne
1080 4243 1105 4298 si

314 4342 426 4398 semper
442 4329 470 4384 in
488 4329 591 4385 hisdem
618 4339 772 4387 moraretur
784 4329 862 4398 locis,
875 4329 927 4386 alia
952 4330 1035 4397 calor,
1052 4332 1103 4386 alia

315 4418 403 4491 frigor
416 4421 581 4475 absumeret.

616 4512 728 4570 (APUT
748 4511 827 4568 xlv.

530 4602 567 4657 tte
581 4613 676 4656 nutura
695 4611 719 4657 et
738 4603 791 4656 situ
803 4602 882 4657 lrnoe.

350 4692 456 4749 Lunam
475 4710 528 4750 uon
543 4694 627 4750 minui
645 4709 695 4750 nec
708 4709 831 4751 erescere
841 4695 944 4761 dieunt,
957 4694 1004 4751 sed
1017 4710 1033 4749 a
1047 4695 1102 4751 sole

313 4782 598 4859 illustratamaparte
623 4803 704 4857 quam
728 4787 808 4844 inaltet
824 4788 857 4844 ad
879 4802 941 4843 eum
962 4785 1101 4858 paulatim,

313 4876 358 4935 vel
383 4877 419 4932 alt
440 4892 474 4932 eo
490 4878 649 4944 recedendo,
674 4878 716 4933 rel
740 4878 766 4934 ei
786 4877 1001 4948 propinquando,
1025 4878 1103 4933 nobis

311 4968 459 5025 candidam
485 4979 590 5041 partem
611 4970 749 5026 revolvere
769 4969 809 5025 ref
828 4978 915 5027 auant
934 4979 963 5025 et
979 4971 1023 5027 die
1039 4972 1101 5043 qui-

312 5058 376 5116 dem
388 5069 529 5115 crescente
548 5061 671 5130 supinam
685 5060 758 5116 cerini
772 5075 868 5116 noram
881 5060 983 5128 lunam,
997 5068 1026 5117 ut
1039 5069 1102 5132 pote

312 5150 483 5220 superiorem
496 5152 555 5217 soli,
573 5161 601 5207 et
613 5152 749 5221 aquilonia
767 5151 800 5206 acl
812 5152 986 5208 subeuntem.

600 5242 713 5299 csrtir
733 5241 825 5298 Lxl'l.

515 5331 552 5387 De
564 5332 680 5403 eclypsin
692 5333 755 5387 solis
766 5333 819 5387 tire
831 5332 912 5387 lune.

349 5418 423 5475 Dirc.
440 5419 565 5477 Defectus
580 5422 690 5477 luminis
707 5423 848 5491 utriusque
862 5423 958 5479 sidens
983 5425 1052 5478 unde
1067 5424 1103 5478 sit

313 5524 380 5583 rugo
393 5522 423 5569 ut
437 5515 580 5569 edisseras.
607 5515 677 5569 llio.
699 5514 788 5570 Solem
804 5515 956 5570 interventu
968 5514 1045 5579 luuae,
1061 5516 1102 5569 lu·

311 5614 431 5673 namque
449 5613 527 5659 terrae
537 5603 644 5674 obiectu
656 5605 734 5661 nobis
746 5605 890 5675 perhibent
901 5604 1042 5670 occultari,
1054 5605 1102 5660 sed

311 5694 378 5747 uilis
390 5694 525 5750 delectum
538 5695 644 5750 nonnisi
660 5694 804 5751 norissima
818 5695 939 5766 primaru
950 5692 1008 5750 fiori
1026 5694 1101 5760 luna,

309 5798 393 5853 quam
411 5794 507 5841 vocant
533 5788 644 5850 coitum,
670 5785 853 5842 itinerantem
881 5786 986 5841 nonnisi
1009 5784 1099 5855 plena,

311 5888 367 5931 ιιιιιι
380 5890 460 5947 posse
479 5894 545 5935 reru
561 5885 646 5932 totum
673 5879 757 5933 sulem
784 5877 864 5931 adimi
893 5876 971 5931 terris
986 5876 1101 5930 inteme-

1160 3686 1225 3743 tem,
1237 3676 1264 3732 id
1277 3686 1331 3744 est,
1345 3660 1417 3733 annio
1427 3677 1573 3735 Dominicis
1586 3675 1781 3731 incarnationis
1798 3674 1861 3738 820,
1873 3688 1948 3728 meri-

1160 3782 1189 3823 se
1201 3764 1282 3832 lulio,
1302 3782 1374 3822 nona
1393 3766 1436 3822 diu
1450 3766 1561 3831 mensis,
1575 3774 1616 3821 est
1630 3765 1670 3821 sol
1683 3765 1709 3820 in
1724 3764 1852 3820 uicesima
1869 3764 1947 3817 tertia

1159 3865 1235 3931 parte
1250 3858 1357 3922 Caneri,
1387 3859 1451 3912 luna
1466 3858 1494 3911 in
1509 3871 1578 3911 nona
1601 3865 1677 3926 parte
1695 3855 1788 3917 laturi,
1803 3855 1880 3910 stella
1895 3853 1946 3909 Sa-

1159 3948 1232 4002 turni
1247 3947 1273 4001 in
1288 3947 1365 4018 signo
1379 3946 1482 4011 arietis,
1497 3943 1571 3999 loris
1599 3945 1625 3998 in
1639 3944 1737 4008 libne,
1757 3942 1849 3997 llartis
1863 3943 1890 3996 in
1904 3943 1945 4012 pi-

1158 4036 1254 4092 scium.
1271 4035 1385 4091 Veneris
1395 4048 1502 4106 quoque
1516 4034 1591 4089 stella
1604 4042 1631 4088 et
1646 4032 1781 4097 llereurii,
1792 4033 1856 4103 quia
1867 4033 1946 4102 iuxta

1158 4126 1242 4182 solem
1256 4126 1282 4180 in
1294 4125 1353 4181 luce
1369 4125 1463 4181 diurna
1475 4125 1554 4181 modu
1569 4135 1643 4191 sunt,
1657 4141 1710 4180 non
1720 4132 1841 4196 apparet,
1853 4125 1880 4179 in
1892 4138 1946 4193 quo

1158 4217 1234 4290 signo
1253 4223 1403 4272 morentur.
1427 4215 1501 4273 Drsc.
1522 4215 1626 4272 Caetera
1647 4228 1754 4284 quoque
1777 4215 1866 4270 sidera
1885 4228 1945 4284 qnae

1158 4315 1235 4365 extra
1254 4308 1395 4363 zodiacum
1408 4316 1472 4365 sunt
1495 4316 1558 4379 peto
1571 4314 1601 4361 ut
1614 4304 1732 4361 breviter
1751 4319 1902 4373 enumeres,
1918 4315 1947 4360 et

1157 4416 1217 4472 quae
1234 4416 1250 4455 a
1268 4399 1363 4457 dextra
1384 4408 1461 4471 parte
1488 4398 1573 4469 ipsius
1598 4397 1711 4463 zodiaci,
1737 4410 1830 4467 quaere
1848 4410 1863 4450 a
1879 4396 1946 4451 sini-

1157 4500 1213 4546 stra
1238 4491 1302 4557 slnt,
1322 4488 1468 4544 edisseras.
1486 4486 1555 4542 llio.
1576 4486 1605 4542 Si
1623 4486 1751 4541 decursu
1774 4485 1944 4556 planetarum

1158 4589 1263 4635 tantum
1283 4586 1426 4636 contentus
1443 4592 1528 4641 esses,
1541 4575 1597 4645 jam
1612 4576 1681 4632 satis
1697 4574 1746 4632 tibi
1766 4576 1869 4631 dietum
1884 4590 1944 4631 esse

1119 4647 1292 4744 I'putarem
1317 4668 1371 4726 Sed
1395 4669 1458 4738 quia
1486 4668 1599 4723 nimium
1612 4668 1734 4724 curiosus
1749 4667 1782 4722 ad
1795 4675 1893 4722 eaetera
1908 4667 1944 4722 si-

1156 4775 1208 4833 gna
1220 4774 1279 4830 quar
1291 4773 1339 4830 per
1355 4765 1440 4814 totum
1455 4757 1569 4841 sphaere
1583 4756 1701 4813 eoelestis
1722 4757 1853 4812 enititum
1877 4772 1943 4813 con-

1155 4854 1254 4910 sistunt
1272 4853 1431 4923 inquirendo
1445 4850 1625 4924 progrederis,
1644 4850 1828 4907 necessarium
1844 4864 1906 4905 reor
1916 4858 1945 4904 nt

1155 4943 1241 5013 ipsius
1266 4945 1380 5013 spliaerre
1404 4944 1457 4999 situ
1477 4950 1504 5000 et
1517 4950 1643 4996 naturam
1663 4943 1739 5013 prius
1757 4957 1889 5012 exponam
1903 4958 1945 4997 se-

1156 5036 1272 5092 eundum
1300 5036 1434 5106 majorum
1462 5036 1622 5092 sententiam
1649 5036 1779 5095 lareriter,
1799 5034 1878 5089 etsie
1892 5043 1945 5087 tune

1155 5129 1359 5199 interrogationi
1374 5129 1408 5184 de
1421 5130 1525 5184 caeteris
1536 5128 1722 5198 respondeant.

1439 5241 1552 5298 diret
1565 5242 1654 5297 xllx.

1436 5330 1475 5385 De
1489 5340 1584 5386 nutura
1597 5331 1663 5387 coefi.

1190 5423 1262 5479 linc.
1282 5422 1389 5478 Utinam
1404 5420 1507 5477 facias!
1523 5421 1592 5478 Man.
1609 5419 1713 5477 Coelum
1727 5417 1833 5475 subtilis
1842 5417 1942 5491 ignen-

1154 5530 1206 5585 que
1226 5522 1337 5576 naturae,
1355 5511 1565 5581 rotundumque,
1583 5518 1611 5565 ut
1624 5523 1640 5564 a
1655 5516 1734 5564 terrae
1747 5518 1841 5564 centro
1856 5508 1941 5577 aequis

1154 5606 1250 5678 spatiis
1277 5604 1394 5676 undique
1421 5601 1562 5658 collectum
1579 5610 1631 5657 est.
1655 5598 1731 5656 Unde
1755 5607 1783 5656 et
1804 5611 1941 5654 convexus

1154 5697 1312 5765 mediusqne
1325 5707 1486 5767 quacunque
1506 5694 1636 5759 cernitur,
1653 5688 1827 5746 inenarrabili
1841 5688 1940 5743 celeri-

1155 5796 1210 5842 tate
1232 5784 1352 5856 «prioridie
1367 5782 1516 5855 circumagi
1537 5780 1672 5852 sapientes
1693 5779 1785 5834 rnundi
1802 5776 1938 5837 dixerunt,

1154 5877 1191 5930 ita
1209 5885 1237 5930 ut
1252 5882 1342 5929 rueret
1358 5874 1380 5929 si
1395 5890 1448 5931 tion
1463 5873 1630 5945 planetarum
1653 5884 1767 5924 occursu
1784 5867 1923 5922 eruderare
