4509 6850
309 688 362 747 ast
549 649 551 652 ’
645 680 675 735 n.
696 674 823 734 arnam
841 673 950 733 urunt
969 670 1127 728 aueum.
1147 666 1301 724 uoauur.
1320 662 1462 723 oannuu
1482 662 1572 719 nans
1590 661 1611 717 t.
1885 662 1943 719 aas

305 820 403 861 marra
428 800 650 857 madueaaerurt
682 796 711 849 iu
730 794 832 848 deserta
850 811 859 851 .·
878 791 947 846 sicut
968 788 1096 858 scripturn
1108 786 1135 845 Α
1147 796 1250 847 amore,
1277 780 1340 851 tuit
1363 793 1469 851 semper
1493 779 1566 833 intus
1589 776 1781 834 reficiebantur
1801 780 1827 834 in
1842 779 1942 847 eorda

305 890 470 950 estsPaasat
483 883 894 943 decoeiodediteisruaudueare
907 877 998 952 (Jaan.
1012 876 1061 948 rr).
1148 873 1239 928 minus
1254 872 1286 927 de
1301 879 1408 926 terreno
1421 885 1501 942 parte,
1515 884 1569 941 (1¹¹⁰
1584 884 1682 939 0⁰sbl¹⁸
1696 870 1771 939 9³⁸⁰?
1790 869 1873 937 ⁵⁰¹012
1895 885 1946 927 0¹¹·

341 979 608 1051 matermortua
624 980 662 1032 ait
677 977 730 1032 illis
747 990 756 1029 .·
774 974 859 1030 Facta
876 988 981 1045 uespere
993 970 1098 1025 dicitis:
1150 967 1258 1019 rabant.
1516 1039 1519 1050 1
1623 961 1633 988 ’

307 1075 435 1133 &renutu
449 1073 508 1136 erit,
523 1068 696 1124 multandum
706 1076 744 1123 est
757 1067 826 1122 erunt
840 1065 950 1128 culum:
963 1072 988 1117 et
1004 1076 1098 1116 mane:
1185 1055 1236 1122 out
1259 1056 1325 1111 atate
1345 1054 1426 1111 iliis:
1451 1053 1595 1107 Intuemini
1614 1063 1638 1108 et
1666 1062 1750 1109 cauete
1775 1053 1946 1123 asemteuts

307 1163 394 1220 lindis
412 1169 563 1231 tempestas,
584 1158 676 1213 rutilat
688 1160 756 1212 emm
772 1158 846 1211 triste
864 1155 966 1211 coeiuat.
989 1151 1013 1206 F
1015 1154 1098 1208 aciem
1150 1149 1345 1205 Pharisaeorum
1355 1158 1378 1204 et
1392 1147 1608 1205 sadduceorum.
1620 1146 1649 1201 ln
1659 1145 1746 1202 llarco
1757 1146 1794 1200 ita
1807 1148 1945 1216 scriptum

308 1271 368 1326 erpo
380 1251 437 1308 toeii
448 1230 594 1320 dijudicare
605 1250 697 1315 uastis,
708 1250 782 1318 sigua
794 1258 879 1302 autent
890 1256 1035 1316 temporum
1046 1258 1099 1297 aaa
1148 1251 1190 1297 εει
1203 1261 1210 1296 a
1228 1240 1328 1306 Videte,
1346 1250 1433 1295 cauata
1448 1257 1464 1293 a
1481 1240 1607 1310 fermenta
1620 1238 1828 1303 Pharisaeorum,
1847 1250 1874 1295 et
1892 1240 1946 1309 {er-

307 1348 422 1419 potaett's.
435 1343 570 1416 (hieran.)
582 1341 885 1397 Secundumhistnriam
899 1347 990 1393 autern
1004 1350 1100 1392 sensus
1149 1342 1234 1389 mento
1246 1332 1359 1388 Herodis
1382 1331 1480 1406 (liare.
1499 1331 1569 1398 vur).
1593 1330 1768 1387 Fermentum
1788 1330 1947 1387 Pharisaeo-

308 1436 360 1491 iste
380 1432 540 1489 manifestus
562 1440 613 1497 est,
632 1419 704 1501 quod
727 1446 760 1486 ex
789 1430 984 1486 elementorum
1005 1426 1100 1481 ordine
1151 1441 1209 1479 rum
1223 1433 1265 1480 est
1279 1425 1387 1480 decreta
1400 1424 1466 1496 legis
1480 1423 1578 1478 divinae
1595 1422 1786 1481 traditionibus
1800 1422 1946 1477 hominurn

309 1534 390 1595 atque
413 1524 588 1581 consonantia
612 1523 718 1594 possint
737 1530 765 1577 et
788 1521 876 1577 sereni
896 1528 925 1575 et
936 1517 1019 1589 pluuii
1042 1517 1101 1573 dies
1149 1522 1328 1585 postponere;
1345 1514 1386 1570 vel
1400 1513 1571 1584 cartelegem
1584 1514 1674 1570 verbis
1687 1514 1850 1584 predicare,
1865 1512 1948 1570 iactis

309 1616 451 1685 praenosci.
467 1613 570 1669 Scribae
582 1622 671 1668 autem
686 1620 713 1668 et
725 1611 865 1677 Pharisaei,
880 1610 926 1681 qui
940 1609 1101 1664 ridebantur
1150 1607 1317 1677 impugnare.
1325 1605 1498 1663 Fermentum
1511 1622 1604 1661 eorum
1616 1615 1660 1662 est
1669 1607 1812 1664 bominum
1824 1615 1948 1676 tentare,

309 1720 371 1763 esse
393 1705 460 1777 legis
480 1704 615 1769 doctores,
634 1719 667 1759 ex
690 1704 883 1775 prophatarum
908 1698 1101 1755 vaticinatione
1151 1700 1341 1755 necdoctrinae
1355 1698 1413 1768 ejus
1433 1707 1481 1755 ant
1500 1700 1627 1769 operibus
1641 1700 1763 1765 credere,
1785 1700 1835 1756 sed
1860 1700 1947 1756 insul·

311 1810 365 1851 nnn
398 1803 525 1864 poterant
565 1792 714 1864 intelligere
750 1791 902 1847 Salvatoris
942 1791 1099 1845 adventum.
1152 1789 1233 1844 tando
1253 1788 1317 1855 alia,
1340 1788 1439 1859 quihus
1461 1790 1575 1846 credere
1596 1789 1724 1855 debeant,
1742 1798 1850 1859 petere.
1881 1790 1948 1847 Fer-

309 1883 402 1958 (tup.)
417 1883 581 1955 Spiritaliter
595 1892 684 1939 autern
698 1883 770 1953 quod
783 1883 851 1938 dixit
862 1880 1001 1944 hominus,
1017 1878 1101 1933 Facta
1152 1890 1272 1936 ruentum
1285 1879 1398 1936 llerodis
1409 1889 1452 1936 est
1464 1879 1635 1943 adulterium,
1652 1880 1840 1946 homicidium,
1860 1890 1948 1938 ιειιιε-

310 1989 412 2043 ruspare
421 1974 509 2028 dicitis
525 1990 645 2029 ursarum
655 1974 714 2039 erit,
732 1973 906 2027 rubicundum
919 1980 956 2026 est
969 1971 1038 2026 euim
1051 1984 1101 2025 σε·
1153 1974 1218 2028 ritas
1233 1972 1353 2042 jurandi,
1367 1972 1504 2028 simulatio
1522 1970 1671 2042 religionis,
1690 1979 1718 2026 ει
1731 1972 1805 2041 quod
1821 1972 1949 2029 omniunt

309 2062 365 2116 ium
378 2062 521 2131 significat,
533 2063 606 2132 quod
618 2078 667 2131 per
680 2062 840 2130 sanguinem
854 2061 987 2131 passionis
999 2061 1099 2117 Christi
1153 2074 1194 2121 est
1208 2074 1326 2136 caputet
1340 2066 1416 2137 origo
1433 2064 1579 2129 scelerum,
1593 2063 1685 2118 odium
1703 2078 1735 2119 ac
1747 2064 1908 2134 persecutia
1922 2063 1949 2119 in

310 2152 439 2222 inprime
452 2154 568 2208 aduentu
588 2153 752 2225 indulgentia
766 2163 936 2222 peecatorum
959 2156 1048 2209 datur.
1064 2155 1098 2210 St
1114 2129 1137 2188 Β
1151 2157 1287 2213 Christum
1307 2166 1335 2212 et
1353 2170 1548 2227 procursurum
1568 2153 1637 2223 ejus,
1658 2168 1872 2225 praeconemque
1895 2156 1949 2226 pri-

311 2258 408 2297 muas:
423 2241 509 2297 lindis
520 2253 668 2315 tempestas,
680 2242 753 2298 rubet
770 2244 914 2299 enimcum
933 2245 1039 2299 tristitia
1051 2260 1101 2300 τε·
1152 2263 1225 2303 mum
1250 2247 1326 2318 regni
1350 2246 1480 2303 coelestis.
1501 2244 1592 2316 hquo
1607 2251 1785 2313 utrarumque
1808 2243 1948 2300 fermenta

310 2335 378 2404 iam,
395 2336 531 2408 significat
547 2338 618 2408 quod
640 2340 757 2394 seeundo
777 2340 896 2395 adtenta
920 2339 981 2410 igne
999 2356 1101 2411 praece·
1152 2340 1234 2395 etiarn
1246 2337 1390 2409 Apostolus
1405 2352 1455 2392 nos
1471 2334 1617 2406 prohibeas
1630 2333 1668 2389 ait
1680 2352 1687 2388 ε
1701 2332 1798 2405 itaque
1810 2333 1949 2404 spuicam

310 2425 531 2483 deuterenturus
543 2437 594 2483 est.
606 2426 713 2483 Faciem
726 2430 794 2484 euim
809 2427 866 2483 areli
873 2430 996 2499 judicare
1007 2433 1098 2497 uastis,
1152 2445 1204 2484 stau
1225 2430 1252 2484 iu
1267 2428 1393 2498 fermento
1412 2429 1508 2492 aeteri,
1539 2443 1620 2497 neque
1639 2425 1667 2480 iu
1685 2424 1817 2495 fermenta
1836 2426 1946 2481 malitie

309 2518 386 2588 sigua
401 2528 487 2572 autem
503 2528 647 2589 temporum
660 2536 710 2573 nan
723 2521 838 2591 potestis.
854 2518 935 2590 Signa
949 2529 1101 2591 temporum
1151 2529 1176 2575 et
1196 2520 1328 2591 nequitia,
1338 2519 1383 2573 sed
1406 2519 1433 2574 itt
1444 2518 1543 2589 aaprais
1565 2518 1722 2573 umeruatis
1741 2528 1768 2573 et
1785 2520 1905 2574 resimis
1919 2518 1945 2591 (l

311 2607 379 2662 dixit
397 2608 430 2662 de
452 2609 567 2664 adrenru
591 2624 651 2676 sno,
673 2610 715 2665 vel
738 2611 874 2681 passione,
888 2612 931 2666 oui
954 2611 1042 2668 simile
1059 2621 1102 2669 est
1152 2613 1215 2669 Gor.
1232 2613 1270 2686 v).

311 2715 418 2756 roseum
446 2703 543 2757 coelum
572 2717 703 2774 respero;
732 2711 760 2759 ει
783 2704 848 2759 item
869 2706 903 2760 de
927 2704 1101 2762 tribulatione
1188 2705 1220 2759 Aa
1244 2704 1283 2758 iili
1301 2704 1448 2774 captabant
1468 2702 1593 2767 interae,
1616 2700 1757 2756 dimittes:
1780 2698 1947 2771 Quiapaues

311 2799 375 2847 ante
392 2792 536 2848 adventurn
559 2809 638 2850 suurn
654 2794 786 2860 laturum,
800 2795 844 2850 cui
861 2794 949 2851 simile
962 2804 1005 2851 est
1021 2811 1102 2851 mnne
1153 2811 1204 2850 aaa
1219 2796 1375 2865 accepimus.
1397 2792 1488 2850 Sciens
1508 2803 1595 2847 autern
1611 2789 1689 2846 Jesux
1707 2790 1800 2846 dixit:
1816 2789 1889 2857 Quiri
1902 2807 1946 2845 aa·

314 2896 421 2936 roseum
434 2898 497 2938 curn
511 2884 622 2939 tristitia
635 2885 742 2940 crelam.
1152 2888 1241 2958 piratis
1252 2887 1320 2941 iuter
1330 2902 1382 2949 aas,
1395 2884 1505 2938 madian
1514 2883 1588 2953 fidei,
1598 2884 1659 2954 quia
1668 2898 1749 2953 patres
1764 2899 1818 2936 narr
1827 2882 1947 2938 tatuit?

350 2969 490 3028 Generatia
507 2974 578 3029 mala
600 2985 624 3031 et
639 2975 760 3031 adultera
779 2979 883 3049 sigum
902 2979 1004 3050 quierit,
1023 2988 1048 3033 et
1065 2979 1102 3033 si·
1155 2976 1282 3031 Nautium
1294 2974 1451 3044 intelligitis,
1470 2988 1552 3043 usque
1570 2971 1744 3026 recordamini
1763 2972 1881 3043 quiaque
1896 2988 1945 3043 pa·

312 3078 391 3133 gnum
410 3080 462 3119 narr
474 3066 580 3121 dabitur
599 3068 634 3133 ei,
652 3069 703 3123 uisi
719 3069 822 3140 siguum
836 3069 923 3125 laun.
936 3069 1027 3143 (llas.)
1042 3069 1102 3126 Non
1152 3080 1226 3130 etms
1243 3072 1268 3118 ti
1289 3065 1404 3134 quinque
1421 3062 1505 3117 milite
1524 3063 1675 3128 minim,
1694 3070 1719 3116 e?
1742 3072 1805 3133 (μοι
1824 3064 1944 3134 cephisos

311 3167 377 3224 ergo
391 3155 470 3209 dattrr
487 3157 593 3228 signum
615 3160 783 3228 generationi
800 3160 855 3226 illi,
875 3160 902 3216 id
923 3168 975 3225 est,
994 3167 1102 3215 tentan-
1152 3155 1320 3226 sumpsistis?
1338 3154 1429 3227 Neque
1449 3163 1546 3225 septem
1561 3169 1676 3224 patum,
1689 3163 1717 3227 pt
1733 3163 1852 3224 quarm
1865 3154 1944 3210 miliia

313 3243 381 3297 tium
405 3244 550 3302 Dominum
578 3259 606 3303 et
630 3248 819 3306 resultantium
842 3251 932 3306 verbis
954 3250 1028 3319 eJ'us3
1050 3250 1103 3306 tale
1152 3249 1298 3313 homiuum,
1312 3256 1337 3302 ει
1350 3256 1412 3318 quat
1426 3255 1528 3316 spartus
1542 3244 1710 3315 sumpsistis?
1727 3242 1821 3310 Quare
1835 3261 1889 3300 uas
1906 3247 1945 3300 iu·

313 3335 407 3404 utique
427 3337 546 3406 signum,
566 3340 646 3410 quale
670 3347 805 3397 tentantes
827 3341 994 3411 quaerebant,
1009 3341 1101 3406 idest,
1153 3336 1269 3407 telligitis
1289 3336 1351 3407 quia
1370 3350 1421 3389 nats
1440 3334 1472 3389 de
1492 3334 1633 3405 putredini
1652 3331 1851 3390 aaiisrtlaaete
1865 3353 1883 3390 a
1896 3336 1945 3405 [er-

314 3422 348 3478 de
373 3423 442 3479 coelo
455 3444 462 3479 t
475 3428 574 3496 quibus
597 3439 688 3485 tamen
711 3430 794 3486 multa
819 3431 940 3486 eoelestia
966 3431 1049 3486 dabat
1075 3432 1102 3486 in
1154 3437 1240 3483 menta
1261 3425 1458 3483 Paauxoarum
1477 3436 1501 3480 et
1514 3425 1743 3483 Sadducaeorum?
1757 3425 1812 3482 Per
1830 3429 1946 3485 musta

313 3521 397 3568 terra.
419 3514 553 3571 Gaetarum
573 3521 739 3589 generationi
757 3523 936 3594 quaerentium
948 3523 1101 3592 hominurn,
1154 3534 1217 3575 nem
1228 3519 1366 3590 precepti,
1378 3517 1449 3588 quod
1460 3516 1583 3573 Salvator
1593 3517 1725 3589 jusserat,
1738 3517 1846 3585 dicens,
1858 3519 1945 3576 Carsu

313 3605 511 3676 requirentium
537 3609 633 3666 iaciern
660 3613 708 3668 bei
729 3613 822 3682 Jacob,
848 3617 953 3688 signum
977 3617 1010 3673 da
1033 3617 1103 3674 eoelo
1153 3610 1307 3680 aienneato
1320 3607 1945 3679 Pharisuorumetafermetttallerariis,docrt

312 3698 484 3766 ostendebat,
500 3704 608 3771 qnando
632 3707 805 3762 cernentibus
829 3709 959 3778 apostolis
981 3711 1104 3765 ascendit
1154 3719 1201 3760 eos
1215 3704 1280 3774 huid
1294 3702 1447 3774 significent
1461 3701 1580 3773 quinque
1595 3715 1695 3771 limet,
1708 3709 1739 3757 el
1752 3712 1870 3772 septem,
1890 3705 1945 3760 sive

314 3788 342 3842 in
356 3787 466 3856 caelum,
478 3793 586 3861 qnando
600 3794 683 3849 misso
696 3795 812 3866 desuper
823 3798 924 3868 Spiritu
938 3800 1103 3870 primitivam
1153 3795 1261 3866 pisculi,
1286 3803 1334 3849 aut
1355 3793 1574 3865 quinquemillia
1591 3793 1748 3858 hominum,
1767 3803 1796 3849 et
1819 3803 1944 3866 quatuor,

314 3877 435 3947 implevit
447 3880 607 3949 Ecclesiam,
619 3886 726 3955 qnando
741 3888 775 3943 ad
788 3888 988 3959 impositionem
1008 3908 1104 3950 manus
1155 3900 1214 3955 (1¹1ae
1228 3892 1305 3954 h³⁸¹³
1320 3891 1382 3939 ⁵⁰¹¹!
1403 3883 1430 3938 ⁵¹¹
1448 3897 1551 3938 θῐθῐΰθ·
1566 3881 1643 3949 0⁰⁰⁶
1656 3880 1722 3938 liiii
1735 3883 1877 3951 illumin
1891 3899 1945 3939 Μ·

314 3969 495 4038 apostolorum
514 3973 541 4027 in
554 3973 688 4041 Samaria,
703 3975 839 4044 Caesarea,
853 3979 970 4050 Epheso,
992 3962 1104 4052 aliisque
1154 3974 1265 4045 gnitudo
1285 3975 1424 4046 emblem
1440 3974 1487 4040 ⁸5¹,
1504 3981 1593 4030 ‘³1⁰0ss
1617 3972 1690 4029 iliud
1709 3973 1824 4044 Shiiiflli
1848 3975 1946 4031 inlelli-

313 4059 427 4115 urbibus
445 4077 478 4118 ac
495 4062 563 4119 locis
580 4064 713 4136 plurimis,
727 4070 843 4139 gratiam
856 4071 889 4127 de
902 4072 972 4128 ctelo
986 4071 1103 4144 Spiritus
1155 4067 1245 4139 sentit
1269 4066 1480 4123 dem⁰¹¹³1ffll¹¹b
1510 4064 1539 4121 Si
1563 4064 1634 4120 ellim
1657 4063 1824 4121 &mettium
1849 4064 1945 4122 Phari·

314 4151 402 4205 sancti
415 4153 587 4211 credentibus
598 4157 770 4215 ministravit.
783 4161 917 4236 (Hieran.)
930 4164 999 4232 Quid
1012 4176 1102 4224 autem
1154 4175 1269 4216 iaeofflm
1293 4168 1321 4214 0¹
1344 4157 1552 4214 S²tld¹¹0ae⁰ffl¹¹¹
1585 4164 1614 4213 0?
1643 4156 1808 4214 stimulum
1833 4157 1946 4215 Herodi?

313 4239 422 4311 signum
434 4241 510 4299 lonae
526 4245 579 4301 sihi
593 4247 667 4314 velit,
684 4249 740 4320 jam
753 4266 834 4320 supra
847 4253 949 4308 dictum
962 4263 1012 4310 est.
1154 4268 1208 4307 non
1234 4253 1402 4320 corporalem
1433 4265 1543 4320 panem,
1555 4250 1604 4306 sed
1627 4251 1790 4307 traditiones
1803 4267 1944 4322 perversas

350 4333 386 4391 St
401 4334 496 4390 relictis
510 4336 564 4393 iliis
574 4338 647 4393 abiit.
664 4340 775 4397 Relictis
796 4344 894 4400 scribis
910 4353 938 4401 et
948 4344 1103 4413 Plrarisaeis,
1154 4355 1182 4403 et
1204 4346 1330 4401 haeretica
1355 4344 1490 4415 signiilcat
1505 4345 1741 4416 taquamquam
1753 4354 1782 4400 et
1805 4345 1871 4410 cibi,
1884 4345 1945 4416 qui·

315 4423 414 4493 quibus
436 4427 543 4482 dixerat
556 4445 564 4483 ε
577 4426 716 4485 Generalis
736 4433 808 4487 mata
822 4444 847 4489 et
862 4435 983 4492 adultera
1001 4439 1103 4509 siparum
1154 4438 1205 4493 bus
1222 4437 1339 4492 nutritus
1353 4444 1394 4491 est
1408 4435 1521 4506 populas
1536 4437 1593 4501 bei,
1615 4451 1669 4492 nnn
1687 4451 1781 4492 verare
1794 4437 1943 4494 doctrinan

313 4516 418 4585 querit,
435 4527 460 4572 et
480 4521 584 4589 siparum
599 4537 651 4575 aaa
666 4521 773 4577 dabitur
784 4526 818 4589 ei,
837 4525 888 4580 uisi
903 4526 1006 4597 siguum
1016 4529 1102 4595 iane,
1154 4530 1341 4601 integramque
1366 4526 1542 4598 significent?
1583 4528 1736 4585 istiusmodi
1769 4528 1945 4598 serraculum,

313 4614 389 4662 recte
404 4609 470 4664 abiit
484 4618 559 4667 trans
574 4610 684 4681 iratum,
698 4621 725 4669 et
738 4617 859 4685 gentiunt
879 4625 987 4674 secutus
1002 4627 1044 4676 est
1056 4635 1104 4691 po·
1154 4623 1226 4694 qnod
1246 4621 1320 4677 amni
1345 4622 1451 4678 ratione
1473 4621 1613 4677 vitandum
1636 4630 1688 4689 est,
1704 4621 1801 4678 habuit
1815 4622 1944 4690 llareion,

312 4698 403 4768 9⁰¹⁰&
1153 4720 1182 4769 et
1195 4713 1363 4778 Valentinus,
1377 4719 1406 4768 et
1427 4727 1523 4768 omnes
1539 4712 1669 4768 haeredri.
1685 4712 1862 4769 Fermentum
1877 4715 1946 4771 harre

350 4789 384 4844 lt't
395 4809 453 4846 cum
467 4799 594 4852 venissent
606 4798 729 4858 discipuli
746 4808 820 4856 trans
831 4802 937 4872 fretum,
956 4805 1029 4862 obiiti
1041 4819 1102 4864 sunt
1115 4831 1141 4892 D
1154 4807 1209 4862 rim
1233 4807 1324 4872 habet,
1342 4814 1373 4862 ut
1389 4806 1412 4861 si
1429 4803 1524 4861 honae
1546 4806 1655 4861 mistum
1678 4804 1772 4883 inerit,
1796 4808 1871 4878 quod
1889 4823 1947 4879 par·

311 4896 393 4951 panea
412 4886 537 4954 accipere.
562 4886 671 4954 Quaerat
684 4888 791 4959 aliquis,
805 4900 832 4946 et
854 4893 946 4949 dicat:
963 4895 1102 4963 Quomodo
1154 4911 1218 4952 vum
1235 4895 1386 4961 ridebatur,
1410 4906 1516 4952 crescat
1550 4897 1578 4951 in
1601 4896 1687 4968 majus
1712 4905 1740 4953 et
1758 4898 1794 4954 ad
1822 4913 1944 4969 uaporem

313 4983 398 5040 panes
419 4987 473 5027 nou
497 4975 647 5040 habebant,
674 4978 720 5047 qni
743 4979 833 5034 statim
858 4981 976 5052 impletis
999 4997 1102 5056 septem
1154 5000 1233 5043 suum
1251 4987 1405 5042 universam
1429 4987 1648 5057 conspersionem
1664 4988 1763 5043 trahat
1792 4989 1834 5044 lta
1850 4999 1882 5045 et
1897 4991 1945 5046 do·

312 5063 414 5131 sportis
428 5065 608 5122 ascenderunt
629 5070 791 5138 naviculam,
807 5081 835 5128 ει
849 5087 980 5132 venerunt
994 5079 1021 5134 in
1035 5079 1103 5137 does
1153 5077 1242 5132 ctrina
1256 5077 1391 5144 haeretioa,
1405 5078 1429 5134 si
1441 5077 1483 5133 rel
1501 5078 1633 5134 modicam
1652 5078 1800 5135 scintillant
1823 5079 1852 5136 iu
1871 5089 1945 5136 marr

313 5152 454 5223 llagedan,
473 5156 565 5228 ibique
587 5161 699 5215 audiunt
718 5163 890 5234 navigantes,
917 5169 988 5236 qnod
1006 5183 1103 5226 carere
1152 5174 1247 5236 pectm
1266 5166 1373 5237 jecerit,
1395 5167 1423 5222 in
1441 5167 1517 5223 brevi
1537 5170 1632 5240 iugens
1651 5166 1760 5224 hamma
1780 5181 1944 5236 succrescet,

312 5242 430 5302 debeant
448 5248 820 5311 aiermcntoPharisaeornm
836 5266 863 5312 ει
876 5257 1103 5316 sadduceorum?
1154 5264 1182 5312 ei
1209 5264 1291 5310 totam
1313 5256 1429 5312 hominis
1448 5258 1646 5327 possessionem
1666 5258 1700 5313 ²⁴¹
1720 5273 1751 5314 ⁸0
1774 5260 1876 5317 imbel-
1892 5261 1947 5317 ¹1⁰0

312 5335 367 5392 Sed
381 5337 520 5409 Scriptura
544 5351 669 5411 testatur,
682 5347 753 5418 quod
778 5350 853 5405 obliti
872 5352 927 5406 sint
948 5366 995 5407 eos
1009 5368 1102 5409 secum
1156 5358 1198 5404 est
1219 5349 1253 5404 de
1283 5362 1336 5417 quo
1359 5359 1388 5404 et
1405 5348 1551 5420 Apostolus
1571 5350 1713 5420 loquitur:
1735 5349 1876 5407 iiadicusr
1894 5355 1945 5426 {ess

312 5427 416 5484 tollere.
434 5430 524 5506 (Rus.)
543 5434 620 5502 Quod
635 5448 726 5494 autem
739 5441 890 5513 navigaturi
911 5450 987 5499 trans
1004 5444 1102 5500 trevam
1155 5446 1270 5493 mentum
1291 5448 1372 5494 tatum
1392 5456 1506 5496 massam
1528 5443 1671 5514 commpr't
1691 5439 1764 5513 (dat.
1776 5444 1817 5517 v).

312 5518 387 5572 obliti
409 5529 473 5577 sunt
495 5524 623 5580 viaticum
648 5541 756 5584 sumere
780 5545 883 5597 secum,
910 5531 1038 5588 indicium
1062 5544 1103 5590 cst
1192 5529 1264 5584 Tunc
1284 5529 1467 5586 intelleuerunt
1490 5532 1552 5604 quia
1577 5548 1628 5587 aaa
1648 5532 1747 5588 diurit
1769 5537 1946 5590 eumerus

311 5623 394 5676 quarn
408 5613 542 5668 modicam
557 5619 648 5673 earnis
663 5634 756 5676 curam
779 5619 911 5676 haherent
934 5621 962 5676 in
975 5621 1101 5693 reliquis;
1156 5620 1282 5691 fermenta
1294 5638 1402 5692 parsum,
1413 5625 1458 5678 sed
1470 5625 1616 5680 adactrirta
1626 5622 1828 5683 Pharisaeorum
1842 5638 1868 5683 et
1878 5627 1944 5685 Sad-

311 5700 410 5770 quibus
423 5703 479 5774 ipsa
491 5706 629 5764 reficiendi
644 5712 766 5782 eorporis
778 5714 936 5779 necessitas,
951 5728 1011 5783 quar
1024 5724 1104 5771 nata·
1157 5713 1318 5768 duruerunt.
1335 5714 1449 5788 (litun)
1470 5717 1546 5785 Quod
1564 5718 1605 5774 eis
1624 5718 1690 5774 utile
1715 5727 1778 5776 erat
1801 5722 1944 5791 persuasit,

313 5790 408 5848 raliter
420 5797 524 5852 eunctis
539 5801 698 5857 mortalibus
712 5804 793 5869 inest,
808 5803 956 5860 intentione
968 5804 1103 5863 bominici
1157 5804 1229 5875 quod
1241 5806 1365 5862 noeimm
1377 5809 1465 5864 vitare
1475 5808 1565 5878 jussit
1605 5808 1736 5866 hocutrra
1752 5812 1829 5866 eninr
1849 5826 1943 5884 super-

313 5884 457 5942 comitatus
470 5898 559 5946 mente
572 5903 734 5949 excesserat.
752 5893 827 5950 Unus
840 5901 905 5950 vero
916 5897 1006 5966 panis,
1021 5912 1102 5968 quern
1157 5898 1273 5966 stitiosa,
1295 5907 1323 5954 ει
1340 5899 1478 5968 haeretica,
1499 5910 1594 5972 gravat
1611 5903 1699 5974 magis
1712 5918 1796 5974 quum
1821 5903 1944 5974 adjurata

313 5984 406 6027 secum
420 5976 555 6034 habebant
568 5981 595 6034 ia
609 5981 682 6048 navi,
695 5982 807 6052 mystice
820 5982 906 6055 ipsum
919 6000 1018 6056 paueat
1029 5988 1103 6055 ritae,
1157 5991 1266 6059 mergit,
1284 6000 1312 6046 et
1324 6005 1378 6046 non
1401 5993 1492 6063 erigit.
1507 5993 1529 6049 h
1544 5993 1615 6050 bona
1635 6009 1702 6066 ergo
1719 5997 1854 6069 magistro
1870 5996 1947 6054 disci·

315 6055 458 6122 hominurn
481 6069 606 6130 videlicet
635 6070 816 6144 Salvatarcra,
852 6077 992 6151 ᾱεείςηει,
1027 6080 1104 6151 errius
1157 6083 1211 6153 puli
1226 6083 1351 6141 instructi
1368 6083 1599 6144 intellexeruutin
1614 6085 1945 6150 ternanmsadrattorrau
