4509 6850
300 644 335 703 19
866 636 911 690 nb
930 634 1042 691 OPERA
1062 634 1093 688 11.
1112 632 1241 690 nnnnnl
1258 632 1365 690 ttnbnl
1896 626 1932 682 itti

302 755 412 816 univit.
428 750 494 824 Ejus
512 751 613 822 gutturi
629 747 738 804 iunctus
751 759 834 801 sacrm
850 743 974 799 lectionis
984 758 1091 814 semper
1104 751 1129 809 Λ
1143 743 1250 801 allusio
1265 742 1460 816 grammaticis,
1477 741 1544 797 allos
1558 755 1622 797 vem
1636 741 1664 796 in
1678 737 1835 805 rhetoricis;
1850 748 1934 809 atque

301 843 517 909 dulcisenstitit;
532 857 614 911 quem
629 840 656 894 in
674 838 779 894 lcrrove
795 836 881 892 sancti
898 835 1017 907 Spiritus
1028 850 1090 905 gns-
1142 835 1209 890 alios
1233 836 1259 890 in
1282 834 1423 889 altioribus
1446 832 1544 887 dirime
1566 840 1648 901 angue
1664 832 1789 887 launmnae
1809 830 1931 903 pbiloso-

301 938 378 996 latit.
393 935 416 993 0
430 949 512 1005 quam
534 932 627 988 suavis
645 940 687 985 est
708 929 841 983 veraciter
865 926 983 996 gustanti
1010 942 1091 996 sapor
1141 926 1212 996 pbiae
1225 925 1377 995 scripturis,
1391 924 1449 979 sine
1463 923 1562 979 bividia
1577 920 1934 998 communicansqumlsin-

300 1028 384 1084 divini
408 1023 525 1087 auroris,
538 1037 588 1092 pcr
599 1035 679 1090 quem
695 1017 775 1088 liujus
788 1016 879 1072 mundi
893 1025 990 1072 cuncta
1002 1016 1092 1071 dulce-

301 1126 382 1176 scunt
393 1116 519 1180 adversa,
532 1122 560 1169 et
574 1112 637 1168 lorti
651 1112 742 1166 aninlo
756 1110 888 1165 vilescunt
910 1110 1002 1164 omnin
1017 1109 1092 1164 blan

301 1211 433 1264 elimenta.
452 1206 524 1260 niun
546 1213 646 1276 praetcr
664 1202 787 1257 diuinum
811 1202 837 1256 in
860 1200 985 1256 allectum
1002 1200 1092 1256 cordis

301 1299 469 1361 admittitur,
485 1296 531 1351 ubi
547 1294 621 1351 solus
635 1301 743 1349 creator
768 1309 850 1363 super
867 1291 957 1346 omnia
973 1300 1090 1345 auratur.

302 1388 386 1459 linjus
401 1388 471 1444 sacri
484 1385 628 1457 ergasterii
647 1399 769 1439 summus
783 1391 910 1453 operator
923 1382 1028 1437 exstitit
1039 1381 1093 1435 lla-

301 1483 387 1539 banus
402 1481 463 1546 iste,
486 1478 521 1534 de
533 1492 587 1547 qno
601 1476 752 1546 loquimur,
770 1474 797 1528 in
811 1489 865 1545 qino
879 1472 1028 1543 spiritualis
1041 1471 1092 1526 do·

301 1574 396 1629 ctrinse
414 1570 553 1642 plenitudo
569 1570 722 1624 exuberans
736 1572 818 1620 totam
833 1564 979 1619 illustravit
1002 1562 1092 1617 Eccle-

300 1665 381 1728 siam,
406 1671 434 1717 et
457 1661 549 1733 plures
565 1657 682 1715 erudivit
698 1658 732 1713 ad
744 1656 889 1726 justitiam.
900 1656 934 1710 Et
948 1669 983 1710 ne
996 1654 1093 1709 ordine

1142 1015 1198 1089 guli
1224 1017 1258 1070 ab
1270 1030 1302 1070 eo
1315 1014 1512 1086 postulassent,
1524 1026 1702 1076 omncsrero,
1719 1027 1788 1082 quos
1808 1011 1835 1065 in
1854 1011 1934 1068 audi·

1143 1106 1243 1160 torium
1272 1120 1350 1161 suum
1363 1104 1497 1160 docendos
1522 1103 1640 1169 admisit,
1657 1118 1710 1157 nou
1738 1101 1824 1157 solum
1839 1117 1932 1174 prosa,

1143 1196 1286 1251 sedetiam
1311 1193 1451 1260 carmine,
1468 1192 1600 1265 quidquid
1617 1192 1792 1258 occurrisset,
1811 1192 1934 1252 scribere

1143 1284 1307 1341 informavit.

1180 1377 1276 1434 llultos
1295 1378 1423 1449 insignes,
1447 1379 1541 1435 doctos
1554 1387 1635 1450 atque
1656 1379 1842 1435 secretissimos
1855 1379 1933 1435 ouidi·

1144 1478 1217 1525 tores
1227 1470 1331 1534 babuit,
1345 1485 1459 1540 quorum
1468 1470 1674 1526 excellentiores
1687 1479 1769 1541 atque
1780 1471 1934 1542 precipuos

1144 1558 1325 1631 blegeniridus
1336 1561 1363 1614 in
1375 1560 1445 1615 libro
1457 1560 1489 1614 ds
1502 1559 1669 1632 Temporibus
1681 1563 1773 1631 gratian
1787 1562 1933 1632 quartode-

1144 1652 1215 1708 cimo
1223 1652 1380 1706 nominatim
1390 1661 1594 1719 commemorat,
1603 1663 1630 1708 et
1635 1662 1699 1708 sunt
1709 1653 1754 1709 isti
1764 1672 1770 1707 :
1781 1652 1896 1710 strabus
1907 1663 1931 1718 ¹,

1145 1744 1293 1799 inonachus
1315 1742 1466 1809 Fuldensis,
1485 1745 1573 1814 patria
1585 1744 1706 1801 Francus
1719 1744 1871 1811 orientalis,
1885 1745 1933 1815 uiri

1145 1835 1274 1907 magistro
1299 1835 1325 1890 in
1344 1836 1474 1907 regimine
1496 1837 1650 1893 scholarum
1675 1837 1767 1894 Fuldae
1788 1838 1933 1903 successit,

300 1764 466 1827 prepostero
476 1752 577 1809 diutius
590 1765 747 1821 evagemur,
761 1750 976 1821 operaepretium
988 1746 1093 1818 judica-

301 1849 390 1902 vimus
415 1845 569 1900 intermissa
592 1851 724 1911 repetere,
741 1850 769 1895 ct
787 1855 848 1909 quae
861 1840 933 1895 circa
950 1838 1092 1893 Rabanum

302 1940 337 1996 ab
352 1939 422 1996 Urbe
440 1951 589 2001 reversum,
604 1936 761 2005 priusquam
775 1931 1007 2004 presbyterluerit
1020 1931 1093 1986 ordi·
1144 1930 1188 1986 vir
1211 1930 1237 1985 io
1257 1931 1332 1985 ononi
1345 1930 1510 2002 plenitudine
1529 1932 1725 2002 scripturarum
1747 1931 1932 1995 doctissimus,

301 2040 392 2096 nanus,
406 2030 461 2086 sint
474 2036 549 2101 gesta
562 2026 679 2082 breriter
693 2034 833 2079 annotare.
1146 2030 1232 2078 metro
1254 2022 1420 2077 exercitatus
1444 2031 1472 2077 ct
1496 2038 1587 2093 prosa,
1605 2022 1688 2077 multa
1705 2023 1732 2078 in
1750 2032 1865 2093 utroque
1886 2036 1933 2092 ge·

338 2120 502 2192 llatbgarius
530 2118 713 2173 memorabilis
741 2117 825 2171 abbas
849 2114 957 2170 utilitati
980 2111 1129 2184 cupiensB
1144 2127 1209 2169 nere
1230 2113 1399 2182 conscripsit.
1413 2112 1554 2169 Freeullus
1569 2114 1594 2178 1,
1607 2114 1755 2169 monachus
1778 2112 1931 2177 Fuldensis,

300 2214 443 2272 consulere
455 2212 644 2283 plurimorum,
659 2211 692 2265 de
717 2208 831 2265 iratrum
856 2224 967 2264 suorum
981 2209 1094 2266 consilio
1144 2202 1232 2273 1111111
1251 2202 1332 2268 Sti-lo,
1348 2211 1440 2272 1101111
1463 2204 1604 2273 episcopus
1618 2202 1791 2259 Lemniensis
1807 2198 1835 2258 in
1857 2202 1933 2261 nto·

300 2302 788 2364 1111111111ιιιοιιιιειειῑοῆιιιιειιεῑ
811 2301 1092 2373 ponticannmnun,
1145 2294 1294 2366 nonagensi
1325 2296 1464 2366 provincia
1496 2295 1656 2352 Christiane
1683 2294 1745 2350 nuel
1769 2295 1933 2365 predicator

299 2396 380 2469 cidus
401 2395 585 2467 aragisterimn
604 2402 700 2449 sancto
721 2392 845 2459 naboon,
861 2392 894 2448 de
908 2391 983 2447 ltalia
1007 2407 1094 2463 nuper
1143 2385 1282 2457 egregius,
1303 2386 1348 2456 oni
1373 2386 1477 2457 etipse
1503 2386 1580 2458 plura
1606 2386 1733 2456 opuscula
1759 2387 1930 2457 conscripsit.

301 2500 412 2543 reveno
427 2483 636 2540 commendavit.
657 2483 737 2536 Anno
764 2481 856 2552 itaque
882 2482 1029 2537 Dominicae
1046 2499 1094 2538 na·
1144 2475 1323 2543 Lutbertusv,
1343 2480 1490 2533 monachus
1504 2478 1657 2545 Fuldensls,
1676 2487 1704 2534 et
1720 2487 1813 2549 postea
1827 2479 1933 2550 primus

241 2621 248 2628 .
301 2576 413 2633 tivitatis
424 2574 649 2646 octingentesimo
663 2573 867 2639 tertiodecimo,
883 2572 1030 2629 indictione
1040 2573 1094 2629 llo·
1144 2568 1228 2624 abbas
1240 2570 1267 2624 io
1281 2567 1434 2642 llirsaugia,
1449 2570 1585 2641 Spirensis
1604 2572 1738 2636 dioecesis,
1761 2572 1848 2642 patria
1861 2571 1932 2630 Stie-

302 2682 443 2723 manorum
461 2676 552 2727 sexta,
568 2664 697 2720 Rabanus
709 2679 842 2725 annornm
860 2664 956 2736 viginti
975 2665 1094 2736 quinque
1144 2677 1204 2727 rus,
1224 2662 1319 2717 doctor
1333 2662 1359 2717 in
1374 2663 1447 2717 omui
1463 2663 1593 2718 varietate
1604 2663 1799 2732 scripturarum
1812 2664 1935 2722 eminen-

302 2756 461 2814 mounsterii
484 2755 679 2811 monachorum
708 2754 807 2810 sobole
822 2754 1093 2825 pransitancteum
1145 2753 1274 2818 tissimus,
1296 2768 1345 2810 nec
1365 2754 1529 2810 nnlrmsvitm
1555 2755 1653 2810 merito
1676 2770 1756 2825 quam
1780 2755 1933 2812 eruditione

300 2849 415 2908 docendi
434 2848 562 2913 modum,
577 2862 658 2916 quem
681 2847 716 2901 ab
740 2847 929 2903 Albinouano
950 2847 1091 2911 didiceras,
1143 2842 1299 2912 praelarus,
1318 2844 1364 2913 qui
1384 2844 1511 2898 nonnulla
1527 2846 1625 2916 ingenii
1641 2845 1682 2900 sui
1705 2855 1879 2901 monumenta
1891 2860 1935 2901 rc·

299 2942 382 2998 etiam
401 2949 492 2994 tencre
502 2937 573 3008 apud
590 2937 738 2993 Fuldenses
751 2940 899 2994 unornacbos
912 2939 1093 2998 inviolabilem
1144 2932 1270 3005 lignice
1285 2936 1368 2990 multa
1379 2936 1435 2991 suis
1446 2937 1516 2991 bona
1526 2936 1667 2993 monachis
1677 2937 1816 3007 impendit.
1830 2935 1933 2993 llildol·

299 3030 418 3101 jubctur.
435 3029 485 3096 Qui
509 3044 571 3084 mox
592 3036 622 3081 ot
638 3028 750 3082 docendi
775 3029 876 3083 subivit
899 3029 1028 3096 odicium,
1045 3045 1094 3102 per
1144 3023 1188 3080 ius
1200 3024 1224 3091 1,
1245 3028 1394 3082 monachus
1408 3027 1570 3094 fuldensis,
1592 3030 1678 3099 patria
1700 3029 1822 3085 Frarrcus
1843 3030 1933 3085 orien-

299 3119 392 3176 omuia
402 3117 507 3174 curarit
519 3116 646 3171 bibinum
667 3118 743 3188 sequi
758 3126 786 3173 et
799 3118 899 3173 imitari
920 3121 1091 3191 magistrum,
1145 3116 1216 3183 iniis,
1238 3126 1265 3172 et
1279 3118 1383 3187 primus
1407 3121 1478 3189 apud
1492 3130 1613 3176 sanctum
1631 3120 1770 3176 Aurelium
1783 3120 1933 3191 llirsaugice

301 3218 332 3264 ut
352 3208 475 3279 juniores
498 3206 623 3261 uidelicet
636 3208 784 3264 monachos
798 3208 916 3279 primum
943 3210 1093 3286 doceretin
1146 3206 1299 3263 scholarum
1317 3209 1454 3282 rriagistcr,
1472 3211 1554 3266 bomo
1579 3212 1760 3283 integerrimae
1787 3227 1931 3268 couversa-

301 3299 497 3373 grammaticis,
511 3306 539 3352 et
554 3313 615 3352 cum
632 3298 687 3366 apti
700 3297 857 3354 viderentur
870 3300 905 3354 ad
919 3300 1022 3370 majora
1033 3318 1093 3373 gra·
1145 3298 1227 3352 tionis
1237 3308 1265 3353 ct
1279 3300 1418 3363 doctrinan,
1434 3301 1481 3370 (pn
1500 3304 1599 3371 etipse
1617 3304 1699 3358 nrrrlta
1715 3304 1791 3358 utilia
1815 3304 1934 3359 conscri-

301 3392 424 3450 vioribus
434 3392 515 3447 ctiam
532 3389 713 3448 lorazarcntnr
725 3391 865 3450 institutis.
881 3394 1002 3468 Cunrquc
1013 3397 1093 3469 hujus
1144 3390 1207 3460 11111·
1224 3388 1380 3443 111111111111
1395 3400 1418 3454 ⁰,
1431 3391 1578 3447 1101111111
1591 3391 1742 3457 1111111111,
1755 3402 1783 3449 cl
1800 3395 1936 3452 socundus

300 3500 377 3542 norae
401 3484 575 3540 iustitutionis
597 3485 667 3554 apud
690 3483 842 3542 Germanos
867 3486 938 3543 lama
952 3472 1129 3545 transisserC
1146 3483 1217 3552 apud
1230 3480 1401 3553 llirsauginm
1422 3480 1600 3537 sebolosticus
1613 3494 1672 3552 post
1686 3494 1799 3539 mortem
1816 3487 1934 3549 lliblolb,

302 3579 330 3633 ln
341 3576 489 3647 publicum,
502 3575 592 3644 plures
601 3575 786 3631 cenobiorum
796 3577 900 3647 prelati
910 3593 969 3633 nana
981 3578 1094 3635 docendi
1147 3572 1193 3643 nni
1212 3581 1359 3627 1111111111
1384 3572 1564 3637 110111111111,
1589 3574 1665 3643 111111
1683 3577 1842 3645 composuit.
1871 3578 1938 3632 ller-

302 3670 416 3725 ronnan
443 3667 593 3732 tranantes,
609 3667 653 3720 ani
677 3668 825 3723 molismus
846 3684 909 3725 suos
922 3669 956 3723 aa
981 3669 1094 3726 nursam
1147 3663 1249 3719 irardus
1264 3663 1287 3728 ¹,
1301 3663 1447 3718 mannans
1465 3663 1618 3730 botuensis,
1638 3674 1664 3720 et
1683 3674 1774 3734 nostra
1793 3665 1938 3722 nnsmns

302 3757 495 3815 miseruntsub
508 3756 704 3812 Rabanilerula
714 3759 800 3813 sacrsss
814 3758 973 3816 imbuendos
984 3761 1093 3828 studiis,
1147 3755 1242 3820 abbas,
1269 3755 1357 3824 1111111
1377 3754 1396 3808 F
1400 3768 1498 3809 111111
1523 3755 1671 3819 orientalis,
1689 3756 1730 3810 vir
1751 3756 1882 3826 snpientia
1909 3768 1938 3814 et

302 3851 347 3907 alii
361 3866 426 3907 vcro
447 3849 553 3906 scholas
571 3858 718 3906 erexerunt
737 3851 764 3905 ia
780 3839 952 3909 monasteriis
966 3853 1094 3924 propriis,
1147 3845 1269 3901 1101111111
1290 3843 1488 3911 1111111111
1511 3845 1673 3901 lucubravit.
1699 3846 1860 3913 Berthollns,
1878 3865 1938 3907 nto

303 3939 403 4010 quibus
411 3947 593 4010 preceptores
605 3940 639 3994 de
653 3949 804 3996 memorato
818 3942 943 3997 coenomo
959 3943 1096 3999 doctiores
1147 3937 1406 3994 1111111111111111
1421 3979 1429 4004 t
1445 3940 1533 4009 patria
1548 3940 1694 4012 1111111111,
1718 3941 1761 3995 111
1784 3949 1840 3996 inin
1855 3943 1882 3997 in
1896 3943 1939 3999 di·

302 4044 424 4100 ipsiusque
445 4028 633 4100 prefecerunt.
656 4028 709 4086 Sed
721 4031 747 4086 in
776 4040 897 4103 tempore
919 4034 996 4091 brevi
1018 4034 1096 4092 valdo
1148 4029 1217 4086 riuis
1242 4027 1399 4101 Scripturis,
1423 4046 1504 4101 quam
1531 4031 1558 4086 io
1583 4031 1682 4087 litteris
1708 4031 1834 4090 humanis
1858 4033 1939 4109 longe

303 4121 390 4179 venerit
402 4119 732 4192 numerusdiscipulorum
744 4121 847 4178 Rabani
861 4123 994 4189 docentis,
1009 4133 1037 4180 et
1047 4140 1097 4197 per
1147 4120 1332 4187 doctissimus,
1347 4121 1392 4191 qui
1414 4130 1442 4176 ct
1459 4122 1516 4193 ipse
1529 4121 1658 4178 nonnulla
1671 4123 1789 4193 scripsit.
1805 4122 1937 4194 ioannes,

304 4224 388 4271 totam
403 4214 577 4271 Germaniam
593 4224 620 4270 et
633 4212 747 4269 Galliam
762 4210 923 4272 eruditionis
943 4225 970 4272 ct
991 4218 1094 4273 sancti·
1147 4209 1938 4284 111111111111111111,11111111111111111111111»110111

305 4306 370 4362 nans
382 4305 441 4373 ejus
453 4306 606 4362 veneranda
620 4306 711 4377 opino
725 4323 754 4362 se
768 4305 884 4362 dinone
902 4309 978 4366 num
991 4309 1093 4367 tucrum
1146 4311 1176 4359 et
1192 4304 1312 4360 musicus
1326 4304 1450 4376 insignis,
1464 4306 1509 4375 nui
1520 4314 1549 4361 et
1560 4306 1637 4375 pluro
1652 4306 1770 4376 scripsit
1785 4313 1813 4362 et
1826 4315 1938 4363 canton

303 4405 355 4463 cst,
370 4395 441 4466 quod
459 4411 512 4451 oon
527 4395 613 4451 solum
628 4396 751 4462 abbates,
766 4399 935 4464 monachos,
951 4399 1095 4457 sedetiam
1146 4397 1362 4455 ecclesiasticum
1386 4398 1491 4468 primus
1511 4399 1582 4469 apud
1605 4397 1756 4455 Germanos
1780 4401 1854 4455 varia
1879 4413 1938 4457 mo

304 4485 410 4541 nobiles
425 4494 513 4551 terrae,
528 4485 597 4543 lilios
612 4502 675 4543 suos
690 4485 794 4542 llabani
810 4487 946 4545 docendos
966 4491 1095 4562 magiste—
1146 4487 1284 4543 dolatione
1295 4488 1455 4560 composuit.
1475 4486 1648 4559 villebertus,
1660 4489 1809 4545 monachus
1821 4487 1937 4546 Fuldeu-

305 4577 347 4632 vio
361 4577 547 4633 subdiderunt.
564 4577 637 4646 Quos
654 4578 710 4646 illc,
723 4586 754 4635 ut
766 4589 825 4636 erat
848 4583 1094 4649 mansuetissimus,
1147 4579 1199 4643 sis,
1226 4581 1315 4650 patria
1342 4579 1507 4646 Saronicus,
1535 4581 1576 4636 vir
1603 4582 1679 4636 rairae
1705 4581 1885 4651 simplicitatis
1910 4592 1939 4640 et

304 4681 399 4721 isaurios
425 4683 529 4722 surrmra
556 4685 618 4723 cuna
646 4669 783 4740 diligentia
809 4670 990 4735 informabat,
1015 4681 1098 4743 prout
1148 4684 1251 4741 magnae
1267 4671 1443 4725 nibilominus
1463 4671 1632 4737 eruditionis,
1649 4673 1711 4727 rite
1736 4673 1940 4729 meritoetcla·

305 4756 516 4826 uniuscujusque
539 4759 579 4813 vel
592 4769 670 4825 aetas,
690 4760 733 4816 vei
756 4761 893 4832 ingenium
910 4764 1095 4842 permittebat,
1150 4779 1197 4819 rus
1209 4763 1353 4819 virtutibus
1380 4762 1488 4819 ellulsit.
1515 4765 1647 4836 Egbertns
1660 4766 1683 4832 ⁸,
1709 4766 1859 4822 monachus
1876 4766 1940 4822 Ful·

340 4879 352 4907 ·
374 4866 540 4923 li'alalridus
556 4868 670 4924 Strabus
681 4871 764 4926 abbas
777 4870 879 4942 bugin.

341 4937 354 4976 1
372 4937 524 5007 Discipulos
542 4939 592 4992 luit
605 4939 767 4995 Elizacbari.

1151 4883 1193 4932 est
1210 4883 1386 4939 consecutus,
1404 4884 1433 4929 ut
1454 4875 1625 5000 moguntinus
1640 4878 1858 4947 archiepiscopus
1877 4894 1939 4932 om-

408 5007 423 5018 „
478 5008 483 5018 ¹
1150 4947 1223 5000 oium
1240 4947 1439 5016 conspiratione
1452 4948 1642 5002 decoraretur.
1661 4968 1670 4998 v
1689 4949 1788 5003 Verum
1806 4947 1864 5015 ejus
1878 4965 1942 5005 sue·

341 5017 352 5045 1
373 5006 440 5062 blus
454 5007 610 5075 brrrrbcrms,
631 5010 663 5065 de
678 5025 731 5080 quo
744 5011 910 5068 Tritbemius
920 5013 947 5068 in
961 5013 1096 5072 Cbronico
1150 5031 1286 5073 cessorem
1300 5033 1354 5072 non
1370 5015 1538 5087 sigebertum
1550 5019 1597 5073 scd
1609 5017 1782 5086 Sigelridnm,
1795 5021 1865 5088 apud
1875 5018 1944 5076 Ger·

304 5075 498 5148 liirsmglensi.

340 5146 353 5189 1
374 5146 459 5216 liuius
482 5163 614 5218 rausguam
638 5149 701 5206 alibi
731 5152 855 5206 meminit
872 5152 1026 5220 Trithern.,
1049 5171 1097 5212 ne·

304 5217 415 5287 guidem
430 5218 456 5273 in
471 5218 606 5274 Chronico
620 5219 815 5292 llirsaugicnsi.
844 5222 885 5277 bu
904 5222 1036 5282 liudolfus
1059 5228 1099 5283 in-

305 5287 476 5356 telligendus,
490 5288 557 5344 Vitae
568 5291 667 5359 prioris
678 5302 773 5348 auctor
784 5293 796 5346 1

343 5357 447 5413 elnter
474 5368 583 5414 sanctos
612 5360 727 5416 relertnr
754 5379 770 5418 a
796 5362 919 5430 Wioue,
947 5364 1096 5435 blenardo,

306 5427 428 5492 Ferrum,
443 5428 480 5483 25
494 5428 591 5485 Octob.

344 5499 354 5538 1
375 5497 514 5553 Βνιιηιεανι
530 5500 590 5555 aliis
602 5499 711 5557 dicitnr.

1150 5089 1278 5142 manosin
1291 5087 1469 5170 Eppcstcyoia
1484 5088 1584 5141 familia
1597 5089 1739 5143 oriundum
1752 5089 1943 5146 luissedocent

1150 5157 1294 5212 Brotvcrns
1306 5159 1352 5213 bb.
1368 5174 1393 5211 tv
1410 5158 1501 5229 Aritiq.
1526 5157 1545 5210 F
1549 5159 1602 5211 nld.
1623 5167 1649 5213 et
1668 5158 1688 5211 F
1690 5174 1762 5213 erar.
1783 5159 1830 5215 lib.
1848 5176 1865 5214 v
1887 5160 1942 5216 lie·

1151 5243 1212 5282 rum
1236 5228 1354 5298 llogunt.
1369 5228 1410 5284 Ob
1439 5230 1521 5283 rerba
1550 5228 1637 5283 Lolci
1661 5229 1821 5300 Egebertum
1851 5229 1942 5287 Sentis

1151 5298 1276 5368 ascripsit
1303 5298 1380 5353 Wion
1399 5300 1513 5367 append.
1535 5301 1569 5353 ad
1592 5300 1728 5371 llartyrol.
1751 5300 1939 5356 lionasticum.

1153 5388 1162 5418 ι
1182 5368 1211 5423 S.
1227 5369 1387 5438 rigobertus,
1405 5370 1491 5439 mmm
1513 5367 1621 5432 Scotus,
1638 5372 1723 5426 abbas
1739 5370 1889 5436 l'uldeosis,
1901 5373 1943 5427 vir

1149 5439 1272 5494 doctrina
1289 5448 1315 5493 ct
1330 5439 1474 5494 sanctitate
1501 5442 1672 5510 conspicuus.
1692 5440 1874 5511 »Utrumque
1902 5441 1943 5497 ci·

1151 5518 1218 5573 tant,
1232 5518 1259 5564 et
1273 5509 1419 5580 Egbertnm
1441 5512 1542 5565 sanctis
1564 5519 1743 5565 arnnumeraut
1762 5520 1857 5565 atictor
1871 5510 1943 5565 ilar·

325 5567 356 5651 ‚⁸
372 5569 449 5626 Alios
463 5571 497 5624 ab
518 5571 571 5626 boc
584 5570 636 5626 luit
651 5571 783 5642 Egbevtus
803 5572 908 5630 duobus
929 5577 1036 5632 sectilis
1053 5576 1097 5646 iu·
1150 5579 1229 5651 tyrol.
1255 5579 1395 5649 Anglicanl
1418 5588 1446 5634 et
1464 5579 1601 5635 Carnerar.
1620 5580 1646 5634 in
1667 5580 1800 5652 ileoolog.
1814 5580 1941 5636 Scolon:

305 5652 388 5703 ntor,
410 5649 518 5697 creatus
533 5641 680 5711 vigesimus
694 5643 829 5698 secundus
841 5645 924 5700 abbas
934 5644 955 5699 F
958 5647 1095 5713 uidensis,
1150 5649 1194 5705 bie
1209 5649 1242 5704 19
1256 5648 1400 5714 Nouemb,
1415 5650 1458 5705 ille
1473 5650 1507 5704 tn
1523 5650 1641 5719 ejusdem
1659 5650 1790 5707 Novemb.
1811 5650 1890 5706 llnnc
1903 5665 1945 5706 se·

305 5724 350 5763 an.
364 5706 429 5765 Chr.
447 5710 525 5785 tots,
538 5713 593 5766 vita
606 5712 714 5767 iunctos
729 5713 761 5766 11
773 5712 903 5769 Novemb.
921 5716 1048 5781 anibi'd,
1060 5720 1099 5774 uti
1153 5721 1245 5790 quitur
1271 5720 1377 5774 Ferrar.
1404 5721 1430 5774 in
1453 5720 1582 5791 Catalogo
1602 5721 1720 5790 gevncrali
1743 5730 1901 5777 sauctorum
1915 5728 1944 5776 et

306 5778 341 5832 ad
353 5777 402 5834 laos
415 5795 501 5836 annos
525 5783 648 5838 scribunt
662 5782 924 5854 Scbabrnburgcnsis
936 5794 964 5840 et
984 5785 1097 5843 blariao.
1152 5802 1213 5844 cum
1228 5790 1313 5843 altero
1330 5790 1446 5859 Egberte
1458 5789 1608 5854 coraiundit,
1622 5790 1785 5862 conjicitqne
1796 5792 1896 5846 vixisse
1909 5788 1943 5847 ad

307 5848 415 5905 Scotum
433 5851 480 5933 lle·
493 5867 527 5908 eo
550 5855 609 5909 linc
634 5854 717 5909 tradit
738 5852 850 5910 testeus
867 5853 913 5909 lib.
931 5856 995 5910 vde
1009 5857 1098 5914 liebus
1152 5873 1216 5914 ann.
1230 5859 1293 5915 690.
1306 5858 1347 5914 dn
1361 5877 1413 5914 non
1429 5861 1522 5932 maiori
1533 5862 1595 5944 jure
1612 5862 1657 5918 bio
1675 5861 1779 5916 llalrani
1796 5859 1945 5931 discipulus

306 5916 449 5974 Scotorum
473 5938 500 5975 m
526 5923 679 5980 llacbabaro
703 5939 736 5979 oc
782 5925 868 5980 esimo
889 5926 984 5994 quinto
1014 5942 1097 5997 rege:
1152 5930 1255 5985 sanctis
1279 5931 1479 5997 ascriberetur,
1495 5932 1696 6003 quintinaculis
1721 5931 1821 5986 dicitur
1846 5945 1945 5987 eonas

309 5987 478 6071 eilgebcrtus
490 6007 598 6062 guoque
611 5996 695 6050 abbas
706 5994 755 6049 mn
775 5995 849 6051 ensis
861 5997 912 6050 boc
924 6004 1044 6066 tempore
1055 5999 1097 6052 ri·
1152 6001 1249 6055 cassel
1261 5998 1360 6057 i'ernm
1373 6001 1499 6059 solidiora
1512 6003 1674 6073 requirimus
1683 6002 1856 6071 antiquorum
1869 6000 1945 6061 testi·

305 6061 1099 6140 guincmsullcetnsSigcbertosScotus,virtutcv-tpietate
1152 6072 1252 6126 ruvonia.
