4509 6850
304 651 356 707 sim
782 643 958 701 consults.
980 643 1015 700 tlt
1034 640 1253 700 utrTnAEult.
1272 670 1308 682 ·-
1325 640 1390 698 titt.
1408 641 1451 699 itt.
1513 663 1518 672 ·
1885 649 1938 706 870

303 764 375 833 ilrgo
397 758 535 813 sciemlnm
557 737 599 811 est'
615 755 686 825 quod
703 754 782 808 rerba
804 756 954 809 «lanionum
978 768 1039 824 qna
1053 753 1097 808 ‘di-
1111 757 1136 816 Α
1150 749 1324 806 nihilominus
1338 763 1368 805 se
1386 750 1490 819 putarit
1504 749 1645 820 prasentia
1659 753 1776 821 gravari.
1792 754 1862 819 Quid
1877 760 1941 814 ,gaqe

301 868 380 909 verse
393 852 427 905 :rb
438 848 610 920 evangelistis
623 848 675 903 boc
685 848 712 902 in
726 847 785 903 loeo
799 847 870 902 dicta
882 854 960 911 sunt,
976 860 1029 900 non
1044 844 1094 900 ba·
1147 853 1173 898 et
1192 843 1256 906 till,
1282 842 1384 910 inquit,
1406 842 1446 896 alr
1466 841 1535 896 Dei?
1553 842 1684 913 inqrerrus
1701 859 1727 897 ra
1746 844 1781 897 orl
1805 862 1844 899 rrrc
1858 860 1884 901 at
1901 866 1942 906 re-

301 938 480 1009 lrentallquid
500 937 634 1008 scrupuli,
649 937 767 992 cumaei
785 936 819 991 ad
835 951 915 989 unam
932 935 1037 1004 possint
1049 946 1094 988 re·
1147 940 1355 986 memorarentur
1382 933 1532 1004 iniquitates
1556 950 1621 988 aree
1646 943 1670 988 ct
1696 935 1825 991 occiderer
1854 937 1939 1006 filium

300 1034 353 1103 digi
365 1029 539 1093 sententiam,
551 1028 593 1084 rel
604 1028 694 1083 omnia
705 1027 777 1083 dicta
789 1027 893 1098 possint
906 1024 1027 1095 intelligi.
1039 1022 1095 1079 ttec
1146 1037 1231 1075 meum
1242 1021 1254 1074 :²
1265 1019 1324 1091 (ill
1335 1020 1400 1092 licq.
1412 1022 1491 1092 xru.)
1503 1021 1613 1093 llystieo
1627 1032 1716 1078 autcm
1727 1025 1798 1094 quod
1810 1024 1940 1083 Garama

299 1124 363 1193 qnia
386 1121 528 1192 pluraliter
548 1120 619 1190 apud
644 1119 806 1181 liattbreum
828 1118 898 1189 apud
922 1118 981 1174 illos
1003 1124 1092 1174 autem
1145 1112 1382 1183 prodeuntridcre
1396 1105 1582 1183 quodlacturn
1596 1124 1648 1180 est,
1661 1117 1842 1172 etinveniunt
1855 1120 1942 1175 bonti-

299 1214 474 1287 singulariter
488 1212 615 1283 loquitur,
638 1226 700 1265 cum
720 1218 748 1265 et
765 1209 815 1278 ipsi
839 1216 951 1263 narrant
965 1208 1035 1277 qued
1052 1209 1094 1263 in·

297 1314 451 1379 terrogatus
464 1306 511 1375 qui
524 1309 678 1368 uocaretur,
702 1301 835 1372 legionem
853 1314 883 1354 se
902 1313 962 1354 esse
983 1313 1093 1368 respon-

299 1400 349 1465 dit,
362 1413 396 1453 co
416 1397 488 1467 quod
508 1395 592 1450 muita
606 1401 697 1448 essent
708 1392 849 1447 damonia.
865 1390 921 1445 b'ec
937 1390 1008 1459 qnod
1023 1389 1092 1445 llar-

299 1506 348 1545 cns
369 1489 437 1545 dixit
459 1488 533 1544 circa
557 1492 676 1538 montem
699 1482 783 1536 luisse
804 1495 912 1551 gregem
936 1494 1090 1549 porcorum,

298 1582 494 1652 bracasautenr
517 1578 546 1632 in
566 1582 673 1639 monte,
689 1574 835 1644 quidquam
858 1580 989 1643 repugnat
1003 1589 1010 1625 :
1026 1586 1091 1642 grex

297 1672 369 1726 enirn
383 1684 529 1741 porcorum
547 1677 602 1722 tam
615 1680 728 1736 magnus
739 1664 798 1728 luit,
814 1674 844 1719 ut
858 1663 940 1733 aliqui
955 1670 1047 1718 essent
1063 1662 1090 1717 in

298 1770 402 1828 monte,
413 1760 457 1815 alil
470 1759 516 1829 qui
530 1759 603 1813 circa
617 1764 745 1811 montem.
758 1739 843 1809 lirant
857 1753 994 1809 enimdeo
1006 1753 1090 1809 millia

297 1870 451 1925 porcorum,
465 1854 535 1908 siout
548 1852 654 1906 Marcus
665 1850 799 1920 expressit

332 1945 368 1999 Et
391 1946 427 1998 eit
448 1944 535 2010 leros,
559 1941 610 1996 lte.
633 1939 767 2013 (llicrorr.)
791 1937 853 1994 ideo
874 1937 997 2009 permisit
1017 1938 1088 2007 quod

296 2036 424 2106 petebant
440 2034 617 2099 daemonibus,
638 2041 668 2087 ut
688 2047 736 2102 per
756 2028 969 2086 intersectionem
992 2017 1089 2099 porco-

1146 1219 1207 1258 nem
1220 1204 1363 1270 restitum,
1385 1214 1414 1259 ct
1432 1212 1522 1259 ruente
1541 1219 1605 1259 sana
1622 1206 1715 1260 sedere
1730 1207 1764 1262 ad
1778 1208 1859 1277 pedes
1876 1208 1939 1266 lesu

1145 1292 1187 1366 lut
1201 1294 1287 1351 ercas
1301 1295 1387 1367 dicit),
1402 1304 1430 1350 et
1444 1306 1636 1367 cognoscentes
1649 1297 1713 1367 qnid
1735 1298 1835 1353 lactrrm
1849 1300 1886 1355 sit
1898 1316 1941 1356 ro·

1145 1395 1209 1455 gant
1219 1383 1311 1441 lesum
1334 1395 1365 1440 nt
1377 1386 1411 1440 ab
1425 1388 1465 1441 eis
1480 1387 1630 1441 diseederet
1651 1402 1749 1459 magno
1763 1389 1860 1446 timore
1881 1405 1941 1462 per·

1145 1475 1223 1538 culsi,
1237 1475 1371 1545 signilimt
1393 1475 1592 1530 multitudinem
1609 1484 1742 1532 vetustam
1764 1494 1812 1534 sua
1827 1479 1882 1535 rita
1895 1482 1959 1538 de.
2040 1520 2042 1524 -

1144 1565 1269 1620 lectatam
1281 1565 1416 1621 bonorare
1427 1567 1600 1636 quidenr,sed
1612 1567 1682 1623 nolle
1692 1569 1747 1637 pati
1755 1567 1938 1626 Christianam

1145 1652 1247 1724 legem,
1262 1655 1325 1708 dum
1345 1655 1439 1710 dieunt
1452 1656 1523 1725 qnod
1541 1672 1601 1711 eam
1617 1656 1729 1728 implere
1743 1673 1796 1712 non
1815 1668 1937 1729 possunt,

1144 1740 1310 1797 admirantes
1333 1751 1421 1798 tanren
1445 1743 1551 1799 fidelem
1571 1745 1730 1816 populuma
1753 1746 1865 1816 pristina
1880 1763 1939 1817 pce

1129 1831 1199 1886 -dita
1213 1834 1419 1889 conversatione
1433 1845 1568 1891 sanatum.

1448 1967 1562 2023 CAPUT
1582 1969 1626 2023 ix.

1144 2058 1229 2116 Senot
1242 2058 1320 2114 leros
1335 2061 1410 2130 paral
1440 2061 1519 2123 icum,
1538 2061 1675 2116 mulierem
1693 2080 1710 2116 o
1727 2063 1855 2132 profiteria
1874 2049 1957 2117 sorr-¹

297 2145 357 2183 rum
383 2128 538 2183 bominibus
567 2126 662 2183 salutis
684 2124 792 2180 occasio
817 2124 993 2193 preberetur.
1019 2120 1127 2180 Ero-B
1176 2128 1273 2209 quiuis.
1291 2128 1372 2183 Vocat
1417 2132 1551 2192 atllorm,
1564 2132 1672 2184 arrodat
1684 2132 1770 2200 filium
1784 2134 1937 2204 orriisqrra·

295 2219 390 2275 bescat
410 2218 600 2273 llanicbaeus:
625 2218 647 2273 si
668 2217 702 2272 de
717 2216 813 2272 eadem
836 2216 986 2271 substantia
1008 2225 1036 2270 ct
1056 2230 1090 2270 er
1177 2215 1253 2271 9092,
1269 2208 1322 2254 w·-

296 2311 391 2368 eodern
406 2320 515 2367 auctore
527 2309 667 2365 bominum
681 2308 883 2376 bestiarumque
905 2315 968 2361 aurit
982 2308 1087 2369 anima,
1179 2306 1224 2381 [1.]
1245 2307 1280 2363 Et
1295 2310 1437 2364 escendere
1452 2309 1600 2365 ocriculum
1619 2313 1815 2382 transfretavit,
1830 2324 1854 2369 et
1870 2315 1938 2370 tenir

296 2405 431 2475 qrrornodo
448 2402 483 2458 ob
496 2402 575 2456 unius
593 2400 710 2456 bominis
729 2399 843 2455 salutem
860 2399 913 2454 duo
931 2399 1014 2453 miliia
1029 2414 1091 2469 por·
1141 2401 1170 2455 r'n
1189 2401 1320 2455 ciuitatem
1339 2417 1425 2455 suom.
1449 2400 1543 2456 Oritur
1564 2403 1646 2473 igitur
1669 2403 1714 2458 bie
1734 2405 1847 2473 quimatio
1869 2404 1939 2459 inter

297 2511 391 2549 curum
409 2492 593 2549 suffocantur?
611 2489 717 2562 (Beda.)
739 2489 768 2545 ln
785 2505 899 2560 quorum
917 2499 1008 2545 taurcn
1023 2490 1091 2545 iute-
1143 2489 1263 2545 llarcum
1276 2498 1305 2544 et
1315 2489 1480 2557 llattbmnm
1493 2493 1628 2563 qrromodo
1641 2491 1782 2548 liattberrs
1795 2495 1831 2548 ita
1843 2495 1940 2550 scribit

297 2585 353 2639 ritu
367 2582 515 2655 [igin-aliter
536 2582 660 2637 bornines
681 2580 813 2636 immundi
836 2581 908 2636 roris
927 2589 955 2635 ct
978 2580 1090 2635 rationis
1142 2588 1271 2650 tauquam
1294 2579 1450 2636 incivitate
1473 2581 1581 2637 bomini
1595 2582 1696 2637 iactum
1711 2584 1763 2650 sit,
1779 2599 1861 2655 quarn
1883 2585 1936 2642 Na-

296 2685 422 2748 erpertes
436 2675 599 2740 indicantur,
613 2673 670 2745 qui,
686 2674 713 2728 in
727 2680 818 2728 monte
829 2671 962 2741 superbire
976 2685 1090 2741 pascen-
1142 2674 1237 2728 aaretb
1249 2688 1310 2729 esse
1321 2672 1431 2742 quidam
1443 2673 1546 2740 volout,
1558 2673 1666 2730 llarcus
1675 2683 1765 2730 autem
1779 2676 1806 2730 in
1819 2675 1938 2746 Caphar-

296 2777 349 2833 tes,
364 2767 503 2822 lutulentis
517 2766 686 2822 oblectantur
705 2765 732 2820 in
749 2764 865 2826 actibus.
886 2762 996 2819 Talibus
1016 2763 1089 2818 enirn
1141 2780 1233 2822 naum.
1252 2764 1318 2832 Quae
1333 2763 1467 2822 difficilius
1481 2765 1684 2833 solveretur„si
1702 2765 1843 2828 liattlreus
1855 2767 1938 2823 etiam

294 2858 584 2929 percultusidolorum
598 2866 710 2928 possunt
721 2856 852 2919 demonia
864 2855 1006 2911 dominari.
1022 2854 1089 2910 Nam
1142 2856 1278 2912 Nazareth
1296 2857 1473 2914 nominasset.
1491 2858 1643 2915 llunovero
1659 2873 1720 2915 earn
1741 2861 1859 2930 potuerit
1880 2860 1939 2930 ipsa

295 2952 348 3006 nisi
362 2952 423 3021 quis
436 2951 512 3021 porci
534 2964 610 3004 more
632 2948 748 3014 uixerit,
772 2962 826 3003 non
849 2947 876 3001 in
891 2961 952 3002 eum
967 2945 1089 3001 diabolus
1141 2951 1253 3008 Galilaea
1269 2952 1322 3007 dici
1338 2952 1436 3007 civitas
1446 2951 1558 3017 Cbristi,
1571 2953 1634 3023 quia
1649 2953 1676 3007 in
1690 2951 1799 3008 Galilaea
1812 2960 1873 3009 erat
1887 2951 1939 3008 Na-

296 3044 411 3113 accipict
424 3051 596 3113 patrantem,
613 3050 659 3095 ant
673 3037 886 3110 adprobandum
904 3044 1020 3101 1111111111,
1034 3051 1088 3093 11011
1141 3044 1248 3107 zareth,
1268 3042 1340 3098 sicut
1360 3043 1517 3098 universum
1537 3058 1651 3114 regnam
1673 3044 1700 3098 in
1721 3051 1761 3098 tot
1783 3042 1939 3099 civitatibus

294 3143 385 3188 autern
400 3132 434 3188 ad
446 3132 614 3203 perdendum
626 3129 750 3200 accipiet.
1140 3138 1318 3192 constitutum
1337 3136 1436 3191 dicitur
1449 3137 1573 3191 Romana
1588 3136 1683 3191 ciuitas
1699 3154 1705 3189 :
1722 3150 1838 3205 cumque
1856 3135 1883 3190 in
1899 3142 1940 3191 tot

333 3223 365 3277 m
379 3222 417 3276 illi
438 3233 560 3277 creantes
576 3223 697 3276 obierunt
715 3221 743 3274 r'rr
761 3236 862 3291 porcos,
880 3230 905 3274 et
922 3236 981 3274 ecce
995 3234 1089 3289 magro
1141 3225 1267 3297 gentibus
1284 3226 1431 3281 constituta
1444 3226 1481 3281 sit
1498 3226 1596 3281 civitas
1610 3226 1643 3280 de
1657 3240 1710 3295 qua
1725 3225 1855 3295 scriptum
1871 3233 1913 3281 est
1929 3243 1936 3278 ε

292 3319 391 3387 impera
405 3318 469 3370 abiit
484 3325 552 3368 totae
565 3330 628 3384 qrec
639 3329 812 3383 perpraeceps
829 3313 856 3366 ia
870 3328 943 3365 mort
954 3320 978 3365 el
992 3309 1089 3364 mortui
1141 3313 1937 3388 Gloriosirainrodictrraorrtdetc‚ciuitaallelll'sol.rxrxrt);

292 3420 353 3466 arnt
368 3411 396 3464 in
412 3407 496 3479 aquic.
510 3404 601 3479 (dag.)
617 3405 693 3473 erod
706 3414 796 3460 autem
812 3405 839 3459 in
853 3412 979 3474 stagnum
993 3401 1089 3473 praeci-
1141 3414 1169 3462 et
1179 3421 1241 3463 cum
1256 3408 1312 3478 ipss
1326 3408 1399 3478 prior
1412 3406 1527 3479 populus
1539 3408 1586 3463 bei
1601 3407 1627 3462 in
1642 3415 1682 3463 tot
1693 3407 1848 3463 ciuitatibus
1859 3407 1938 3462 babi-

292 3501 372 3573 pilati
387 3507 451 3554 sant
463 3498 548 3567 ilorci,
568 3495 702 3566 significat
714 3493 787 3567 quod
807 3493 863 3564 jam
878 3472 1125 3549 111ῑῶ1111ΕοᾸῖ
1143 3507 1213 3564 tans,
1230 3500 1311 3555 etiarn
1325 3514 1378 3554 una
1395 3500 1490 3556 domus
1501 3501 1591 3555 dictus
1603 3499 1751 3555 sitdomra
1768 3499 1862 3567 israel,
1877 3500 1940 3569 quis

293 3592 395 3655 dash,
419 3597 447 3646 el
471 3589 586 3643 llb0l³l⁰
608 3586 706 3661 il⁰lll¹¹⁰
723 3586 845 3657 gentium
869 3599 885 3640 ³
906 3583 1090 3639 dfflllsstlim
1142 3592 1307 3648 dubitaverit
1320 3592 1348 3646 in
1363 3593 1473 3648 civitate
1495 3607 1544 3647 sua
1565 3593 1618 3648 boc
1641 3591 1738 3648 iecisse
1757 3591 1862 3658 lesum,
1876 3607 1938 3648 cum

293 3683 501 3745 demoniorum,
517 3681 543 3734 in
556 3679 655 3736 abditis
670 3686 754 3749 agunt
773 3676 920 3747 sacrilegos
933 3676 1088 3740 ritussues,
1141 3681 1195 3738 boo
1219 3682 1313 3738 iecerit
1335 3683 1363 3737 in
1386 3681 1576 3753 capharnaum
1597 3683 1706 3737 civitate
1728 3681 1857 3747 Galilaea,
1883 3698 1938 3753 guo

294 3775 341 3846 qut
357 3773 466 3829 christo
487 3771 599 3827 eredere
622 3769 782 3833 noluerunt,
806 3781 878 3823 caeca
903 3776 932 3821 et
956 3764 1090 3835 protunda
1124 3774 1326 3831 transfretando
1346 3775 1465 3830 redierat
1487 3774 1522 3829 de
1543 3773 1653 3846 regione
1669 3772 1886 3838 Gerasenorum,
1908 3783 1939 3828 ut

294 3866 452 3924 curiositate
478 3862 623 3919 submisi.
651 3860 684 3915 Er
711 3859 858 3915 noandum
882 3857 954 3928 quod
979 3856 1090 3927 spiritus
1140 3866 1253 3921 ueniens
1264 3865 1296 3944 iq
1305 3863 1462 3931 Gablmam,
1476 3873 1552 3920 recte
1562 3865 1698 3920 diceretur
1708 3865 1816 3921 senisse
1828 3866 1855 3921 in
1870 3864 1938 3920 ciri-

297 3959 429 4015 imnmndi
445 3956 533 4012 necin
547 3969 644 4024 porcos
659 3954 739 4018 irent,
756 3951 808 4007 nisi
826 3950 878 4006 boc
892 3949 1090 4020 illisbenignus
1141 3964 1225 4012 meam
1247 3971 1335 4024 snam,
1361 3956 1390 4011 in
1410 3970 1572 4026 quocunque
1594 3957 1692 4026 oppido
1712 3967 1787 4012 esset
1809 3957 1936 4021 Galilaea,

296 4054 355 4122 ipse
378 4050 502 4106 Salvator
527 4047 696 4118 petentibus,
721 4060 790 4115 quos
812 4052 887 4100 recte
908 4043 936 4097 in
963 4042 1089 4112 abyssum
1140 4048 1290 4116 praesertim
1306 4047 1369 4116 qnia
1382 4055 1409 4101 et
1421 4048 1479 4116 ipsa
1493 4045 1682 4114 Capharnaum
1696 4046 1732 4100 ita
1745 4046 1894 4101 excellebat
1909 4047 1937 4102 in

295 4150 386 4213 posset
406 4141 541 4210 relegare,
563 4136 747 4193 concederet:
767 4150 825 4190 rem
840 4133 1021 4190 necessariam
1040 4132 1089 4188 do·
1140 4137 1261 4202 Galilaea,
1275 4144 1306 4191 ut
1320 4143 1448 4205 tanquam
1467 4135 1623 4205 metropolis
1637 4135 1795 4192 baberetur.

297 4250 360 4291 cere
373 4249 421 4288 nos
433 4233 536 4297 rolens,
553 4239 584 4284 ut
597 4229 701 4284 scilicet
714 4227 870 4282 noverimus
882 4239 930 4280 eos
943 4222 1028 4277 multo
1042 4222 1091 4277 mi·
1177 4224 1213 4279 lit
1226 4243 1284 4282 ecce
1296 4224 1445 4280 obtulerunt
1455 4226 1479 4280 ιι·
1491 4225 1667 4296 paralyticum
1675 4228 1809 4297 jacentem
1819 4228 1848 4282 ia
1858 4227 1934 4283 lecto.

296 4342 349 4381 rins
360 4340 440 4395 posse
458 4339 507 4378 sua
530 4329 663 4392 potestate
677 4332 776 4374 nocere
790 4315 955 4380 bominibus,
970 4313 1016 4383 qui
1039 4328 1090 4368 nee
1141 4318 1250 4391 (Beda.)
1264 4319 1375 4375 Curatio
1386 4318 1528 4390 paralytici
1544 4318 1625 4388 hujus
1636 4320 1734 4375 2051„ae
1750 4328 1813 4391 post
1829 4321 1935 4377 diuque.

295 4416 439 4488 pecoribus
463 4414 695 4485 qualibuscunque
716 4415 871 4479 putuerunt.
895 4405 971 4461 Hane
999 4412 1090 4460 aulem
1139 4429 1204 4468 narn
1227 4412 1362 4468 illecebrae
1376 4412 1492 4467 cantatis
1507 4411 1633 4466 inertiam
1650 4411 1835 4467 adCbristum
1848 4415 1936 4484 suspi-

297 4516 457 4579 il⁰l⁰⁵ll¹em
474 4508 545 4561 ⁰0⁰⁵
557 4506 644 4560 ll⁰¹¹¹¹⁵
658 4497 879 4568 ⁰⁰⁰⁰¹1³l¹¹⁵²lll³
893 4499 919 4552 1¹¹
934 4497 1012 4552 ¹¹⁰¹)ss
1024 4497 1090 4551 (1²¹0
1141 4506 1237 4570 rantis,
1252 4504 1430 4560 salvationem
1445 4502 1555 4558 indicat.
1571 4501 1637 4570 eae
1651 4502 1870 4573 primoomnium
1884 4504 1936 4559 mi-

296 4608 396 4672 potest‚
412 4598 508 4665 injusta
521 4612 573 4651 non
586 4602 685 4666 potest.

333 4690 457 4745 Praetores
472 4698 559 4742 autern
577 4686 715 4757 (aarum,
730 4693 754 4738 et
771 4682 941 4737 miratorio
960 4680 1090 4735 ciuitatem

1141 4597 1234 4652 nistris
1251 4596 1295 4665 qui
1314 4609 1374 4649 eam
1395 4592 1534 4649 sublevent
1548 4602 1575 4649 et
1587 4593 1696 4649 Gbristo
1708 4592 1839 4660 alierant,
1855 4595 1936 4650 idest

1141 4686 1219 4742 bonis
1232 4684 1395 4747 doctoribus,
1410 4684 1457 4754 qrri
1481 4697 1556 4753 spem
1579 4684 1727 4739 sanationis
1747 4698 1879 4754 opemque
1895 4684 1936 4739 in·

297 4781 482 4836 rrurrtiaoerunt
496 4778 595 4843 omnio,
606 4787 631 4831 et
643 4775 779 4847 deiloqui
790 4774 919 4828 damonia
930 4772 1088 4827 doluerunt.
1144 4777 1315 4834 [effossionis
1337 4782 1499 4848 suggerant,
1523 4774 1632 4845 indiget.
1658 4773 1709 4841 Qui
1735 4774 1820 4840 bene,
1845 4772 1936 4830 Marco

297 4873 374 4940 Quod
389 4879 512 4940 pastores
524 4883 668 4939 porcorum
682 4867 816 4938 fugientes
828 4866 879 4922 ista
892 4864 1034 4929 nuntiant,
1050 4865 1089 4920 si·

297 4962 410 5032 guiticat
434 4960 564 5028 aprosdarn
590 4958 672 5012 etiarn
697 4959 828 5028 primates
853 4955 1017 5026 impiorum,
1044 4956 1090 5024 qui

295 5070 453 5127 quanquam
466 5053 647 5109 Christianam
662 5051 747 5120 legem
762 5050 872 5122 lugiant,
889 5050 1038 5120 pometiam
1054 5058 1092 5104 ta·

297 5162 359 5201 men
374 5145 433 5214 ojus
445 5159 493 5215 per
506 5150 599 5214 gentes
618 5141 749 5211 stupendo
761 5149 789 5195 et
803 5140 926 5196 mirando
942 5139 1090 5211 predicare

297 5256 351 5296 uon
366 5246 484 5294 cessant.
501 5237 535 5291 Et
549 5249 607 5290 ecce
619 5242 673 5289 tota
687 5234 776 5288 ciritae
786 5232 849 5287 eriit
863 5232 964 5287 obuiam
977 5230 1053 5297 lero,
1065 5239 1089 5285 et

1144 4880 1280 4937 narrante,
1302 4879 1418 4940 quatuor
1434 4867 1517 4923 luisse
1529 4867 1709 4938 reperiuntur,
1725 4867 1781 4923 sive
1792 4867 1855 4937 quia
1869 4883 1936 4939 qua

1145 4972 1206 5019 tuor
1217 4962 1370 5035 Erarrgeliis
1381 4960 1471 5016 omnis
1489 4958 1693 5029 predicantium
1707 4958 1794 5014 rinrrs
1806 4967 1834 5014 et
1847 4959 1936 5015 omnis

1144 5068 1234 5109 sermo
1250 5052 1381 5116 sinuatur,
1396 5052 1453 5106 sire
1466 5050 1530 5121 quia
1544 5058 1661 5120 quatuor
1673 5058 1735 5104 sunt
1749 5048 1864 5103 virtutes
1876 5047 1936 5118 qui-

1144 5146 1194 5201 bus
1208 5143 1241 5196 ad
1255 5141 1441 5198 remerendam
1457 5141 1612 5211 sospitatem
1634 5140 1730 5196 srducia
1746 5141 1844 5195 mentis
1856 5140 1937 5210 erigi-

1145 5248 1198 5293 tur.
1221 5235 1260 5290 be
1278 5235 1377 5305 quibus
1393 5234 1420 5287 in
1435 5242 1543 5289 aeterna
1557 5233 1701 5303 Sapientia
1719 5233 1798 5289 laude
1810 5232 1911 5287 dicitur
1927 5274 1934 5288 .

297 5335 352 5388 riso
361 5349 392 5387 co
402 5331 529 5402 roqobont
540 5339 568 5383 ιιι
579 5329 701 5382 transiret
713 5325 834 5395 efinibus
843 5341 943 5378 eorurrr.
955 5321 1091 5395 (llicrorr.)
1146 5326 1316 5382 sobrietatem
1332 5323 1401 5376 enim
1416 5333 1440 5376 et
1451 5323 1607 5392 rapientium
1621 5323 1705 5388 docet,
1718 5331 1744 5376 et
1753 5323 1898 5391 justitiam·
1911 5332 1935 5375 ct

298 5424 351 5493 Qui
364 5430 461 5493 rogant
474 5433 504 5476 ut
519 5427 639 5476 transeat
652 5418 719 5473 lines
731 5432 836 5480 eorum,
851 5431 904 5475 non
918 5416 950 5470 de
967 5413 1092 5485 snperbia
1112 5439 1116 5447 ·
1143 5421 1280 5480 uirtutem,
1300 5413 1393 5485 quibua
1413 5411 1504 5466 utilior
1524 5412 1590 5465 rrilril
1606 5420 1644 5466 eat
1667 5414 1697 5465 irr
1714 5412 1768 5464 rito
1787 5410 1935 5465 bominibus

299 5524 351 5576 boc
366 5520 478 5582 iaciunt,
495 5527 527 5573 ut
542 5516 662 5573 nonnulii
680 5516 859 5579 arbitrantur,
875 5514 921 5569 sed
934 5514 967 5568 de
981 5511 1091 5567 bumili-
1145 5505 1306 5583 (Srp.rtrr);
1321 5519 1389 5570 muas
1402 5501 1532 5565 nonnulli,
1547 5502 1633 5557 uersis
1645 5500 1809 5564 nominibus,
1822 5499 1936 5570 pruden-

300 5623 367 5678 tate,
381 5611 483 5668 conscii
502 5609 656 5679 tragilitatis
669 5622 734 5662 strae.
755 5606 885 5662 Geraseni
905 5606 1048 5674 prasentia
1063 5619 1093 5660 se
1145 5604 1222 5668 tiam,
1237 5597 1432 5660 tortitudinem,
1448 5593 1651 5663 temperantiam
1663 5600 1689 5647 et
1699 5589 1833 5660 justitiam
1846 5590 1936 5659 appel-

299 5704 405 5759 llnmini
425 5702 583 5774 judicabant
602 5698 734 5769 indignos,
758 5713 811 5752 non
826 5697 964 5766 capientes
979 5696 1091 5749 verbum
1143 5695 1208 5749 lant.

301 5797 360 5859 ilci,
376 5809 425 5850 uec
439 5791 545 5848 infirma
560 5791 648 5846 adbuc
660 5797 750 5844 mente
768 5787 872 5858 pondus
891 5787 1029 5857 sapientiae
1047 5801 1091 5841 su·
1180 5788 1214 5843 Et
1239 5786 1326 5840 ridens
1347 5782 1425 5838 Jeme
1448 5781 1526 5851 fidem
1547 5778 1664 5844 illoram,
1684 5778 1751 5833 diait
1770 5774 1932 5847 paralytico.

299 5891 401 5944 stincre
415 5886 545 5940 valentes.
568 5882 643 5950 erod
664 5890 691 5937 ct
712 5881 792 5936 Petro
814 5881 875 5950 ipsi,
899 5882 958 5935 riso
977 5879 1092 5949 piscium
1144 5878 1264 5947 Confido,
1284 5875 1335 5945 fili,
1352 5876 1519 5929 remittuntur
1536 5871 1582 5924 tilu'
1601 5879 1708 5940 peccota
1728 5878 1784 5922 tao.
1800 5863 1935 5936 (Hieron.)

299 5978 442 6042 rrriraculo,
457 5976 602 6043 contigisse
615 5971 800 6045 diciturlbrc.
817 5971 854 6042 ι).
869 5971 902 6024 Et
914 5971 994 6025 vidua
1009 5969 1092 6025 Sarc·
1144 5968 1249 6024 Omira
1268 5963 1421 6020 humilitas!
1442 5953 1938 6031 Despccttrm,etdcbilem,totisqua
1991 5958 1995 5966 '

300 6072 404 6139 ptlrana'
415 6062 487 6119 beati
501 6061 574 6125 Eilae,
591 6057 667 6128 cuius
679 6077 708 6118 se
720 6063 807 6118 sensit
822 6060 941 6134 bospitio
958 6062 1090 6129 bertcdici,
1145 6061 1329 6115 mcmlrorum
1348 6054 1521 6126 compagibus
1542 6049 1717 6113 dissolutum,
1741 6046 1826 6102 lilium
1845 6053 1936 6108 secat.
