4509 6850
318 652 369 709 att

711 573 716 592 ι
815 631 992 697 Gbillllllt'l'.
1010 633 1043 691 tu·
1061 625 1287 696 ,ttl'ttttAEtJtt
1306 657 1342 668 -
1359 625 1424 682 Lffl.
1444 623 1475 683 ΙΙ.

1900 617 1969 679 822·-

318 765 408 821 omuis
433 762 514 817 timor
530 768 625 815 noster
648 766 675 812 et
688 755 794 812 deuotio
809 763 889 824 atque
913 749 1066 808 observatio
1076 748 1109 802 ad
1126 750 1227 810 Arum
1250 739 1445 811 significantes,
1469 740 1518 796 sed
1533 738 1653 810 puritate
1675 736 1775 793 mentis
1792 738 1958 804 haurientes,

318 855 465 911 bominum
491 858 673 914 eonvertatur,
690 845 837 918 quandoid
852 841 1046 899 tentationibus
1063 853 1116 893 no-

317 950 384 1008 stris
396 945 464 1001 nihil
475 944 547 999 rnalo
561 943 650 1008 liceat,
664 940 715 995 uisi
739 946 858 1011 potestas
879 935 941 990 inde
965 933 1113 989 tribuatur.

356 1038 408 1095 Sed
422 1035 502 1089 libera
516 1050 562 1088 nor
576 1050 593 1086 r
606 1031 684 1096 ntalo,
704 1047 789 1085 umen.
814 1026 928 1095 Quando
941 1033 1030 1079 autem
1045 1021 1115 1077 diei-

318 1145 390 1194 mus,
417 1127 584 1183 iiberunoeu
600 1121 681 1188 mulo,
705 1120 771 1175 nibil
795 1125 918 1173 remanet
942 1115 1015 1185 quod
1040 1112 1109 1165 ultra

318 1219 408 1279 adbuc
431 1222 528 1275 debeat
557 1214 695 1288 postulari,
721 1212 828 1282 quando
851 1207 934 1264 semel
964 1206 1115 1276 protectio·

317 1327 382 1367 nem
415 1310 463 1365 liei
496 1306 625 1361 aduersus
650 1302 750 1358 malum
769 1301 895 1371 petimus.
924 1295 1036 1371 (Manu.)
1053 1295 1110 1363 Qua

319 1405 473 1473 impetrata,
500 1403 593 1453 eontra
612 1394 702 1451 omnia
724 1405 785 1463 qure
804 1388 925 1445 diabolus
947 1386 1112 1441 otmundus

319 1502 468 1564 operantur
488 1488 576 1544 'securi
591 1495 695 1541 stamus
717 1493 745 1538 et
767 1481 827 1536 tuti.
853 1477 908 1535 Sed
931 1479 982 1533 boe
1003 1477 1029 1530 in
1043 1491 1115 1546 pra·-

319 1584 389 1640 senti
412 1582 452 1645 iit,
466 1585 595 1650 quantum
613 1575 732 1631 ditinum
748 1585 865 1627 examen
882 1567 960 1623 uobis
972 1566 1038 1621 utile
1051 1579 1110 1622 esse

318 1670 497 1743 prospexerit.
520 1666 597 1721 Unde
611 1664 677 1720 dicit
690 1660 851 1732 Apostolus:
867 1657 964 1712 Fidelis
977 1666 1014 1710 ert
1029 1654 1113 1722 llere,

318 1765 364 1835 qui
386 1779 439 1817 non
460 1761 559 1831 potitur
577 1774 621 1812 ror
642 1754 738 1810 tentori
760 1767 840 1823 supra
858 1750 888 1805 il
911 1748 981 1821 quod
994 1748 1114 1817 potestir,

317 1852 365 1907 sed
379 1850 442 1920 [orit
456 1864 516 1902 eum
529 1845 671 1900 tentatione
683 1848 846 1913 mamertum,
858 1839 897 1892 'ut
912 1837 1016 1908 possitis
1032 1836 1116 1890 surti-

320 1959 381 1996 nere
406 1938 501 2012 (iiior.
522 1940 562 2008 x).
578 1934 715 1992 Orandum
738 1939 781 1986 est
804 1930 877 1984 onim
898 1936 928 1982 ut
951 1941 1005 1982 nun
1023 1926 1112 1981 solum

320 2047 375 2085 nou
388 2030 547 2084 inducamur
559 2024 586 2078 in
602 2023 702 2078 aradum
722 2034 776 2091 quo
795 2032 919 2075 erremus
941 2014 1109 2089 (quodserto

1168 831 1234 886 Num
1254 830 1371 886 tortasse
1390 838 1418 886 et
1439 837 1583 900 propterea
1604 827 1684 899 panis
1710 826 1799 882 dietus
1818 834 1879 893 est,
1906 841 1960 881 rum

1166 932 1256 1006 potus,
1278 921 1341 991 quia
1355 920 1433 990 panis
1448 918 1596 990 imugendo
1608 927 1690 988 atque
1704 915 1856 972 mandendo
1869 916 1896 970 iu
1912 917 1955 971 ali

1167 1026 1287 1074 mentum
1311 1017 1488 1084 eourertitur,
1512 1016 1585 1073 sieut
1601 1015 1748 1088 scripturae
1769 1016 1915 1088 aperiendo
1933 1026 1961 1070 et

1167 1109 1324 1167 disserendo
1345 1109 1464 1163 animam
1485 1115 1608 1179 praeeunt.
1631 1107 1715 1163 Potus
1728 1116 1817 1162 autern
1839 1117 1958 1179 paratus,
2051 1131 2057 1155 ι

1167 1202 1246 1258 steati
1264 1210 1316 1268 est,
1340 1201 1479 1257 transitio
1495 1214 1603 1269 eorpus,
1626 1208 1656 1254 ut
1680 1199 1732 1255 isto
1744 1189 1865 1270 tempore
1884 1200 1961 1271 panis

1167 1292 1203 1348 sit
1222 1292 1343 1358 veritas,
1367 1306 1428 1347 euru
1461 1290 1635 1361 quotidianus
1659 1290 1737 1360 panis
1758 1291 1872 1357 dicitur3
1897 1301 1962 1344 unte

1168 1393 1257 1440 autem
1270 1393 1361 1455 potus,
1371 1382 1532 1440 cumlabore
1546 1381 1620 1437 nullo
1628 1381 1781 1451 disputandi
1795 1389 1824 1437 et
1830 1385 1961 1437 sermoci-

1167 1475 1259 1539 nandi,
1275 1475 1350 1545 quasi
1368 1474 1506 1547 frangendi
1529 1479 1610 1543 atque
1625 1474 1777 1538 mandendi,
1802 1487 1870 1543 opus
1895 1473 1959 1536 rrrit,
1985 1543 1988 1550 Ι

1167 1568 1214 1622 seri
1232 1567 1289 1622 solu
1306 1568 1403 1622 liaustu
1429 1567 1541 1621 sincere
1555 1580 1588 1620 ao
1604 1565 1753 1636 perspicue
1772 1564 1902 1620 veritatis.
1927 1559 1963 1618 tn

1166 1663 1276 1725 peceato
1300 1671 1372 1711 nune
1400 1655 1478 1710 uobis
1492 1654 1673 1719 dimittuntur,
1704 1662 1732 1708 et
1754 1667 1827 1709 nune
1848 1643 1959 1708 nunnit-

1166 1760 1236 1811 mus,
1258 1761 1318 1818 quae
1339 1746 1435 1801 hanam
1460 1754 1577 1816 quatuor
1597 1746 1762 1816 reliquarum
1782 1745 1901 1800 secunda
1914 1758 1961 1815 pe·

1167 1837 1228 1892 titio
1243 1844 1300 1904 est;
1326 1846 1390 1893 tnnc
1413 1845 1504 1893 autem
1525 1836 1598 1891 uuila
1613 1837 1666 1892 erit
1681 1836 1761 1891 veuia
1775 1845 1961 1906 peecatorum,

1167 1928 1229 1998 quia
1245 1928 1318 1982 nullu
1332 1935 1453 1999 peecata.
1478 1927 1511 1982 tn
1521 1927 1682 1983 tentationes
1695 1925 1869 1997 temporalem
1880 1925 1960 1981 istam

1167 2020 1250 2074 vitam
1273 2019 1411 2086 infestant,
1437 2034 1490 2074 nou
1515 2027 1606 2074 autem
1630 2026 1709 2075 erunt
1726 2033 1789 2075 eum
1812 2016 1961 2089 perlectum

300 2122 381 2178 douo
399 2117 538 2191 petimus),
553 2115 600 2172 sed
628 2114 662 2169 ab
678 2113 726 2168 iilo
748 2112 830 2167 etiam
864 2095 1021 2175 liberernirr,
1059 2124 1113 2179 quo
1129 2094 1249 2166 Biderit
1263 2111 1334 2179 quod
1350 2110 1450 2163 dietum
1464 2117 1506 2164 est
1521 2126 1528 2163 :
1545 2108 1692 2163 discordet
1703 2123 1748 2164 eat
1763 2107 1963 2164 inuiditorui-

317 2216 375 2287 lam
395 2212 496 2269 inducti
519 2225 622 2266 sumus.
653 2207 729 2275 Quod
750 2220 818 2261 eum
835 2202 935 2260 lautum
958 2204 1049 2268 luerit,
1072 2204 1117 2258 ni·
1163 2210 1257 2257 turtur
1279 2198 1365 2272 (Peri.
1384 2198 1461 2270 xxx).
1498 2199 1532 2254 tn
1546 2199 1646 2254 mdum
1660 2214 1676 2255 a
1690 2214 1746 2272 quo
1757 2199 1867 2257 liberari
1886 2208 1962 2272 opta·

320 2305 359 2361 bil
380 2302 529 2358 remanebit
545 2297 758 2360 formidolosum,
779 2307 831 2351 nee
843 2294 955 2349 omuino
969 2292 1113 2348 metuentia
1165 2309 1237 2361 mus,
1260 2294 1358 2364 etipsa
1375 2293 1500 2349 liberatio
1514 2309 1530 2348 a
1545 2291 1662 2349 maload
1677 2293 1749 2350 bane
1765 2293 1860 2366 utique
1878 2294 1962 2350 dmm

319 2396 374 2451 erit
397 2394 451 2449 ulla
474 2391 595 2447 tentatio.
629 2389 705 2456 Quod
738 2392 828 2442 tantm
859 2385 886 2440 in
914 2384 967 2440 hae
992 2386 1057 2440 rita.
1085 2391 1113 2437 ot
1164 2386 1292 2458 pertinet,
1315 2400 1396 2455 quam
1413 2392 1440 2440 et
1449 2382 1555 2455 justitia
1577 2383 1624 2439 Ilei
1646 2384 1787 2440 mortalem
1801 2385 1961 2451 mentimur,

320 2486 439 2556 quandiu
474 2485 553 2538 istam
585 2480 778 2536 mortalitatem
809 2474 1032 2536 circumferimus
1067 2473 1111 2529 ubi
1163 2486 1193 2532 et
1214 2478 1286 2533 uude
1311 2476 1396 2548 ipsius
1415 2474 1603 2532 misericordia
1627 2473 1813 2531 liberabimur.
1847 2474 1960 2533 Videtur

320 2576 472 2646 serpentina
494 2572 669 2644 persuasione
688 2568 790 2624 inducti
801 2581 905 2631 sumus,
931 2580 986 2619 non
1000 2579 1114 2633 speran·
1164 2571 1247 2627 ortam
1276 2568 1342 2625 mihi
1365 2568 1534 2640 septenarius
1551 2567 1604 2623 tsre
1623 2581 1752 2622 numerus
1774 2566 1870 2622 flamm
1891 2568 1960 2639 pen.

320 2667 384 2722 dum
408 2680 485 2736 posse
500 2663 574 2728 lieri,
589 2663 636 2718 sed
651 2670 740 2716 tamen
754 2658 898 2729 aliquando
916 2657 1036 2711 futurum
1050 2671 1113 2726 spo-
1164 2664 1268 2720 tionum
1283 2676 1434 2734 congruere
1446 2660 1483 2716 illi
1497 2658 1651 2732 septenario
1663 2674 1786 2728 numero,
1797 2672 1832 2714 ex
1853 2672 1908 2731 qno
1920 2668 1962 2716 ω.
1994 2721 1996 2726 Α

321 2755 434 2811 randum
455 2763 508 2810 est.
531 2753 689 2825 opportuno
703 2758 793 2805 autem
815 2756 936 2817 timim
959 2743 1115 2813 deficimur
1165 2767 1209 2813 tus
1230 2758 1281 2813 iste
1303 2769 1394 2812 sermo
1419 2754 1550 2809 manauit.
1585 2750 1615 2807 Si
1637 2752 1710 2808 enim
1734 2752 1815 2809 timor
1836 2751 1884 2809 bei
1908 2761 1960 2818 est,

320 2845 469 2911 beatitudo,
484 2859 544 2914 quae
558 2844 586 2897 in
600 2843 652 2897 bae
673 2840 730 2894 vita
750 2837 875 2893 inchoata
896 2843 948 2899 est,
971 2843 999 2889 et
1011 2832 1054 2890 eui
1068 2847 1115 2888 ea·
1164 2861 1218 2920 quo
1240 2845 1309 2900 bean
1328 2854 1389 2901 runt
1414 2860 1540 2916 properes
1567 2845 1674 2915 spirita,
1701 2846 1826 2918 monium
1843 2845 1960 2915 ipsoram

303 2922 459 3008 ¹pressanda
481 2944 562 3004 atque
592 2932 744 2988 obtinentia
763 2927 908 2999 aliquando
934 2941 1007 2981 nune
1026 2924 1114 2980 omnis
1163 2945 1200 2992 m
1215 2952 1322 3007 reprom
1334 2934 1456 2990 colorum
1469 2932 1578 3008 (lluttb.
1595 2933 1769 3006 appetamus
1789 2943 1820 2988 ur
1841 2933 1960 3002 sauppe.

319 3039 433 3085 touatus
446 3028 618 3098 impenditur.
643 3023 802 3079 Sedharunt
818 3028 933 3090 quatuor
954 3018 1114 3090 petitionum
1163 3035 1238 3082 cetur
1260 3025 1289 3080 in
1310 3024 1464 3081 hominibus
1488 3040 1582 3080 nomen
1604 3023 1663 3090 Det,
1686 3023 1782 3080 umore
1805 3032 1881 3080 02320
1900 3037 1962 3093 per.

318 3118 516 3176 consideranda
537 3125 565 3171 et
584 3114 793 3170 commendanda
818 3111 955 3166 distinctio
971 3118 1021 3165 est.
1045 3108 1114 3164 Nun
1163 3133 1290 3178 manente
1315 3122 1343 3176 jn
1367 3120 1464 3178 Μὴ,
1487 3119 1658 3175 mutorum,
1684 3117 1823 3190 spptgp„
1845 3125 1889 3175 ομ
1908 3132 1961 3189 qna

318 3226 382 3266 uum
415 3210 469 3262 rita
492 3218 584 3262 nostra
613 3205 796 3275 temporaliter
818 3216 891 3257 nune
917 3202 1006 3273 agitur
1033 3209 1113 3270 atque
1162 3212 1233 3268 pean
1254 3219 1318 3268 runt
1340 3210 1426 3277 mirer,
1443 3211 1567 3282 qnoniam
1586 3208 1635 3281 nrt
1658 3209 1824 3281 potridebrmt
1852 3218 1959 3272 terrum,

318 3309 441 3372 speratur
471 3307 581 3361 aeterua,
600 3306 627 3352 et
640 3313 701 3351 euru
723 3302 823 3350 aeterna
835 3294 926 3364 prium
951 3293 1113 3364 suntdigui-
1162 3307 1287 3379 petamus
1308 3311 1338 3359 ur
1357 3303 1442 3358 uernat
1470 3317 1577 3375 requam
1590 3300 1659 3371 ejus,
1684 3301 1741 3358 sire
1762 3302 1790 3356 iu
1806 3315 1856 3358 nos
1877 3302 1960 3371 ipsos,

320 3400 387 3455 tate,
404 3388 528 3459 quumvis
542 3385 732 3458 temporalibus
746 3385 822 3454 prius
836 3383 947 3439 aetisud
961 3381 1006 3437 iila
1021 3390 1111 3438 trans·
1163 3396 1320 3452 nemnem
1351 3410 1393 3462 ug,
1416 3401 1467 3453 „pc
1489 3395 1697 3461 eqmspsqamuq
1723 3397 1829 3454 ,pede
1850 3397 1958 3455 coeqoq„

320 3488 408 3543 eatur,
441 3479 521 3532 trium
545 3476 693 3547 priurarum
712 3474 872 3545 petitionum
897 3471 1109 3541 impetrationes,
1125 3450 1148 3513 G
1163 3496 1251 3542 pem,
1265 3480 1292 3540 t„
1306 3407 1431 3543 03quoe
1448 3486 1580 3544 advenum
1605 3488 1721 3554 bomini,
1745 3502 1799 3559 quo
1822 3502 1871 3545 „03
1891 3504 1958 3561 gan.

321 3587 476 3643 tt¹¹t¹¹tt¹¹t¹1¹
498 3571 525 3625 in
551 3571 602 3625 1¹³0
624 3569 699 3647 uita,
728 3583 789 3639 (ll¹ae
811 3568 864 3624 5⁵¹⁰
890 3566 988 3622 ⁵ae⁰¹¹¹⁰
1013 3566 1111 3637 agitur,
1163 3574 1287 3633 dabimus
1308 3584 1336 3632 et
1350 3576 1630 3644 letabimur,dieeote
1644 3576 1708 3633 illo:
1734 3575 1833 3644 Vertite,
1854 3576 1958 3633 benedi-

321 3663 461 3721 exordium
480 3663 587 3732 capiant
600 3660 678 3735 (uum
690 3671 716 3717 et
733 3659 912 3715 sanctificatio
925 3657 1112 3724 numiuisbei‚
1162 3670 1197 3724 eti
1215 3667 1303 3723 pam,
1322 3670 1384 3737 mer,
1406 3679 1434 3725 οι
1448 3670 1551 3740 reliqua
1565 3669 1672 3742 (flam,
1687 3667 1763 3740 m),
1785 3668 1819 3723 1„
1845 3668 1957 3724 pomp„

322 3756 357 3810 ab
372 3755 429 3823 lilSO
444 3752 547 3807 liutitittl
569 3751 718 3807 ttniiviittils
733 3751 848 3806 {lilVi‘sssUl
863 3748 907 3821 agl
919 3749 1011 3819 ὓωβίῑ,
1027 3760 1055 3803 ΘΙ
1067 3748 1114 3803 atl-
1162 3760 1245 3826 enlm,
1270 3760 1359 3831 inquit
1377 3759 1522 3833 Propheta,
1547 3760 1701 3817 laudamur·
1719 3761 1809 3816 anima
1827 3776 1896 3828 mm
1910 3778 1960 3815 (m.

322 3854 419 3899 uentus
433 3843 507 3913 regui
524 3841 581 3910 rjus
595 3857 648 3912 quo
670 3842 696 3895 iu
719 3841 983 3897 claritatereuturus
998 3846 1039 3893 est
1058 3853 1112 3894 nou
1162 3848 1238 3907 nram
1265 3852 1395 3907 mamere
1424 3863 1451 3908 tt
1471 3851 1652 3923 μακάρων
1681 3849 1768 3925 (pur,
1792 3850 1900 3924 „xmp
1931 3850 1960 3907 sq

319 3934 375 4004 jam
400 3934 474 3989 linito
495 3934 602 3998 saeculo,
625 3933 671 3987 sed
687 3933 714 3986 in
728 3932 781 3986 stne
802 3931 902 3995 emonii,
927 3928 1113 3986 manifestabi-
1162 3940 1274 3997 scientia
1297 3950 1339 3997 ost
1360 3956 1412 4012 qna
1433 3943 1501 3997 beuti
1521 3951 1584 3998 suut
1605 3941 1760 4014 quiieqent,
1773 3943 1960 4014 quoniumipri

323 4036 377 4093 lut,
401 4035 427 4081 ΘΙ
442 4025 571 4095 persedit)
592 4025 737 4079 voluntatis
751 4022 809 4092 ejus
828 4023 898 4078 sicul
918 4022 945 4076 in
959 4021 1029 4077 coeio
1041 4029 1069 4075 θῑ
1086 4023 1113 4076 ill
1163 4032 1377 4098 consolabamur,
1398 4046 1508 4089 oremus
1528 4042 1560 4088 ut
1577 4032 1625 4101 fiat
1645 4031 1765 4087 mima,
1776 4032 1835 4102 ψ,
1845 4033 1912 4087 'stup
1931 4033 1959 4087 ὴ

322 4128 405 4177 terra,
425 4118 482 4172 sire
499 4117 586 4187 justos
607 4124 634 4170 et
659 4125 816 4185 peccatores
841 4112 939 4168 eoelum
962 4120 989 4167 et
1012 4118 1113 4165 terram
1147 4118 1227 4185 *roto
1247 4128 1271 4173 et
1291 4120 1319 4171 in
1335 4128 1415 4184 terro,
1435 4119 1500 4189 quia
1523 4134 1585 4174 eurn
1604 4133 1713 4190 eorpus,
1737 4126 1866 4188 uuquam
1886 4129 1959 4176 terra

321 4210 466 4280 intelligas,
490 4209 547 4263 uiue
561 4208 684 4277 spiritum
706 4216 732 4260 et
747 4220 867 4269 earnem,
894 4205 950 4258 sire
971 4202 1113 4257 Dominum
1164 4210 1281 4282 spiraret,
1308 4218 1437 4281 tanquam
1460 4209 1540 4278 emto,
1563 4218 1708 4266 summaer
1731 4218 1787 4267 2022
1811 4224 1879 4281 μω
1897 4227 1961 4268 con.

321 4310 349 4358 et
362 4300 520 4365 Ecclesiam,
533 4300 590 4355 siue
606 4298 697 4355 otunia
712 4297 802 4363 simul,
822 4297 879 4366 ipsa
891 4293 1055 4364 perlectione
1066 4308 1115 4349 nu·
1165 4300 1290 4365 senserit,
1306 4314 1360 4355 non
1384 4300 1548 4371 lugebimus.

321 4404 386 4451 stra
403 4394 587 4458 beatitudiuis,
607 4399 634 4446 et
651 4392 711 4446 ileo
725 4390 814 4445 saeemi
839 4387 1027 4444 terminatione
1038 4400 1114 4443 eorn-
1201 4391 1268 4446 b'am
1286 4391 1375 4448 nullus
1389 4391 1458 4448 alius
1470 4392 1551 4464 buius
1573 4393 1701 4463 temporis
1724 4394 1811 4449 laetus
1824 4404 1867 4450 est
1880 4435 1888 4461 ,
1903 4396 1956 4453 ulsi

320 4486 467 4559 plebitur),
492 4496 582 4543 tamen
609 4486 699 4540 omniu
726 4484 776 4538 tria
800 4484 828 4538 in
860 4490 992 4538 aeteruum
1022 4494 1116 4535 maue—
1167 4497 1229 4536 oum
1250 4483 1380 4537 adversus
1399 4496 1429 4537 se
1452 4481 1504 4536 ista
1520 4479 1676 4552 confligunt,
1687 4488 1716 4539 et
1734 4490 1835 4556 eoguut
1855 4485 1961 4542 nordi-

321 4578 400 4636 buut.
423 4577 491 4632 Nam
512 4587 540 4633 et
549 4575 732 4649 sanctificatio
755 4573 872 4629 numinis
890 4571 938 4626 bei
951 4572 1115 4640 sempiterna
1166 4587 1254 4629 eere:
1279 4572 1357 4629 Video
1371 4573 1452 4629 eliam
1470 4573 1549 4647 ieqent
1563 4574 1591 4631 in
1603 4576 1725 4631 membris
1736 4575 1800 4632 nde
1812 4593 1959 4649 repupnua·

322 4666 387 4731 erit,
410 4673 439 4721 et
462 4666 537 4736 regni
552 4665 610 4735 ejus
629 4680 683 4719 uon
702 4664 754 4719 erit
770 4663 840 4727 duis,
865 4670 893 4717 ot
916 4658 1041 4731 perierem
1064 4672 1115 4713 uo·
1166 4673 1217 4717 tem
1231 4663 1282 4736 lrpi
1294 4666 1388 4720 nentia
1407 4680 1492 4732 rneoe,·
1506 4675 1533 4721 et
1549 4666 1650 4721 luctum
1672 4674 1795 4722 nostmm
1809 4658 1960 4739 lacrymosa

270 4758 276 4765 '
321 4770 386 4813 stre
410 4756 568 4812 beatitudini
586 4764 688 4811 aterna
702 4755 755 4810 rita
776 4749 951 4824 pmmittitur.
972 4751 1116 4806 Permane·
1168 4768 1235 4810 rore
1250 4755 1364 4811 testari:
1384 4754 1467 4811 liiser
1481 4772 1527 4827 eqo
1541 4757 1630 4822 bono,
1650 4757 1708 4828 quir
1726 4772 1768 4812 nte
1786 4756 1905 4813 liberabit
1929 4760 1962 4815 de

321 4848 390 4904 bunt
407 4862 473 4920 ergo
486 4848 539 4903 ista
558 4847 610 4902 tria
636 4852 822 4902 consummata
839 4851 919 4914 atque
932 4841 1064 4897 eunrrtlata
1088 4839 1115 4895 iu
1169 4862 1276 4918 corpore
1298 4849 1390 4911 nortia
1404 4847 1483 4919 injur
1499 4846 1586 4919 (nnn.
1602 4845 1670 4920 nni
1690 4846 1720 4904 st
1745 4846 1874 4906 tortitudo
1894 4859 1960 4918 est,

322 4937 369 4993 illa
387 4938 443 4993 vita
466 4952 527 5007 qum
549 4937 627 4992 nobis
641 4935 818 5006 promittitur.
841 4933 954 5004 Reliqua
967 4946 1033 4988 vero
1050 4947 1118 5002 qua·
1169 4955 1221 5012 qua
1236 4941 1304 4995 beati
1318 4950 1381 4997 sum
1391 4941 1438 5013 qui
1451 4941 1578 5005 marimo,
1593 4949 1618 4995 et
1637 4941 1729 4995 e’tittnt
1738 4940 1882 5011 juditium,
1894 4960 1961 5015 qao·

323 5037 395 5094 litor,
410 5042 470 5098 ‘lllffi
481 5028 609 5098 bibimus·
625 5027 659 5082 δᾶ
672 5026 845 5096 iembfflleffl
859 5026 938 5081 lilim
954 5025 1037 5081 illim
1057 5038 1118 5094 per-
1169 5031 1240 5086 nirnn
1253 5032 1303 5103 ipsi
1319 5033 1522 5098 saturabuntur,
1536 5046 1646 5087 oremus
1656 5039 1687 5085 ut
1706 5031 1784 5104 punis
1798 5043 1886 5089 norter
1896 5050 1962 5107 quo·

321 5118 412 5174 Unelli
426 5119 493 5173 mihi
507 5119 641 5174 videnlur·
664 5117 783 5184 Qu⁰ffl¹¹l
799 5116 917 5187 primum
935 5124 978 5172 ²⁸1
996 5134 1002 5168 ²
1017 5112 1119 5171 Panem
1169 5123 1287 5179 tidianur
1299 5123 1376 5177 detur
1387 5124 1462 5178 nobie
1478 5123 1572 5188 bodie,
1584 5138 1639 5193 quo
1652 5120 1713 5178 sulti
1725 5131 1807 5194 atque
1818 5127 1961 5181 sustentati

322 5219 442 5264 nostrum
455 5208 635 5280 quotidinaum
649 5208 683 5262 ua
697 5207 771 5262 nobit
783 5207 869 5262 bodie.
889 5207 946 5263 lloe
968 5208 1027 5278 ipso
1046 5206 1118 5263 euim
1171 5212 1206 5267 ad
1230 5211 1414 5282 plenissimam
1429 5211 1503 5267 illam
1518 5212 1687 5267 saturitatem
1702 5212 1796 5268 venire
1815 5212 1959 5284 possimus.

322 5299 396 5371 quod
415 5300 504 5356 dietus
520 5306 564 5354 est
577 5298 758 5369 quotidianus,
778 5298 856 5369 panis
869 5300 998 5369 spiritalis
1012 5299 1117 5370 sigrrili-
1171 5300 1202 5357 Si
1215 5300 1356 5356 eonsilium
1368 5308 1474 5371 estque
1483 5301 1551 5355 beati
1561 5299 1824 5366 suntmirericordes,
1836 5302 1961 5372 moniam

324 5398 413 5456 eatur,
428 5390 487 5447 sire
502 5392 530 5446 iu
543 5397 724 5456 saeranreuto,
740 5390 826 5445 autin
840 5391 912 5446 uietu
926 5390 978 5447 isto
991 5390 1115 5457 risibilis,
1169 5391 1287 5462 iptorum
1302 5389 1483 5456 miserebitur,
1498 5389 1667 5446 dimittamus
1685 5390 1775 5446 debita
1795 5390 1962 5448 debitoribus

323 5480 358 5537 ad
374 5482 426 5538 ime
444 5489 549 5553 tempus
562 5483 688 5554 pertinet,
703 5483 775 5553 qnod
792 5481 936 5554 appellauit
949 5482 1047 5537 bodie:
1062 5497 1116 5538 non
1171 5483 1292 5549 notens,
1316 5490 1344 5537 et
1360 5497 1470 5538 oremus
1483 5490 1514 5536 ut
1526 5482 1604 5540 nobis
1617 5489 1711 5537 nostra
1734 5480 1914 5535 dimittantur.
1931 5480 1961 5538 st

323 5575 387 5645 quin
402 5576 534 5647 spiritalis
552 5577 629 5632 eibus
642 5592 694 5633 nou
708 5586 749 5632 est
772 5575 964 5645 sempiternus,
985 5573 1034 5629 sed
1053 5573 1117 5642 quia
1171 5572 1323 5630 intellectus
1334 5580 1387 5639 est,
1402 5588 1457 5643 quo
1470 5572 1538 5628 beati
1551 5579 1613 5627 sunt
1624 5569 1722 5625 mundo
1735 5568 1822 5632 corde,
1837 5570 1961 5640 quonium

325 5669 388 5734 iste,
411 5671 458 5740 qui
480 5671 654 5741 quotidianus
680 5670 767 5726 dietus
780 5677 823 5723 est
839 5669 866 5723 iu
881 5665 1040 5737 seripturis,
1061 5666 1118 5720 sire
1171 5664 1222 5734 ipei
1242 5663 1383 5718 bominem
1397 5663 1528 5730 uidebant,
1544 5676 1653 5718 oretnus
1665 5674 1719 5714 uon
1732 5657 1821 5712 induri
1835 5658 1862 5712 in
1876 5667 1961 5713 tentr-

324 5761 352 5817 in
376 5761 490 5833 strepitu
512 5765 656 5829 sermonis,
678 5763 736 5819 sire
759 5760 910 5832 quibusque
928 5757 1121 5830 temporalibus
1171 5755 1279 5809 tionem.
1302 5753 1342 5810 lie
1356 5756 1504 5810 babeamus
1520 5752 1620 5824 duplex
1643 5767 1710 5816 cur,
1733 5766 1787 5805 nou
1804 5757 1961 5821 appetentes

322 5856 410 5928 siqrtis
436 5857 582 5914 exiribetur
603 5854 709 5913 animae.
738 5854 803 5923 Quae
828 5853 919 5910 omnia
940 5856 1006 5908 tune
1028 5852 1122 5922 utique
1172 5844 1285 5916 simplex
1301 5846 1400 5902 bonum
1417 5886 1425 5911 2
1443 5860 1498 5916 dtl⁰
1512 5843 1662 5900 rekttmttt
1675 5841 1767 5898 limiti&
1779 5855 1840 5911 (1¹¹oe
1862 5854 1960 5910 opera·

323 5961 379 6002 uon
405 5954 496 6011 erunt,
518 5960 579 6002 euru
598 5960 691 6002 omnes
705 5952 785 6001 emnt
799 5943 928 6000 docibiles
949 5940 1008 6006 bei,
1032 5950 1060 5997 et
1081 5943 1121 6010 ip-
1172 5952 1248 6002 mur,
1272 5939 1319 5994 sed
1342 5939 1424 5995 simul
1446 5935 1604 6008 temporalia
1624 5944 1652 5991 et
1689 5943 1796 5990 terrena
1821 5933 1959 5990 emunda.

323 6054 384 6095 saut
410 6036 575 6101 irtedabileru
598 6038 685 6096 lucem
709 6035 832 6094 raritatis
848 6050 901 6091 non
924 6041 998 6089 mutu
1024 6047 1120 6101 eorpo-
1172 6029 1345 6087 terrationes
1357 6031 1430 6086 euim
1443 6043 1477 6085 ex
1491 6028 1534 6084 bis
1547 6027 1628 6083 rebus
1647 6041 1707 6097 quar
1720 6040 1817 6098 graves
1837 6022 1961 6085 eteala-
