4509 6850
361 674 395 732 19
923 671 970 729 ΑΙ)
988 670 1101 728 besua
1120 672 1150 726 tt.
1172 668 1298 727 uenatu
1316 672 1425 729 hibat
1944 687 1981 744 ρο

356 789 536 855 αιηοοοεί1ιιο,
557 795 620 844 ante
633 785 829 844 omncsGailiae
851 793 878 842 ct
891 784 1041 843 cernane
1058 785 1145 842 abba·
1157 790 1183 850 Α
1195 802 1335 842 manorum
1352 802 1410 852 rex,
1422 784 1507 844 frater
1525 787 1647 845 bethurii
1665 790 1838 863 imperatorie
1856 811 1890 854 ac
1907 805 1980 875 regis

357 890 406 937 tes.
417 881 443 936 5.
461 879 544 936 Usum
564 877 723 942 dalmaticae,
738 877 886 948 caligarum
900 886 928 932 ct
949 875 1141 932 sandaliorum.
1192 876 1286 945 italiae,
1301 878 1373 935 filius
1382 879 1511 935 Ludorici
1524 879 1615 950 primi,
1632 882 1721 939 missis
1733 884 1768 940 ad
1780 884 1893 944 Faldam
1906 908 1979 950 nua-

355 976 383 1034 d.
400 974 436 1032 Ut
455 972 596 1028 Fuidensis
613 972 728 1027 antistes
749 973 856 1028 nonnisi
868 973 902 1028 ab
919 971 1065 1041 apostolica
1079 969 1142 1025 sede
1194 968 1238 1025 tiis
1252 969 1415 1025 liliabanum
1431 971 1465 1026 ad
1478 971 1628 1027 sevocavit
1642 974 1774 1040 abbatem,
1792 984 1820 1032 et
1830 983 1979 1041 monacho-

354 1064 530 1122 benedicatur
544 1060 783 1117 autconlrrtnctur.
809 1061 898 1117 idibus
911 1061 973 1116 llaii
985 1076 1033 1132 per
1046 1075 1143 1115 manus
1192 1078 1252 1117 mm
1269 1063 1445 1118 temeritatem
1458 1063 1540 1134 regali
1557 1066 1717 1122 auctoritate
1737 1073 1913 1139 compescuit,
1933 1090 1981 1131 ve-

356 1153 492 1210 Benedicti
516 1152 614 1207 notarii
637 1160 663 1206 et
690 1152 840 1214 scriniarii,
867 1152 958 1207 indict.
985 1151 1028 1215 ll,
1056 1153 1143 1208 idest
1192 1153 1364 1223 aientemque
1375 1168 1437 1208 eum
1457 1153 1559 1209 honore
1575 1155 1704 1223 suscepit,
1718 1163 1746 1211 et
1765 1158 1875 1215 biennio
1894 1161 1981 1221 &rme

355 1259 427 1299 anno
447 1242 514 1307 tam
539 1244 611 1312 quod
636 1242 752 1312 diploma
776 1241 917 1297 Gretoerus
937 1257 970 1296 ex
996 1241 1142 1303 Viennensi
1191 1262 1282 1303 secum
1295 1247 1320 1301 in
1333 1246 1499 1315 curiaregaii
1515 1247 1638 1301 detinuit.
1653 1246 1757 1302 interea
1769 1252 1895 1306 monachi
1915 1255 1980 1309 Ful-

354 1336 516 1390 bibliotheca
533 1333 690 1403 publicavit,
712 1341 780 1387 teste
795 1332 922 1388 lironem
937 1334 963 1387 in
985 1334 1140 1388 relectioni-
1191 1337 1298 1403 denses,
1314 1336 1471 1406 poeuitentia
1492 1337 1576 1403 duell,
1596 1346 1717 1391 oratores
1736 1338 1914 1396 miseruntad
1936 1358 1981 1399 re·

353 1423 405 1479 bus
426 1423 461 1477 ed
483 1424 655 1494 tritiquilater
676 1421 700 1475 F
702 1422 821 1476 atrienses
836 1439 845 1476 .·
859 1423 930 1492 quod
954 1423 1081 1493 diploma,
1097 1424 1140 1477 in·
1191 1443 1261 1499 gem,
1277 1428 1371 1481 humili
1386 1428 1579 1497 supplicatione
1598 1436 1724 1499 rogantes
1744 1436 1772 1483 ut
1785 1429 1904 1486 ablatum
1926 1434 1979 1489 sibi

353 1515 422 1585 quit,
449 1515 471 1570 si
498 1516 641 1585 genuinum
662 1522 714 1578 est,
733 1529 828 1583 magua
848 1513 959 1569 liubana
982 1529 1138 1571 ornamina
1190 1516 1335 1570 redonaret
1347 1516 1489 1571 abbatem:
1505 1516 1576 1586 qttod
1592 1524 1680 1571 tamen
1696 1515 1980 1589 succreproptercau-

351 1606 487 1663 conciliat.
1190 1622 1248 1661 sam
1268 1606 1453 1662 rationabilem
1468 1616 1496 1661 et
1507 1608 1589 1662 abbas
1603 1607 1660 1677 ipse
1677 1609 1765 1664 renuit
1775 1620 1802 1663 et
1819 1625 1867 1665 rex
1882 1612 1981 1667 admit·

388 1698 432 1752 12.
446 1697 493 1752 llis
508 1698 582 1753 addit
596 1696 769 1762 Trithemius‚
789 1694 929 1751 iiabanum
947 1698 973 1751 in
995 1712 1139 1766 pauperes,
1191 1704 1247 1751 tere
1268 1676 1577 1752 nullatenuseonsensit.
1595 1696 1692 1751 hlansit
1705 1712 1770 1768 ergo
1787 1700 1814 1754 in
1828 1699 1888 1754 aula
1904 1703 1979 1771 regia

352 1802 406 1843 non
426 1789 485 1843 sine
505 1803 614 1842 sitorum
635 1787 770 1857 obloquio,
790 1786 926 1843 liberalem
945 1787 1043 1855 fuisse;
1064 1798 1092 1844 et
1112 1791 1139 1845 in
1189 1787 1284 1843 beatum
1298 1788 1381 1842 abbas
1393 1786 1546 1841 liliabanus
1560 1787 1678 1852 biennio,
1698 1803 1783 1858 usquc
1807 1790 1842 1844 ad
1862 1799 1978 1847 mortem

353 1879 522 1948 refrigerium
534 1878 721 1935 defunctorum
734 1879 917 1949 eleemosynas
928 1882 992 1935 dare
1007 1882 1114 1937 solitum
1130 1899 1137 1934 ε
1190 1882 1293 1953 otgarii
1309 1880 1505 1951 archiepiscopi
1530 1879 1689 1950 lloguntini,
1711 1882 1850 1937 monachis
1868 1883 1977 1938 interim

351 1986 428 2042 quas,
446 1986 506 2025 cum
530 1969 698 2024 adelhardus
722 1969 881 2034 monachus,
907 1969 987 2025 homo
1006 1969 1137 2040 Francus,
1188 1972 1397 2027 lamentantibus
1411 1990 1420 2021 i
1433 1970 1484 2025 llic
1493 1970 1590 2040 duplex
1604 1979 1733 2036 erratum,
1756 1980 1784 2026 et
1802 1974 1873 2043 quod
1886 1972 1976 2029 flaba-

352 2061 432 2116 nimis
446 2074 527 2131 quiam
541 2074 638 2114 avarus
651 2058 805 2113 domesticae
822 2059 860 2113 rei
875 2060 1059 2128 dispensator,
1087 2061 1138 2115 ali·
1188 2079 1240 2118 ntis
1255 2063 1363 2118 biennio
1386 2062 1414 2117 in
1432 2060 1493 2116 aula
1515 2061 1646 2117 mansisse
1663 2070 1727 2131 post
1749 2063 1885 2119 dimissam
1908 2081 1978 2136 prac-

350 2151 458 2224 quando
468 2150 635 2214 fraudasset,
648 2150 755 2220 egregie
764 2149 924 2218 castigatum
938 2149 1044 2205 coelltus
1053 2148 1138 2205 fuisse
1152 2126 1176 2184 B
1189 2154 1332 2220 lecturam,
1350 2163 1377 2209 et
1392 2154 1464 2224 quod
1485 2161 1581 2208 exacto
1594 2153 1639 2209 illo
1659 2154 1768 2209 biennio
1780 2156 1837 2210 sedi
1862 2155 1976 2227 llogun-

350 2241 531 2299 ann0837.1d
543 2257 604 2297 cum
624 2240 688 2311 legi,
704 2240 819 2296 venitin
834 2249 951 2296 mentem
969 2240 1040 2296 illius
1057 2241 1138 2297 luat·
1190 2246 1251 2302 titrae
1270 2245 1395 2302 admotus
1409 2245 1518 2301 dicitur.
1544 2244 1613 2299 Nam
1634 2252 1690 2301 toto
1712 2243 1770 2301 fere
1792 2247 1977 2317 quinquennio

349 2331 426 2386 hardi
440 2331 544 2398 inclusi,
568 2331 644 2401 cuius
658 2332 823 2404 epitaphium
844 2339 933 2386 exstat
946 2332 973 2386 in
995 2333 1139 2401 poematiis
1188 2338 1308 2408 privatus
1330 2338 1357 2392 in
1379 2335 1445 2392 cella
1469 2343 1572 2392 remota
1591 2335 1693 2406 deguit,
1717 2336 1752 2391 ab
1774 2350 1846 2391 anno
1871 2338 1976 2392 scilieet

349 2424 464 2481 Rabani.
488 2424 564 2492 Quod
588 2440 653 2481 vcro
674 2425 765 2481 sublit
785 2425 958 2491 Frithcmius,
986 2440 1047 2480 eum
1076 2426 1138 2481 data
1187 2427 1240 2484 811
1253 2430 1287 2484 ad
1296 2428 1403 2498 ii,quo
1415 2428 1546 2483 suecessit
1555 2426 1675 2497 otgario.
1692 2425 1758 2480 licm
1774 2424 1977 2481 meliusdistin-

349 2512 408 2586 lege
422 2515 570 2570 removisse
585 2513 699 2571 feminas
714 2515 748 2570 ab
760 2515 884 2588 ingressu
896 2515 1038 2572 Fuldcusis
1049 2516 1137 2572 ecclc·
1188 2525 1273 2588 gaunt
1286 2518 1411 2572 abbatum
1429 2517 1602 2572 Fuldeusium
1617 2517 1685 2572 Acta
1701 2526 1793 2572 vetera
1811 2532 1826 2571 a
1844 2517 1972 2573 lirowcro

348 2608 406 2671 site,
419 2607 446 2661 id
465 2608 498 2662 ab
512 2607 589 2663 initio
601 2616 711 2663 cautum
724 2624 756 2663 co
770 2610 798 2664 ia
812 2609 883 2674 loco,
897 2626 930 2664 ec
951 2627 1002 2680 quo
1014 2627 1031 2665 u
1044 2628 1138 2665 mona·
1187 2608 1271 2666 citata
1286 2609 1313 2662 in
1325 2608 1394 2663 libro
1406 2608 1642 2678 rvdntiquitatum
1658 2595 1830 2662 Fuidensium
1845 2624 1851 2660 ε
1872 2628 1881 2658 ι
1897 2608 1977 2663 lilia·

348 2698 528 2754 chiehuiitari
541 2708 638 2769 coeptas
651 2710 700 2765 ert,
718 2708 868 2757 auctorest
884 2700 1015 2756 liudolfus
1028 2701 1055 2756 in
1068 2700 1138 2757 libro
1187 2698 1273 2754 banus
1291 2707 1433 2770 postquam
1457 2698 1600 2754 ecclesiam
1623 2685 1792 2754 Fuidensem'
1807 2714 1855 2769 per
1880 2699 1976 2771 uiginti

349 2788 384 2844 dc
402 2786 463 2841 Vita
487 2796 587 2843 sanetae
607 2788 698 2844 Liobm
719 2791 872 2845 abbatissae.
896 2788 1029 2857 Quiddam
1053 2791 1138 2846 nihilo
1186 2808 1273 2849 annos
1296 2795 1404 2864 egregie
1428 2794 1559 2858 rexisset,
1582 2792 1675 2848 relicta
1691 2806 1771 2860 quiam
1792 2789 1976 2859 babuitpote-

349 2878 439 2936 miuus
451 2878 597 2933 notandum
610 2887 652 2934 est
668 2879 695 2932 in
707 2879 750 2934 his
763 2877 904 2934 Trithcmii
918 2880 1007 2935 verbis
1020 2898 1026 2934 :
1040 2880 1138 2936 «Fecit
1186 2893 1256 2941 state
1270 2886 1342 2939 ultra
1356 2885 1479 2939 Rhenum
1494 2882 1614 2948 fluvium,
1636 2881 1663 2936 iu
1675 2896 1788 2951 reguum
1803 2880 1923 2934 Lotbarii
1946 2895 1976 2935 sc

349 2977 377 3025 ct
396 2969 476 3023 aliam
495 2969 572 3024 valde
595 2971 777 3027 necessariam
802 2972 1022 3028 constitutionem
1042 2972 1138 3028 beatum
1187 2974 1311 3031 contulit.
1326 2973 1390 3028 Post
1411 2972 1611 3044 quemquidam
1627 2972 1660 3025 de
1679 2968 1820 3024 Fratribus
1843 2967 1979 3024 ilonaste-

349 3060 434 3117 abbas
447 3061 583 3122 liabanus
594 3062 710 3134 qrraefut
722 3063 824 3133 fertur)
840 3080 923 3134 usque
938 3064 965 3118 in
977 3074 1138 3134 praesentem
1188 3067 1232 3131 rii,
1249 3066 1273 3121 si
1293 3081 1347 3137 quo
1359 3065 1439 3121 modo
1458 3079 1520 3119 eum
1534 3076 1662 3118 reuocare
1674 3067 1796 3131 possent,
1822 3058 1975 3113 mittuntur.

349 3153 419 3209 diem
435 3152 462 3205 in
479 3153 643 3206 monasterio
655 3160 788 3207 servatur.
811 3153 906 3209 Sciens
920 3155 993 3208 enim
1006 3169 1087 3222 quam
1102 3158 1138 3210 sit
1186 3156 1234 3213 illo
1247 3171 1314 3212 vem
1326 3164 1468 3221 renuente,
1483 3154 1628 3210 llattonem
1642 3165 1763 3222 superse
1776 3148 1899 3204 abbatem
1914 3165 1977 3204 con-

349 3242 490 3300 monachis
512 3240 640 3311 frequens
659 3250 820 3311 conspeetus
843 3242 985 3296 mulierum
1005 3242 1139 3311 periculo-
1185 3248 1341 3301 stituerunt.
1366 3247 1519 3301 liliabanus
1544 3252 1633 3299 autem
1656 3252 1717 3314 post
1739 3241 1797 3296 dies
1822 3254 1920 3310 paucos
1942 3240 1977 3293 ad

349 3334 406 3397 stis,
419 3330 472 3387 illis
486 3334 603 3388 maxime
619 3332 665 3402 qui
685 3331 805 3401 juniores
818 3340 897 3388 celate
918 3334 946 3387 in
969 3334 1065 3387 timore
1081 3333 1136 3388 Do-
1187 3334 1381 3389 monasterium
1408 3335 1537 3396 veniens,
1565 3349 1626 3387 cum
1656 3331 1799 3387 concordia
1824 3330 1928 3386 abbatis
1949 3338 1979 3385 et

349 3425 415 3483 mini
437 3425 525 3480 adbuc
549 3423 637 3480 minus
660 3425 824 3480 exercitatos
847 3425 947 3480 habent
972 3441 1076 3491 sensus,
1101 3426 1136 3482 de
1149 3462 1173 3525 C
1187 3423 1302 3480 fratmrn
1316 3425 1375 3496 ejus
1386 3423 1420 3479 ad
1432 3421 1590 3480 orientalem
1604 3422 1709 3493 plagam
1722 3422 1880 3478 monasterii
1901 3435 1978 3474 mon-

349 3518 460 3577 consilio
473 3518 613 3573 duodecim
625 3517 762 3572 seniorum
773 3517 878 3572 eunctis
892 3524 1022 3588 perpetuo
1042 3515 1137 3571 mulie·
1190 3523 1270 3570 tanus
1292 3512 1440 3569 eflicitur.»
1466 3513 1550 3568 idest
1573 3511 1692 3566 reclusus
1715 3511 1743 3564 in
1768 3511 1850 3573 cella,
1874 3526 1934 3581 quar
1951 3511 1978 3563 in

351 3610 425 3667 ribus
448 3610 482 3665 ad
509 3609 700 3663 monasterium
731 3608 870 3664 interdixit
893 3624 1042 3664 accessum.
1072 3607 1138 3675 Qnae
1189 3612 1280 3662 monte
1295 3603 1387 3660 Sancti
1403 3603 1477 3657 Petri
1492 3602 1543 3657 sita
1558 3609 1609 3667 est,
1630 3600 1771 3655 duodecim
1787 3597 1978 3654 ferestadiisa

244 3690 247 3695 ¹
350 3712 443 3758 sancta
466 3701 622 3757 constitutio
647 3710 676 3755 ut
699 3702 782 3757 robur
808 3702 943 3758 obtineret
965 3710 1137 3775 perpetuum,
1189 3697 1356 3753 monasterio
1372 3696 1436 3752 :ubi
1459 3694 1538 3749 ‹iteo
1559 3693 1699 3758 serviens,
1725 3692 1811 3761 inquit
1835 3690 1977 3754 liudolfus,

352 3792 494 3851 transitum
508 3791 623 3847 feminea
639 3792 714 3847 sexui
727 3807 775 3862 per
787 3792 972 3862 aquilonarem
990 3791 1063 3847 urbis
1073 3807 1139 3861 por·
1190 3789 1297 3845 coelesti
1322 3787 1462 3860 sapientia*
1488 3786 1636 3841 vacabat.»
1668 3784 1706 3838 lie
1727 3784 1778 3838 boc
1799 3795 1907 3836 secessu
1932 3795 1980 3834 cx-

352 3893 418 3949 tam,
439 3891 515 3937 extra
531 3898 613 3953 quam
628 3884 708 3938 situm
725 3892 766 3939 est
783 3883 988 3949 monasterium,
1010 3891 1138 3953 perpetua
1189 3880 1315 3949 plicanda
1331 3887 1373 3934 est
1389 3877 1510 3932 Lotharii
1529 3875 1643 3947 Atrgusti
1658 3873 1772 3946 epistola
1786 3872 1922 3927 liliabano
1937 3872 1980 3925 in-

351 3974 488 4031 sauctionc
506 3974 645 4042 prohibuit
664 3985 692 4028 et
716 3975 832 4045 negavit.
851 3994 860 4028 r
887 3973 964 4041 erod
990 3973 1080 4028 forsan
1105 3975 1139 4029 de
1189 3971 1289 4040 scripta
1303 3971 1382 4025 initio
1393 3968 1587 4024 Commentarii
1600 3968 1626 4021 in
1638 3966 1809 4022 Ezechielem
1824 3981 1830 4017 :
1848 3982 1857 4015 r
1875 3962 1979 4029 Placet,

350 4064 446 4140 prisca
471 4064 674 4120 consuetudinis
705 4063 908 4120 confirmatione
937 4063 1139 4134 intelligendum
1189 4056 1308 4132 inquam,
1336 4069 1382 4114 tua
1400 4060 1531 4114 hahitatio
1555 4059 1644 4125 nobis,
1669 4058 1691 4113 si
1709 4057 1829 4112 creditur
1853 4056 1887 4110 ab
1903 4057 1978 4110 omiti

350 4161 401 4209 cst.
417 4153 550 4209 Caeterum
561 4155 633 4225 quod
651 4155 689 4209 ait
702 4154 876 4219 Tritbemius,
891 4153 972 4208 istum
989 4168 1091 4208 morem
1104 4152 1139 4207 ad
1187 4153 1319 4225 jactantia
1347 4152 1444 4207 aliena.
1471 4151 1534 4206 Plus
1558 4150 1629 4205 enim
1659 4149 1814 4204 interiorem
1841 4147 1978 4200 horariuem

351 4259 429 4301 suum
444 4258 527 4314 usque
541 4252 646 4314 tempus
656 4252 793 4299 servatum
803 4242 896 4309 fuisse,
910 4243 1029 4313 excipias
1040 4241 1139 4298 festum
1190 4247 1291 4302 rustica
1305 4245 1436 4300 montium
1453 4243 1580 4308 solitudo,
1594 4257 1674 4312 quam
1687 4240 1785 4309 regalis
1796 4239 1901 4294 urbium
1921 4238 1979 4307 pul-

351 4337 438 4393 saneti
464 4334 594 4391 Bonifaeii
612 4344 641 4395 et
667 4336 797 4404 quosdam
824 4335 892 4391 alios
917 4334 1000 4391 festos
1024 4336 1090 4403 dies,
1112 4336 1140 4391 in
1189 4337 1315 4395 chritudo
1336 4335 1462 4399 delectat,
1487 4333 1531 4389 ubi
1555 4333 1626 4387 trulla
1651 4332 1759 4386 liventis
1778 4329 1878 4384 inuidia
1903 4336 1977 4381 tran-

351 4428 450 4499 quibus
472 4426 579 4482 feminis
596 4427 705 4497 patebat
722 4427 857 4494 ingressus
878 4426 999 4481 ecclesie
1021 4425 1055 4481 de
1073 4441 1140 4482 con·
1191 4427 1304 4499 quillum
1322 4433 1416 4494 pectus
1431 4422 1510 4478 hilari
1537 4421 1667 4476 mentitur
1692 4419 1802 4482 intuitu,
1820 4432 1870 4472 nec
1894 4414 1978 4470 fucati

351 4534 428 4575 cessu
442 4518 577 4588 pontilicis
590 4518 704 4573 liomani
721 4536 728 4573 :
742 4519 849 4573 tametsi
868 4518 1040 4574 observatum
1054 4533 1069 4571 a
1084 4532 1141 4571 ma·
1191 4519 1326 4577 sermonis
1342 4516 1500 4573 adumbrata
1513 4514 1652 4571 blanditiis
1666 4511 1763 4567 artifici
1774 4510 1874 4566 scelere
1885 4517 1977 4563 mutua

350 4609 456 4682 loribus
467 4617 521 4675 est,
541 4613 628 4681 prima
639 4612 699 4666 rice
712 4628 765 4682 qua
779 4613 876 4686 patuit,
891 4612 1032 4667 ecclesiam
1044 4611 1143 4686 postri-
1191 4609 1342 4667 fabricatur
1363 4609 1474 4664 astutia.
1491 4628 1501 4659 r
1519 4607 1585 4661 Data
1599 4612 1640 4660 est
1655 4607 1713 4660 haec
1726 4601 1837 4673 epistola
1855 4614 1888 4654 co
1911 4606 1978 4652 tem·

351 4701 396 4761 die
411 4700 445 4756 dc
460 4701 528 4756 coelo
543 4710 641 4755 tactam
655 4702 844 4772 conflagrasse.
1192 4718 1259 4774 porc
1283 4716 1337 4773 quo
1350 4701 1481 4756 bellorum
1504 4699 1634 4754 tumultus
1648 4695 1805 4752 lotharium
1829 4701 1856 4747 et
1880 4689 1978 4744 iratres

387 4791 432 4845 23.
448 4789 524 4856 Quod
546 4799 678 4859 superest,
694 4790 822 4846 liabaaus
836 4792 920 4847 abbas
930 4807 1001 4847 anno
1011 4792 1063 4848 838
1077 4791 1140 4847 ilir-
1153 4814 1180 4875 D
1193 4792 1251 4861 ejus
1263 4792 1296 4848 de
1307 4807 1390 4863 reguo
1403 4790 1585 4859 disceptantes
1594 4788 1721 4860 agitabat,
1731 4793 1760 4840 ut
1772 4779 1978 4857 initio-'epistolae

354 4880 474 4950 saugiam
487 4879 560 4934 misit
571 4879 704 4934 coloniam
717 4881 975 4952 monachorum,qui
987 4883 1141 4937 coenobium
1192 4884 1337 4942 berharius
1354 4881 1498 4953 significat.
1518 4881 1634 4950 Tempus
1653 4876 1756 4932 dimissi
1779 4870 1917 4943 regiminis
1936 4869 1979 4922 uir

354 4971 388 5027 ³1³
403 4968 535 5026 ffliffi‘ffl
559 4971 656 5025 00111118
677 4972 837 5027 11131ῑῦ1111ῐῦ
857 4973 1014 5040 inmittent,
1038 4990 1143 5045 praepe
1192 4992 1297 5049 magum
1309 4975 1468 5030 cruditionis
1480 4972 1633 5041 Stephanus
1651 4968 1775 5023 liuluzius
1795 4971 1867 5019 rccle
1884 4960 1979 5015 statuit

354 5061 604 5132 81101131130111110
623 5076 672 5116 ⁸¹¹⁰
690 5061 830 5118 1111110110
852 5065 960 5130 abbate,
982 5064 1020 5119 uli
1036 5064 1144 5120 ’1111111-
1192 5072 1220 5126 in
1233 5069 1303 5126 nolis
1314 5067 1348 5122 ad
1362 5066 1429 5136 Lupi
1440 5063 1579 5134 epistulam
1594 5061 1639 5126 lb,
1651 5068 1706 5115 tum
1722 5073 1755 5112 cu
1768 5070 1837 5110 anno
1847 5053 1909 5117 811,
1925 5065 1980 5122 quio

307 5154 309 5159 ¹
354 5156 426 5212 ”¹5⁰⁵
441 5155 467 5208 5¹¹
479 5154 594 5210 ffiSWii
607 5155 791 5225 Hirsauliicnsi
805 5155 889 5212 fusius
901 5157 979 5212 docet
1192 5163 1287 5219 initam
1300 5176 1315 5215 a
1328 5159 1440 5213 liubane
1453 5156 1610 5226 dignitatem
1626 5150 1787 5206 abbatialem
1806 5148 1903 5201 docent
1922 5143 1979 5196 hn-

390 5246 434 5309 Ἃ,
450 5264 459 5297 1
476 5246 629 5314 11110811,
653 5247 741 5317 inquit
754 5247 913 5302 Lambertus
927 5245 1144 5318 Scafnaburgeu·
1192 5253 1268 5310 nalcs
1281 5251 1438 5312 Fuidenses,
1460 5255 1516 5301 tum
1532 5262 1564 5301 cx
1578 5245 1665 5313 spatio
1683 5241 1778 5311 viginti
1791 5252 1923 5293 antrorum
1937 5249 1980 5289 re-

356 5336 403 5400 sis,
426 5333 580 5390 Liutharius
596 5336 723 5407 expulsus
741 5344 783 5391 est
803 5352 818 5390 a
832 5351 925 5406 reguo,
943 5345 971 5392 et
986 5335 1079 5393 liuban
1095 5337 1144 5392 ab·
1193 5342 1310 5417 giminis,
1326 5353 1394 5410 quos
1404 5336 1454 5409 ipsi
1470 5334 1600 5390 liudolfus
1612 5334 1731 5401 assignat
1748 5344 1834 5400 usque
1851 5326 1885 5381 ad
1899 5324 1980 5394 depa-

355 5427 448 5483 11111111
462 5427 635 5491 1101151111),
658 5443 720 5482 cum
742 5426 806 5483 1111111
820 5443 868 5498 iter
882 5443 967 5484 1111101
983 5429 1078 5500 viginti
1095 5443 1143 5483 10·
1194 5433 1319 5490 sitionem
1336 5443 1407 5485 curae
1420 5426 1572 5500 pastoralis.
1593 5424 1752 5494 Repugnare
1766 5430 1855 5475 tamen
1873 5416 1981 5470 ridetur

356 5522 448 5577 biliter
465 5521 589 5586 rexisset,
604 5541 613 5574 r
627 5536 660 5575 ex
673 5519 797 5576 liudolio.
817 5520 845 5576 ld
861 5519 961 5575 factum
976 5521 1144 5577 dissensione
1192 5531 1271 5579 vetus
1285 5520 1412 5576 abbatum
1429 5515 1603 5571 Fuldeusium
1619 5513 1757 5585 catalogus
1781 5524 1860 5566 manu
1880 5508 1981 5562 descri-

356 5613 550 5669 monacborum
581 5611 747 5668 Tritbemius
780 5627 813 5667 ex
852 5611 1010 5682 hleginfrido
1037 5612 1142 5683 tradit:
1193 5622 1266 5684 ptus,
1286 5610 1384 5665 citatus
1401 5621 1416 5661 a
1431 5605 1597 5661 lirowcroin
1618 5604 1691 5660 notis
1708 5604 1742 5658 ad
1756 5599 1859 5655 liahani
1883 5612 1980 5667 poema

360 5702 461 5757 rAnuo
479 5702 627 5759 nativitatis
653 5701 711 5772 elus
731 5700 953 5771 quinquagesima
972 5700 1097 5769 septimo,
1112 5707 1144 5754 ut
1193 5704 1244 5767 28;
1259 5716 1313 5770 quo
1326 5699 1353 5754 in
1366 5697 1487 5767 catalogo
1502 5715 1512 5747 r
1527 5695 1618 5760 ilat-to,
1641 5695 1762 5749 Bonosus
1781 5691 1906 5752 dictus»
1928 5686 1982 5739 lia-

357 5790 531 5863 ilegiufridus
558 5791 650 5847 Fuldae
677 5803 769 5866 pastea
796 5792 943 5846 monachus
966 5798 1008 5844 est
1033 5796 1140 5854 artetur,
1193 5793 1257 5849 launi
1274 5804 1422 5853 successor,
1438 5805 1447 5838 e
1463 5787 1611 5856 suscepisse
1636 5781 1844 5855 gubernaculum
1866 5777 1982 5832 abbatim

357 5880 428 5940 iacta
452 5890 495 5938 est
515 5883 586 5938 inter
599 5899 659 5940 cum
684 5892 710 5938 ct
734 5882 878 5937 fdonachos
900 5883 969 5953 ejus,
982 5880 1145 5937 sollicitante
1195 5898 1266 5937 anno
1283 5878 1386 5938 Domini
1397 5877 1464 5934 tlt»
1479 5876 1645 5946 perhibetur.
1659 5871 1735 5939 Quod
1748 5865 1981 5939 interpretandum

359 5974 474 6040 diaholo,
488 5977 578 6047 gravis
601 5977 767 6053 quaedamst
789 5975 882 6031 nociva
900 5973 1042 6039 dissensio,
1065 5971 1143 6042 cujus
1195 5981 1260 6044 puto
1274 5970 1307 6025 de
1327 5969 1380 6023 line
1393 5966 1455 6023 anni
1470 5965 1518 6021 811
1533 5963 1680 6019 seeundum
1695 5968 1813 6015 veterem
1835 5951 1981 6016 calculum,

358 6076 448 6128 tamen
463 6084 574 6127 causam
590 6087 643 6129 nou
656 6071 798 6144 expressit.
809 6067 1066 6145 Quamlnrdoricus
1075 6066 1143 6124 Ger·
1195 6062 1274 6120 atde
1293 6060 1370 6119 initio
1390 6056 1452 6113 anni
1473 6054 1526 6117 tls
1545 6053 1691 6111 secundum
1715 6063 1824 6106 neema.
1850 6045 1984 6103 uubanus
