4509 6850
720 655 897 716 condem.
917 658 951 714 ΙΝ
967 659 1129 719 boussut.
1150 696 1185 707 -—
1203 665 1268 721 LlB.
1286 667 1330 724 tr.
1774 677 1826 738 bib

289 789 322 844 u,
336 775 364 834 iil
391 783 442 841 est,
468 775 496 831 in
516 773 671 847 primordiis
699 774 791 832 bdeles
805 791 874 847 quos
898 776 1140 847 potuitAcondita
1158 781 1241 852 iacet.
1272 782 1364 856 (einp.)
1390 784 1550 853 Videndum,
1575 792 1710 858 quomodo
1735 792 1828 848 dicant

289 861 352 934 t'rit,
365 880 478 937 vespere
493 874 584 922 autem
603 866 688 938 spolia
703 866 806 933 divisit,
819 868 882 937 quia
898 868 983 924 tidelis
1034 869 1193 940 Scripturae,
1207 873 1280 943 quod
1296 873 1403 929 assidue
1417 876 1511 932 dicunt
1524 878 1557 934 de
1581 889 1712 933 mortuis:
1728 878 1761 934 b'r
1776 898 1824 951 ap-

289 959 361 1018 ttiuur
373 959 471 1025 lactus,
483 973 561 1015 sacra
577 959 682 1029 eloquia
696 959 866 1015 audientibus
880 960 983 1016 discre-
1031 964 1133 1032 positus
1147 973 1185 1017 est
1198 964 1233 1018 ad
1253 974 1340 1034 patres
1360 983 1433 1032 ruas,
1446 967 1508 1023 rel:
1527 968 1668 1038 Appositis
1687 981 1724 1025 est
1736 972 1771 1024 nri
1781 989 1829 1042 pa·

289 1049 392 1110 nterea
410 1050 585 1122 dispensarit.
599 1050 724 1122 Legimus
734 1051 876 1120 quemdam
887 1066 920 1106 en
936 1051 984 1106 do
1031 1054 1122 1123 pulum
1133 1071 1221 1110 suum.
1236 1056 1304 1111 Ecce
1319 1057 1391 1112 euim
1403 1057 1437 1113 de
1446 1056 1529 1115 Jacob
1541 1061 1640 1116 dicitur
1651 1061 1708 1132 iarn
1719 1062 1828 1133 quidem

289 1157 311 1201 ts
328 1142 364 1199 sd
385 1142 480 1198 urbem
496 1140 646 1197 Jerusalem
663 1157 695 1197 ca
717 1156 778 1213 quie
794 1141 827 1196 de
840 1141 982 1213 Beniamin
1032 1154 1151 1212 mortuo,
1173 1147 1221 1202 sed
1242 1148 1491 1220 nondumsepulto‚
1504 1152 1578 1206 etad
1597 1168 1677 1221 quern
1698 1151 1826 1223 pupulum

289 1241 369 1291 nsunt
383 1232 557 1289 referentem.
572 1232 723 1304 Beniamin,
736 1233 834 1303 inquit,
848 1232 921 1303 pilius
935 1233 983 1287 da·
1031 1247 1148 1307 portatur
1159 1254 1213 1294 non
1238 1248 1281 1295 est
1295 1241 1322 1294 in
1349 1248 1476 1311 promptu
1500 1243 1601 1298 ridere.
1630 1243 1670 1299 Ex
1690 1244 1735 1300 illo
1753 1246 1824 1299 enim

289 1331 474 1397 iterpretator.
488 1324 539 1380 llic
552 1332 626 1379 sorte
638 1324 805 1381 haereditatis
819 1339 880 1380 eum
892 1324 981 1380 locum
1031 1329 1148 1398 populus
1159 1330 1234 1400 prior
1247 1331 1381 1398 nascitur,
1393 1332 1439 1401 qui
1453 1331 1543 1390 dictus
1555 1341 1597 1388 est
1608 1335 1723 1405 populus
1732 1332 1826 1388 lsrael.

289 1413 347 1482 tin
357 1427 412 1487 quo
422 1423 530 1470 terrena
543 1424 585 1470 est
595 1413 753 1482 Jerusalem,
766 1431 825 1484 quae
836 1431 908 1471 nuric
917 1430 982 1486 pro·
1032 1417 1083 1485 Qui
1095 1434 1161 1475 ncro
1182 1434 1244 1476 eum
1267 1430 1467 1491 praecesserunt
1489 1431 1545 1478 tam
1568 1425 1647 1494 pauci
1660 1422 1725 1494 iusti
1740 1425 1824 1479 nomi·

289 1507 478 1563 eredulitatem
495 1506 600 1577 abiecta
619 1516 662 1562 est
681 1514 762 1577 atque
783 1506 899 1576 repulsa.
920 1506 982 1562 llaec
1032 1518 1140 1577 nentur,
1155 1518 1185 1566 ut
1197 1527 1244 1567 cos
1265 1512 1392 1583 populum
1414 1513 1550 1585 appellare
1570 1523 1738 1571 cunctemur.
1760 1516 1827 1572 Nam

289 1597 374 1656 rilliis
387 1599 442 1655 suis
453 1599 504 1654 sub
514 1612 629 1670 persona
652 1597 790 1671 Beniamin
815 1600 980 1671 designatur.
1031 1616 1054 1655 st
1068 1601 1170 1656 dictum
1185 1610 1275 1658 esset:
1289 1602 1487 1673 Appositusest
1508 1604 1543 1658 ad
1563 1613 1655 1673 patres
1669 1620 1741 1671 snos,
1755 1605 1828 1660 nulia

289 1689 340 1745 'mitt
357 1685 497 1757 Beniamin
523 1688 647 1743 ultimam
671 1690 847 1760 consequitur
871 1688 983 1745 bencdi-
1031 1692 1145 1760 quaestio
1165 1691 1252 1748 tieret.
1267 1693 1307 1748 dn
1332 1694 1402 1750 sorte
1418 1695 1532 1766 populus
1546 1704 1589 1751 est
1608 1711 1662 1752 non
1677 1696 1764 1751 salum
1777 1696 1827 1752 be·

289 1797 315 1850 n,
326 1779 364 1838 ita
382 1788 411 1838 et
423 1781 494 1837 idern
512 1782 626 1853 populus
644 1783 754 1839 ultimus
770 1792 812 1839 est
826 1783 981 1848 salvandus,
1031 1782 1134 1838 minum
1147 1794 1314 1852 sanctorum,
1330 1803 1422 1843 verum
1436 1800 1464 1843 et
1481 1789 1637 1862 angelorum
1656 1790 1770 1862 populus
1787 1792 1826 1846 ci-

303 1885 387 1943 quam
416 1869 555 1942 plenitudo
581 1874 701 1944 gentium
731 1874 884 1929 intruserit.
913 1871 982 1927 Dicit
1032 1874 1122 1927 sitatis
1140 1874 1232 1930 ibtust
1251 1874 1649 1936 Undedieituradllebraeos:
1671 1879 1827 1937 Scdacees·

289 1959 430 2033 Bstsinmin
455 1961 532 2033 iupus
558 1980 660 2035 ropaa,·
687 1964 766 2036 lopus
779 1964 892 2028 scilicet,
917 1961 981 2033 quia
1031 1968 1102 2022 sistis
1112 1968 1147 2022 ad
1161 1978 1274 2024 montem
1291 1970 1356 2026 Sion
1377 1982 1401 2026 et
1416 1973 1591 2029 uicinitatem
1603 1974 1652 2030 Dei
1665 1974 1824 2042 Jerusalem,

289 2053 371 2127 pulos
392 2052 486 2109 eliudit
506 2056 666 2127 sanguinem
688 2058 882 2127 prophetarum
901 2064 982 2125 atque
1032 2067 1055 2112 et
1067 2059 1102 2112 ad
1117 2059 1200 2115 miliia
1212 2061 1366 2132 anpeiornm
1376 2065 1563 2121 exsultantium
1577 2065 1672 2139 (liebr.
1682 2067 1742 2139 rui.
1757 2066 1826 2125 lluic

289 2159 328 2202 nr.
347 2146 442 2217 Rapax
456 2153 557 2212 autem,
576 2155 685 2218 propter
699 2147 855 2203 aviditatem
869 2146 978 2202 dicitur.
996 2144 1129 2219 Bpopulu
1143 2160 1324 2221 opponuntur,
1347 2153 1394 2223 qui
1415 2163 1476 2226 post
1496 2156 1567 2211 banc
1590 2157 1673 2212 vitam
1687 2156 1825 2228 placentes

289 2325 360 2398 ‚ipse
373 2326 507 2383 violenter
517 2327 610 2397 diripit
624 2343 736 2396 regnum
752 2327 810 2383 Dei.
826 2327 875 2383 llic
888 2334 978 2381 unitam
1027 2332 1084 2403 ium
1099 2343 1220 2390 remanet
1239 2334 1392 2391 sollicitudo
1414 2343 1603 2405 teruntionum,
1626 2349 1655 2396 et
1675 2339 1824 2412 periculum

289 2417 392 2475 auedts
405 2418 533 2489 praedam.
547 2417 625 2474 Bane
644 2418 710 2473 illud
728 2426 835 2490 tenipus
849 2419 978 2482 creditur,
1029 2435 1202 2495 pcccatorum
1219 2427 1332 2483 nullum.
1362 2429 1438 2497 erod
1466 2432 1574 2486 truncus
1598 2432 1637 2486 ait
1662 2431 1823 2501 Scriptura:

289 2523 338 2582 pm
348 2509 462 2582 accepit.
478 2508 553 2565 Tune
572 2510 644 2564 entim
657 2511 749 2566 ntundi
769 2510 978 2581 primoquidem
1029 2515 1096 2571 Arate
1106 2529 1214 2573 martem
1225 2519 1763 2594 nelandesbominemqueinqnamiliccii.
1773 2520 1822 2593 nt).

289 2599 346 2658 stio
360 2600 479 2657 scientiae
492 2599 542 2656 Dci
557 2600 619 2655 data
631 2610 682 2655 cst.
699 2600 821 2656 Comcdit
834 2601 905 2655 enim
926 2615 980 2654 ma·
1235 2601 1238 2608 '
1325 2631 1438 2688 CAPUT
1456 2633 1525 2689 m

289 2693 401 2767 'libem
418 2709 501 2764 (luam
524 2709 604 2749 ’ΠΜ
626 2695 738 2764 ³⁰⁰⁰Pi¹2
760 2696 826 2760 ‘'di‘’
850 2695 937 2750 adhuc
952 2703 979 2749 ⁰²
1029 2719 1069 2776 De
1078 2721 1150 2776 obitu
1163 2720 1248 2777 Jacob
1261 2732 1285 2777 et
1295 2723 1328 2777 de
1336 2723 1444 2807 planctu
1458 2726 1494 2779 ΛΞ
1496 2727 1644 2798 pqptiarum
1656 2727 1683 2780 in
1696 2726 1824 2797 obsequiis

289 2791 349 2852 tur,
374 2784 438 2840 licet
456 2800 572 2855 sequens
596 2785 682 2856 legem
703 2785 817 2853 iustitia
840 2787 865 2840 in
893 2786 979 2857 legem
1392 2812 1460 2866 eim,

289 2887 314 2930 ιιι
327 2874 492 2946 pervenerit.
510 2873 550 2928 Ad
565 2890 698 2945 uesperam
708 2885 795 2929 autern
816 2875 907 2930 diuidit
919 2892 979 2946 spo·
1066 2881 1215 2956 Finitisque
1228 2886 1360 2940 mandatis
1371 2886 1464 2958 quibus
1476 2885 1545 2956 filios
1555 2884 1709 2950 instruebat,
1722 2883 1823 2956 catinia

289 2981 377 3040 rupem
403 2975 493 3022 autem
511 2975 553 3022 est
577 2966 641 3022 illud
667 2976 772 3038 tenipus
791 2969 977 3034 novissimum,
1029 2972 1179 3042 pedessuas
1198 2988 1277 3042 super
1296 2973 1390 3028 lectum
1409 2986 1432 3030 et
1447 2975 1529 3040 abiit,·
1546 2974 1776 3044 appositusqaeest
1790 2971 1824 3025 ad

289 3067 434 3115 trenetur.
450 3059 527 3114 Tune
540 3074 606 3129 ergo
628 3060 728 3114 diridet
748 3074 849 3126 escant,
864 3070 926 3115 tuuc
939 3061 979 3114 iu·
1029 3062 1155 3133 populum
1172 3079 1250 3118 snum
1265 3064 1340 3135 itinn.
1355 3064 1391 3137 ι).
1416 3065 1494 3131 Quod
1518 3081 1624 3119 cerneris
1648 3062 1756 3133 derepit,
1771 3064 1824 3115 ruit

296 3149 468 3208 dividendam
490 3164 551 3206 csse
565 3151 683 3205 litterani
702 3166 718 3204 a
738 3152 846 3222 spirim,
868 3159 896 3206 et
915 3158 979 3204 tunc
1029 3153 1210 3223 superiaciem
1223 3156 1394 3225 patriniacus,
1413 3166 1437 3209 ct
1455 3154 1610 3210 deosculans
1628 3168 1708 3218 autra,·
1728 3167 1826 3223 prace-

289 3249 330 3300 ret
352 3243 415 3313 quia
437 3243 529 3300 littera
542 3244 650 3310 occidit,
666 3243 778 3314 spiritus
802 3253 890 3298 airtenr
912 3242 979 3297 riri·
1029 3244 1116 3315 piique
1128 3246 1209 3301 seruis
1219 3246 1274 3300 suis
1286 3247 1403 3313 erudiris,
1414 3258 1441 3301 nt
1457 3246 1617 3301 aromatibus
1630 3245 1764 3301 condirent
1774 3260 1823 3315 pn-

289 3337 414 3409 iuiaergo
427 3338 483 3409 ium
497 3338 672 3409 pergratiam
690 3336 738 3392 Dei
754 3337 920 3392 illuminatus
935 3336 977 3391 iu·
1030 3344 1105 3389 trem.
1118 3335 1218 3401 Quibus
1229 3338 1307 3408 iussa
1327 3338 1499 3409 explentibus,
1522 3339 1684 3393 transierunt
1706 3335 1824 3407 qrnrdra-

310 3426 370 3501 iege
394 3428 544 3500 spiritualia
565 3444 580 3483 a
595 3429 749 3485 carnalibus
762 3429 882 3484 diridcrc
895 3439 922 3485 et
935 3445 978 3485 se·
1029 3428 1182 3501 pintaqiies.
1197 3427 1251 3482 lete
1267 3429 1360 3498 quippe
1371 3445 1427 3483 nias
1437 3439 1492 3483 eret
1503 3428 1661 3482 criduncrunr
1673 3422 1824 3480 condendo-

289 3560 292 3581 ,
314 3518 375 3575 ideo
399 3519 498 3575 dicitur
522 3519 556 3574 ad
579 3534 720 3589 vesperam
743 3520 864 3575 dividere
875 3535 976 3586 escam,
991 3500 1014 3562 C
1030 3537 1099 3574 rura.
1111 3519 1135 3573 F
1136 3520 1310 3592 iecitquecum
1322 3519 1454 3592 dippptns
1463 3521 1626 3592 reptuapinta
1637 3518 1739 3572 dicbus.
1753 3515 1776 3583 0
1795 3530 1824 3570 a·

289 3618 324 3667 its
337 3611 381 3667 die
400 3611 426 3666 iu
441 3611 500 3683 lege
514 3612 659 3678 meditans,
671 3620 735 3668 ante
748 3628 803 3667 non
814 3612 887 3668 lecit.
904 3614 980 3681 Quae-
1029 3615 1153 3684 draginta
1163 3615 1222 3670 dies
1234 3613 1456 3684 sepulturaquos
1465 3619 1661 3669 conmemorat
1671 3610 1822 3679 Scriptura,

288 3714 354 3763 rtem
371 3707 404 3762 de
420 3705 514 3771 Jacob,
535 3722 584 3762 cur
595 3722 690 3762 omncs
711 3722 779 3777 quos
794 3706 934 3762 delibaris
951 3715 980 3762 ct
1028 3705 1098 3762 lorte
1112 3705 1265 3779 significant
1279 3706 1379 3776 aliquid
1394 3705 1571 3776 poenitcntinc,
1585 3719 1637 3774 qua
1659 3709 1769 3773 pccitnta
1782 3713 1824 3755 se·

298 3800 401 3873 gennit,
415 3799 511 3870 aequali
524 3800 626 3854 bonore
648 3799 717 3855 blios
731 3809 758 3856 et
770 3800 890 3856 baredes
914 3816 979 3856 con·
1027 3797 1173 3868 peliuntur.
1191 3799 1250 3854 lion
1267 3800 1339 3855 enim
1354 3798 1453 3855 trustra
1475 3800 1557 3855 ctiam
1571 3796 1749 3868 quadraginta
1766 3793 1824 3848 dies

289 3892 316 3958 it,
331 3890 383 3947 nisi
399 3901 429 3947 ut
450 3893 607 3946 ostenderet
620 3893 692 3961 quod
704 3891 830 3947 Christus
846 3891 977 3947 Dominus
1025 3892 1190 3962 ieiuniorum
1204 3901 1267 3948 sunt
1293 3892 1443 3957 constituti,
1463 3891 1562 3962 quibus
1589 3889 1693 3959 lloyscs
1709 3895 1738 3942 ct
1751 3885 1824 3940 Elias

289 3982 577 4055 ingentibusquaeper
589 3983 668 4038 iidem
687 3985 794 4054 corpori
815 3984 873 4054 eins
889 3983 979 4038 conci·
1028 3990 1056 4036 et
1078 3982 1208 4036 Dominus
1231 3981 1289 4052 ipse
1306 3979 1452 4052 ieiunarit,
1469 3988 1498 4036 et
1520 3979 1641 4034 Ecclesia
1659 3976 1823 4047 praecipuam

289 4072 416 4140 ,cunctis
427 4073 486 4142 pari
509 4073 611 4127 bonore
624 4083 650 4127 et
665 4073 750 4144 gloria
773 4073 884 4138 habitis,
898 4072 978 4129 coele·
1029 4076 1246 4131 observationem
1271 4072 1436 4143 ieiuniorum
1462 4071 1703 4141 Quadragesimam
1733 4076 1822 4123 necat.

289 4163 364 4221 nmio
376 4162 524 4234 largiatur?
539 4162 594 4218 lice
609 4175 649 4224 est
665 4165 802 4229 discretio,
823 4162 933 4219 Judaeus
943 4179 977 4218 au
1029 4167 1106 4223 Unde
1119 4176 1146 4222 et
1161 4168 1187 4221 in
1205 4166 1319 4221 llcbraeo
1330 4166 1362 4220 de
1375 4165 1500 4220 Ninivitis
1512 4164 1581 4234 apud
1599 4161 1693 4217 loriam
1709 4160 1824 4230 proplie-

289 4252 443 4323 derbarus
454 4270 487 4309 an
496 4253 606 4325 Scytba,
615 4271 710 4310 servus
720 4269 754 4308 au
766 4255 834 4310 liber
845 4254 976 4322 sirmam.
1028 4267 1084 4313 tam
1096 4257 1226 4327 scriptum
1240 4255 1384 4325 perbibent
1397 4274 1403 4307 :
1423 4253 1606 4324 Quadruqinta
1622 4252 1678 4306 dies
1691 4261 1715 4305 et
1727 4248 1823 4305 Niniue

289 4360 326 4400 ¹⁸·
339 4344 393 4414 ¹1¹),
415 4343 479 4413 buia
500 4359 547 4414 Det
568 4345 697 4399 0111¹¹i²¹el
718 4346 744 4399 ib
764 4344 979 4399 0ntnibt180111't'·
1028 4360 1155 4405 evertetur
1168 4347 1257 4419 (Jeme
1279 4348 1331 4418 m),
1354 4355 1384 4401 ut
1405 4360 1453 4418 per
1467 4355 1506 4401 tot
1525 4346 1583 4401 dics
1605 4342 1823 4399 accommodatos

289 4433 464 4506 tProptcrna
479 4435 551 4489 enim
572 4436 684 4504 liguram
705 4435 774 4490 servi
795 4433 979 4490 Salvatorno
1028 4438 1155 4494 videlieet
1180 4437 1362 4493 humiliationi
1387 4437 1576 4507 poenitcntiunr
1602 4432 1768 4503 intelligatur
1794 4433 1822 4487 in

303 4526 434 4585 Dominus
456 4528 551 4592 induit,
567 4537 593 4583 ct
616 4544 665 4598 pro
682 4529 767 4583 libero
782 4538 809 4584 ct
830 4543 880 4599 pro
900 4544 978 4584 serre
1025 4530 1137 4601 ieiuniis
1149 4547 1199 4587 sua
1214 4529 1353 4587 dcllerissc
1367 4538 1477 4600 pecuda
1491 4537 1518 4583 et
1536 4528 1696 4597 impetrasse
1717 4524 1824 4579 miseri·

289 4626 308 4685 b
319 4624 349 4675 1⁸²
361 4617 487 4673 onrnibus
500 4619 673 4674 credentiBus
683 4619 710 4673 in
722 4633 751 4674 se
762 4619 865 4689 {vqualis
879 4620 978 4675 donum
1029 4625 1150 4681 cordiam
1164 4623 1223 4679 Dei.
1238 4621 1294 4677 Nee
1308 4630 1398 4676 tamen
1410 4620 1557 4690 putandum
1569 4624 1611 4671 cst
1631 4617 1712 4671 istum
1729 4629 1823 4670 nume·

289 4726 317 4767 nr
336 4710 489 4767 antestium
511 4711 650 4781 largiatur,
676 4727 725 4768 nce
747 4712 894 4782 praefertur
907 4713 978 4784 apud
1030 4733 1089 4774 rum
1116 4717 1200 4772 luctui
1229 4714 1419 4785 poenitentium
1448 4711 1633 4766 tantummodo
1658 4709 1822 4776 convenire,

289 4804 338 4877 ¹nid
351 4805 499 4861 secundum
510 4798 617 4860 carnem
630 4806 746 4861 nobilior
759 4806 803 4860 sis.
820 4805 978 4876 Quicunque
1029 4808 1148 4878 alioquin
1161 4821 1215 4861 non
1230 4805 1407 4875 quadraginta
1425 4801 1484 4857 dies
1497 4801 1605 4857 lecisset
1619 4800 1748 4856 Dominus
1760 4815 1823 4856 cum

289 4896 354 4953 dem
368 4896 473 4955 Domini
497 4884 689 4965 promeretur,
699 4896 779 4952 nullis
791 4896 904 4953 maculis
914 4912 977 4953 car·
990 4869 1016 4929 D
1029 4898 1168 4970 discipulis
1190 4898 1247 4954 suis
1259 4905 1320 4968 post
1343 4894 1569 4952 resurrectionem
1586 4893 1689 4948 intrans
1709 4906 1770 4947 cunr
1783 4891 1824 4947 eis

289 4986 416 5044 rtivitatis
439 4987 595 5042 offuscatur.
626 4986 693 5042 Nam
709 4989 761 5043 boc
784 4987 821 5042 ita
845 4987 976 5053 tutorum,
1030 5000 1057 5046 et
1067 4991 1171 5055 exiens,
1185 4988 1353 5045 manducans
1367 4994 1395 5042 et
1409 4985 1515 5042 bibens.
1528 4983 1579 5051 Qui
1591 4985 1649 5040 dies
1659 4983 1753 5054 utique
1768 4997 1825 5037 ma-

289 5094 326 5137 ter
338 5080 497 5151 prophetam
519 5078 698 5150 significatur,
721 5081 828 5157 dicente
841 5081 976 5137 Domino:
1031 5098 1090 5154 pirae
1111 5082 1211 5138 laetitiae
1224 5082 1344 5136 luerunt.
1360 5077 1501 5135 tieem
1514 5077 1687 5148 interpretes,
1701 5089 1771 5145 quos
1783 5073 1822 5129 le-

289 5173 456 5229 rttooissimis
467 5173 558 5226 diebus
571 5173 705 5243 spaniam
719 5175 855 5241 despiritu
866 5191 921 5230 nrea
934 5191 979 5229 su·
1032 5173 1246 5246 qereconsncrit
1259 5172 1390 5237 Ecclesia,
1414 5185 1522 5227 errasse
1545 5170 1671 5226 credendi
1694 5177 1768 5232 sunt,
1793 5175 1823 5222 ut

289 5280 344 5321 um
359 5281 465 5319 carnem
476 5263 555 5336 (incl.
566 5265 606 5335 ιι).
1032 5280 1087 5321 non
1110 5263 1242 5319 dicerent
1263 5260 1447 5332 Quadraqa'ma
1470 5261 1534 5326 dns,
1559 5262 1625 5316 sed:
1653 5258 1779 5313 iuduunt
1797 5266 1823 5310 et

289 5354 354 5410 eslii
367 5353 395 5408 in
406 5354 524 5409 tribubus
537 5353 623 5408 lsrael
633 5354 782 5410 duodecim.
796 5355 862 5411 linc
874 5357 976 5414 iocatus
1032 5354 1127 5410 Niniue
1149 5362 1285 5408 evertetur.
1306 5351 1407 5420 liaiore
1421 5352 1519 5424 qnippe
1532 5349 1693 5406 auctoritate
1716 5346 1823 5418 prediti

289 5454 355 5501 rutrr
365 5462 440 5511 suar,
452 5446 748 5516 aeaedtstrqaastnqntn
758 5447 977 5505 benedictionibus
1029 5462 1112 5519 quam
1136 5445 1313 5514 interpretum
1338 5441 1456 5497 officium
1481 5450 1534 5506 cst,
1549 5439 1707 5512 prophetico
1721 5435 1820 5508 spiritu

289 5552 308 5607 r,
331 5544 356 5592 ct
374 5537 498 5608 pracepit
521 5537 559 5590 eis
582 5537 688 5591 dicens:
713 5534 770 5607 liqo
786 5555 927 5609 canqrepor
942 5541 976 5595 aa
1030 5549 1084 5605 quo
1098 5533 1180 5588 etiarn
1193 5547 1241 5588 ore
1259 5546 1315 5588 uno
1337 5533 1364 5586 in
1383 5533 1439 5587 suis
1461 5527 1736 5601 interpretationibus,
1751 5527 1822 5595 quod

289 5642 311 5682 ιι
335 5642 442 5692 meam;
466 5627 570 5696 sepielire
595 5642 709 5679 nrecrnn
735 5626 851 5695 patribus
874 5630 977 5683 arcirin
1031 5638 1159 5696 inagnum
1185 5622 1347 5678 miraculum
1376 5622 1436 5687 luit,
1464 5620 1639 5676 consonuisse
1667 5618 1820 5683 firmantur,

289 5716 426 5789 uduplici,
437 5734 496 5789 quic
506 5726 544 5771 est
558 5718 584 5770 in
595 5733 658 5786 apra
672 5714 780 5786 lipbroa
793 5714 906 5783 liutici,
918 5734 978 5771 carr·
1032 5717 1161 5771 Triduum
1185 5724 1345 5784 posueruut,
1367 5712 1490 5782 quamvis
1508 5726 1561 5765 non
1580 5710 1736 5780 ignorarent
1749 5709 1821 5777 quod

290 5804 362 5862 mire
373 5807 401 5862 in
423 5818 494 5862 serra
516 5805 654 5873 Cianaan,
667 5824 745 5874 qaum
759 5808 820 5861 aaiir
845 5807 978 5863 Abrabam
1031 5810 1090 5864 dies
1101 5807 1280 5879 quadraginta
1295 5808 1322 5862 in
1337 5804 1457 5861 Debraets
1469 5803 1605 5858 codicibus
1615 5802 1779 5872 legerentur,
1791 5812 1822 5858 ut

289 5912 320 5953 ro
330 5897 363 5953 ab
377 5897 486 5971 Epiron
497 5898 607 5953 lletbao
619 5900 645 5952 in
656 5899 844 5968 passessionem
855 5898 977 5970 sepulcri.
1032 5901 1058 5955 in
1072 5898 1179 5954 Domini
1193 5897 1257 5954 Jesu
1270 5897 1372 5954 Christi
1384 5894 1586 5959 clarificatione,
1608 5892 1821 5965 intelligerentur

289 5987 396 6045 eliciunt
411 6007 479 6056 eniri,
505 6001 529 6045 et
545 5989 643 6045 Saroni
658 6006 765 6046 uxorem
788 5991 869 6060 einr,·
892 5992 978 6063 ibique
1031 5990 1141 6047 dissolri
1152 5990 1309 6060 abolerique
1323 5996 1446 6059 peccata,
1459 5988 1494 6044 dc
1507 6002 1561 6058 quo
1573 5988 1673 6044 dictum
1690 5996 1751 6044 est:
1768 5986 1821 6055 Qui

289 6099 302 6138 s
320 6082 453 6140 usticam
471 6100 530 6139 cum
548 6083 663 6140 Rebecca
685 6084 805 6156 raniupe.
828 6084 870 6141 ibi
891 6096 915 6141 et
928 6085 978 6141 bia
1032 6084 1146 6140 traditus
1166 6094 1203 6139 est
1216 6081 1425 6153 proprendeiicla
1440 6092 1542 6150 saura,
1553 6092 1578 6139 et
1598 6084 1739 6140 recurrerit
1759 6100 1821 6155 pro-
