4509 6850
322 636 373 694 tat
658 635 687 687 ll.
710 633 961 688 retrituratur!
982 632 1140 688 dlldllllll’.
1161 629 1314 687 illidi-NT.
1335 629 1477 686 ultr-:tabit
1498 629 1587 685 batis
1607 630 1626 685 l.
1900 630 1954 690 888

321 751 423 824 perbim
430 747 628 818 meritodeJeeti
639 757 712 812 aunt,
728 755 921 802 naturatamen
934 747 1109 801 excellentio—
1125 750 1149 808 Α
1163 744 1268 799 lierenr.
1293 742 1412 799 Callidus
1429 758 1546 813 namque
1567 743 1677 799 humani
1692 742 1801 814 gernot-is
1813 709 1954 809 inimicus,

324 857 369 899 res
381 848 444 895 ιιιιιι
454 839 580 896 omnibus
592 838 775 894 animantibus
784 846 863 892 terrae
876 845 987 907 propter
1001 835 1112 890 rationis
1164 834 1235 903 qood
1249 834 1275 888 in
1288 832 1414 903 paradiso
1426 833 1493 903 egit,
1507 834 1559 887 boe
1572 833 1693 903 quotidie
1707 846 1791 904 agere
1813 849 1870 889 uou
1884 833 1957 891 deti-

322 930 507 986 emioentiam.
520 928 590 995 Quid
601 942 666 997 ergo
679 928 777 983 mirum
787 928 809 982 si
822 941 872 981 suo
883 926 1010 980 instinctu
1025 925 1114 980 diabo
1163 924 1221 978 stit.
1235 922 1324 978 Verba
1337 922 1438 993 quippe
1450 923 1496 977 bei
1510 923 1543 978 de
1555 922 1681 979 cordibus
1693 923 1835 985 bominum
1846 925 1959 987 molitur

323 1018 366 1073 lus
377 1017 433 1087 jam
445 1017 559 1088 implens
569 1024 732 1087 serpentem,
743 1016 823 1085 eique
831 1031 909 1071 suum
923 1014 1050 1085 spiritum
1062 1013 1113 1068 mi·
1162 1012 1295 1078 crebere,
1310 1020 1391 1082 atque
1404 1012 1430 1067 in
1444 1012 1484 1068 eis
1499 1012 1561 1068 lla-ta
1575 1012 1763 1084 promissionis
1777 1029 1833 1073 sttae
1852 1012 1959 1076 blandi

323 1124 454 1174 scens,to
461 1123 536 1162 more
547 1122 602 1177 quo
614 1116 691 1163 rates
697 1106 888 1163 daemoniomm
896 1106 1001 1176 impleri
1016 1106 1110 1170 solent,
1163 1115 1254 1162 menta
1270 1106 1403 1161 radicare.
1418 1105 1547 1173 Quotidie
1570 1105 1596 1162 id
1609 1105 1681 1177 quod
1695 1107 1767 1162 beas
1782 1107 1906 1183 minatur
1919 1107 1959 1185 lp,-

323 1196 1114 1260 eallidissimumreddideratomniumaoimantiamterrm?
1162 1198 1259 1269 rigat,
1284 1206 1313 1252 et
1332 1197 1366 1251 ad
1388 1197 1439 1253 boe
1461 1195 1624 1253 emdurdom
1647 1197 1719 1268 qnod
1733 1196 1803 1252 tdso
1823 1198 1960 1268 pmpnittit

321 1289 380 1344 siae
410 1295 440 1342 ut
464 1288 516 1341 alia
537 1288 603 1342 dicit
625 1287 722 1352 editio,
750 1287 978 1356 sapientissimum
993 1286 1113 1341 omnium
1163 1290 1270 1345 inritat.
1293 1288 1374 1344 Falso
1387 1289 1459 1344 enim
1471 1288 1614 1359 pollicetur
1631 1288 1799 1358 temporalia,
1815 1298 1847 1345 ιιι
1863 1290 1960 1352 menti-

323 1382 482 1447 l:estiarum,
498 1381 644 1436 seeundum
658 1380 775 1433 animam
787 1380 875 1434 rivam
887 1378 1114 1434 irrationabilem·
1163 1381 1215 1435 bus
1228 1379 1368 1435 bominum
1382 1394 1415 1433 ea
1429 1378 1560 1449 supplicia
1575 1377 1688 1449 leviget,
1702 1394 1763 1449 quae
1784 1378 1959 1441 ileosmina-

323 1488 376 1542 qne
387 1472 550 1527 uiuentium?
564 1470 700 1543 (depost.)
714 1470 743 1524 st
761 1486 828 1540 erpo
840 1470 970 1539 queritur
982 1483 1031 1524 eur
1042 1470 1113 1524 beas
1165 1480 1209 1526 tur
1225 1480 1336 1527 eterna.
1348 1469 1414 1525 dam
1432 1486 1494 1526 eum
1507 1471 1648 1540 presentis
1661 1471 1723 1526 vite
1742 1471 1857 1543 gloriam
1878 1486 1959 1544 spon·

325 1564 424 1617 tentari
436 1562 591 1632 permiserit
603 1561 750 1627 bominem,
766 1576 845 1631 qoem
858 1561 986 1617 tentatori
997 1575 1112 1616 consen·
1164 1562 1219 1626 det,
1234 1561 1300 1632 quid
1314 1562 1387 1624 aliud
1400 1561 1467 1616 dicit
1480 1578 1488 1615 ε
1503 1561 1617 1617 Gustate
1630 1570 1659 1617 et
1681 1562 1759 1617 eritis
1772 1562 1844 1618 sieut
1857 1563 1915 1620 dtit
1927 1580 1959 1621 ac

271 1686 274 1691 -
323 1668 416 1707 snrtrm
427 1668 488 1708 esse
501 1652 671 1723 presciebat,
686 1652 805 1707 occurrit
817 1652 887 1706 ratio
896 1665 976 1717 vera,
990 1666 1043 1705 noo
1056 1665 1114 1705 ma·
1164 1653 1188 1708 si
1202 1662 1294 1722 aperte
1307 1652 1380 1708 dieat
1406 1652 1617 1723 :Temporalem
1632 1653 1883 1724 concupiscentiam
1900 1663 1958 1729 tam

324 1760 382 1815 gnae
407 1743 492 1799 laudis
516 1740 635 1797 lotorum
660 1740 744 1797 luisse
768 1740 923 1806 bominem,
938 1740 960 1795 si
971 1747 1114 1810 propterea
1164 1741 1229 1811 gite,
1252 1751 1281 1796 et
1300 1742 1328 1797 in
1348 1742 1399 1797 hoe
1417 1742 1518 1797 mundo
1539 1742 1669 1812 sublimes
1689 1751 1828 1813 apparete.
1844 1744 1879 1802 Et
1892 1760 1957 1815 eum

324 1844 416 1905 posset
425 1836 495 1891 bene
509 1835 610 1900 uivere,
623 1832 687 1903 quia
698 1846 777 1887 nemo
791 1831 860 1886 orale
873 1832 964 1886 rivere
975 1825 1113 1895 suaderet,
1165 1829 1289 1884 timorem
1303 1830 1400 1885 divinae
1411 1829 1578 1886 sententiare
1592 1831 1673 1889 oonde
1685 1845 1816 1887 amouere
1831 1843 1958 1902 conabar,

324 1941 385 1980 corn
399 1934 427 1980 et
441 1926 467 1980 in
483 1931 578 1979 natura
591 1938 678 1993 posse,
696 1930 723 1978 et
739 1922 765 1977 io
778 1930 912 1992 potestate
921 1922 1034 1975 baberet
1046 1919 1114 1975 velle
1164 1920 1229 1989 quid
1242 1919 1315 1974 aliud
1327 1920 1447 1991 loquitur
1458 1934 1539 1990 quam
1562 1918 1590 1977 id
1608 1920 1680 1989 qood
1693 1920 1789 1990 primis
1800 1921 1958 1987 bominibus

324 2031 377 2070 non
393 2014 545 2071 consentire
569 2013 708 2077 suadenti,
732 2013 876 2082 adjurante
899 2020 989 2066 tamen
1007 2010 1052 2066 illo
1067 2010 1113 2081 qai
1165 2010 1250 2067 dicit:
1265 2010 1321 2065 Cor
1330 2011 1453 2083 precepit
1467 2011 1539 2067 celis
1551 2011 1623 2067 om
1635 2022 1664 2066 at
1677 2029 1729 2068 nort
1744 2015 1915 2076 comederetis
1926 2016 1960 2086 de,

323 2106 441 2177 superbis
453 2106 559 2171 resistit,
574 2104 715 2159 tonditur
730 2114 816 2158 autent
831 2103 876 2157 dot
891 2103 1004 2173 protiom
1020 2102 1111 2174 (Pron.
1127 2105 1151 2165 B
1165 2102 1235 2156 ootrti
1245 2100 1316 2170 liqna
1326 2101 1463 2172 peradisi?
1472 2100 1598 2172 sedqnia
1608 2102 1700 2159 diuino
1709 2118 1824 2160 munere
1835 2115 1958 2177 rcoeptus

325 2197 377 2267 ιιι).
407 2195 463 2253 Nec
491 2195 677 2251 arbitrandum
704 2203 746 2250 eat
773 2195 846 2265 quod
871 2189 945 2249 esset
976 2194 1112 2249 hominem
1165 2192 1387 2263 bomojustitiam
1402 2192 1513 2264 recipit,
1528 2192 1725 2261 quamdudum
1741 2194 1870 2251 conditas
1887 2196 1957 2252 ami·

324 2287 477 2357 dejecturus
495 2288 547 2343 iste
563 2294 691 2352 tentator,
712 2286 763 2342 uisi
782 2286 964 2375 processisset
982 2284 1009 2339 in
1022 2285 1113 2339 anima
1164 2283 1215 2348 sit,
1244 2281 1381 2338 robustior
1406 2299 1436 2345 se
1454 2283 1511 2353 iam
1529 2293 1624 2344 contra
1648 2285 1833 2343 blandimenta
1854 2288 1959 2358 callide

325 2379 441 2437 bominis
452 2379 575 2450 quaedam
587 2378 670 2435 elatio
683 2378 897 2450 comprimenda,
922 2386 951 2433 ot
964 2376 1112 2448 perlmmi-
1164 2375 1348 2446 persuasionis
1376 2385 1507 2442 exercet,
1534 2378 1600 2447 quia
1627 2380 1816 2449 experimento
1840 2380 1958 2446 didicit,

324 2470 460 2526 liationem
481 2469 585 2543 peccati
608 2482 687 2539 quam
704 2468 738 2523 de
755 2483 785 2525 se
803 2466 871 2522 laiso
892 2466 1112 2537 presumpserit,
1164 2473 1295 2535 quantum
1310 2466 1440 2521 obediens
1462 2482 1522 2523 esse
1543 2468 1640 2534 debeat
1664 2479 1816 2541 pracepto3
1834 2478 1862 2528 et
1877 2485 1960 2543 queas

323 2563 447 2618 disceret.
463 2560 608 2619 Verissime
620 2563 719 2633 quippe
736 2562 893 2619 dictumest
907 2580 913 2617 :
927 2562 994 2617 Ante
1008 2562 1113 2615 ruiocrrr
1164 2565 1229 2614 tunc
1242 2557 1320 2629 eulpa
1341 2558 1374 2612 ad
1389 2573 1513 2629 poeoam,
1530 2576 1602 2617 none
1613 2576 1694 2632 piena
1706 2578 1754 2620 sua
1778 2565 1922 2636 restringit
1943 2581 1961 2623 a

322 2654 455 2709 exaltator
469 2654 623 2726 spirituc,et
636 2664 697 2709 onte
716 2654 827 2725 pieriam
851 2650 1112 2723 lentilioiorll’rca.
1163 2647 1257 2719 culpa3
1274 2657 1302 2704 et
1326 2656 1401 2704 tauto
1414 2651 1501 2721 magis
1526 2652 1683 2723 delinquere
1705 2654 1819 2721 metuit,
1843 2666 1968 2728 qrranto,

320 2749 389 2822 aar).
413 2747 459 2804 Sic
474 2758 563 2805 autem
578 2748 687 2820 quidam
702 2755 846 2826 moventur
856 2748 890 2804 de
902 2748 954 2804 bac
966 2748 1047 2819 primi
1061 2748 1112 2803 bo-
1163 2748 1276 2810 θιιεθῐιῑθ
1289 2738 1437 2811 subdicit).
1450 2751 1478 2797 οι
1492 2742 1617 2812 ipsoram
1631 2744 1703 2815 quod
1719 2748 1891 2817 perpetrarit
1913 2763 1947 2807 ar

324 2839 404 2895 arinis
425 2842 590 2907 tentatione,
606 2842 752 2913 quodnam
767 2840 824 2917 lieri
848 2840 1000 2912 permiserit
1025 2840 1111 2904 beas,
1164 2840 1250 2888 cml·

322 2930 398 3000 quasi
412 2946 484 2986 nunc
498 2932 670 2988 consideant
682 2932 838 3003 universum
852 2928 938 3013 ¹genus
953 2931 1111 2997 bumanam,
1198 2932 1272 2989 llicit
1293 2944 1381 2989 autem
1403 2951 1509 3006 serpens
1530 2936 1566 2989 od
1588 2935 1724 2990 mulierem
1748 2949 1757 2987 .·
1780 2935 1962 3009 Nequam

322 3023 420 3079 diaboli
444 3024 548 3080 insidiis
569 3025 627 3080 sine
652 3025 806 3081 cessatione
827 3023 935 3079 tentari.
955 3022 1113 3079 Curcthoe
1163 3036 1246 3095 morte
1256 3026 1413 3083 moriemini.
1428 3025 1484 3086 Scit
1495 3027 1564 3082 enirn
1574 3027 1656 3093 bees,
1667 3026 1738 3099 qaod
1760 3028 1965 3101 incedensque

322 3115 454 3183 permittit
473 3115 561 3170 licus?
587 3130 621 3169 an
649 3116 712 3185 quia
734 3115 879 3190 pmbatur,
901 3122 932 3168 ot
954 3121 1113 3169 exerceatur
1163 3118 1205 3173 dic
1215 3119 1379 3175 comederitis
1392 3136 1426 3174 ec
1440 3136 1481 3186 co,
1496 3120 1647 3191 aperientur
1658 3120 1728 3175 oceli
1740 3122 1832 3188 metri,
1848 3132 1874 3177 ct
1886 3124 1960 3179 critis

321 3203 408 3259 virtus
424 3212 452 3258 et
476 3213 517 3260 est
538 3203 626 3275 palma
645 3204 788 3276 gloriosior
803 3219 854 3259 non
868 3204 1038 3261 consensisse
1052 3214 1112 3259 ton·
1163 3221 1191 3266 ιιι
1202 3212 1248 3276 dit,
1261 3188 1506 3267 ιιιιιιιιιιοιιιιιιίι
1518 3212 1628 3268 roclena.
1643 3213 1713 3281 Quid
1727 3215 1773 3271 bie
1786 3215 1956 3290 intelligitur,

320 3300 417 3359 tatum,
433 3308 515 3364 quam
529 3309 582 3350 non
597 3295 717 3364 potuisse
734 3294 850 3371 tentari?
862 3292 891 3350 st
905 3304 994 3369 nutem
1014 3296 1112 3363 quaeri·
1162 3303 1214 3379 nisi
1225 3318 1384 3373 persuasum
1395 3318 1456 3359 ease
1469 3304 1509 3359 eis
1523 3313 1551 3358 ιιι
1564 3305 1614 3360 sub
1629 3304 1685 3361 ileo
1697 3320 1760 3362 esse
1774 3307 1896 3376 nollcat,
1910 3311 1954 3375 sed

320 3394 366 3441 tur
385 3402 434 3443 cor
453 3387 621 3459 potissimum
641 3401 691 3457 per
705 3394 856 3459 serpentem
870 3384 993 3443 tb'abolus
1014 3387 1111 3443 tentari
1164 3394 1190 3449 in
1212 3395 1519 3466 potestatepotiussine
1534 3396 1641 3463 beo‚ut
1657 3396 1820 3471 leporarius
1834 3414 1891 3457 ron
1910 3400 1954 3458 cb·

318 3480 467 3549 permissus
478 3480 524 3547 sit,
536 3479 593 3549 jam
606 3480 658 3536 boe
667 3479 836 3557 signideandi
846 3480 932 3552 gratia
944 3478 1044 3536 lactum
1054 3487 1108 3559 est,
1122 3465 1145 3531 C
1160 3475 1311 3555 serimus,
1327 3489 1404 3560 quasi
1421 3489 1565 3545 invidearis
1579 3488 1628 3545 sib}
1645 3504 1679 3546 ne
1693 3505 1724 3545 ω
1739 3490 1792 3562 ῑμῑ
1815 3501 1951 3564 m,

319 3585 371 3622 lton
385 3569 587 3640 qttoddldbolus
603 3570 704 3642 aliquid
717 3571 751 3627 dd
766 3570 973 3635 insli'tlclldtiem
987 3579 1107 3626 noslmlli
1159 3595 1213 3635 non
1241 3580 1391 3655 pndigenles
1417 3580 1488 3636 illins
1513 3590 1616 3637 aeterno
1640 3581 1760 3648 lumine,
1786 3583 1951 3642 pepinum

317 3659 471 3728 significare
480 3660 610 3726 voluerit,
624 3662 672 3717 sed
684 3676 746 3717 eum
759 3660 888 3716 accedere
902 3660 935 3714 ad
950 3659 1107 3741 tenendum
1158 3670 1278 3742 proprio,
1292 3670 1463 3741 providentes
1473 3672 1551 3740 quasi
1564 3672 1651 3728 oculis
1664 3673 1721 3729 surg
1736 3673 1771 3729 qq
1794 3674 1952 3746 (pamm,

318 3763 371 3801 non
393 3757 484 3818 posset
505 3748 556 3803 nisi
578 3748 737 3819 permissus,
760 3765 824 3804 num
838 3747 911 3817 aliod
932 3758 1039 3819 posset,
1055 3748 1107 3806 nisi
1158 3748 1222 3816 dum
1247 3763 1347 3819 bonum
1362 3770 1391 3817 et
1405 3761 1516 3826 malum,
1545 3763 1617 3832 quod
1642 3762 1686 3817 ille
1706 3764 1904 3835 prohibuisset.
1925 3764 1950 3821 la

315 3837 390 3906 quod
413 3838 780 3907 perutillebatoraceedetel
794 3838 928 3914 Quidquid
950 3840 1106 3910 lgiilllsei·
1157 3852 1255 3921 quibus
1269 3852 1359 3908 verbis
1373 3853 1521 3908 notandum
1532 3863 1633 3922 quanm
1647 3862 1707 3910 apte
1719 3856 1851 3927 nequjfiae
1860 3855 1951 3933 (ΜΨ,

317 3929 438 3998 porcille
451 3929 622 4001 significavit,
635 3931 660 3985 ei
672 3929 847 4001 prouidentiae
862 3929 1032 3986 tribuendum
1047 3938 1106 3998 est,
1158 3940 1200 4018 ¹¹¹⁵.
1229 3942 1367 4020 hominem
1390 3943 1425 3998 ιι,
1440 3944 1517 4000 puppo
1541 3946 1768 4016 10„r„·0,jq‚qqp
1794 3963 1850 4007 m„
1864 3931 1949 4029 Quat

315 4021 367 4075 sub
381 4038 433 4091 qua
447 4024 545 4094 etipse
559 4022 682 4078 diabolus
702 4021 783 4078 habet
803 4021 911 4092 quidem
932 4022 1105 4092 cupiditatem
1156 4045 1218 4086 enm
1254 4030 1463 4109 inobedientiam
1488 4034 1736 4106 contemptumque
1748 4036 1793 4093 sui
1820 4013 1952 4113 creatoris

316 4109 448 4181 succendi,
472 4114 626 4169 facultatem
645 4123 804 4169 autemnon
820 4104 1107 4183 nistqoaedator,rct
1156 4120 1229 4176 velut
1251 4121 1303 4177 sibi
1327 4121 1472 4184 incidentis
1484 4123 1592 4190 docuit,
1613 4122 1702 4181 sedet
1725 4113 1949 4186 numerositatem

315 4203 349 4256 ad
363 4203 541 4258 subvertenda
557 4218 590 4257 ae
607 4203 741 4272 perdenda
755 4217 819 4258 vasa
835 4203 899 4267 irae,
913 4202 955 4265 vel
970 4202 1004 4257 ad
1017 4202 1106 4258 bumi-
1156 4209 1268 4264 deorum
1286 4209 1324 4265 illi
1340 4211 1502 4266 credendam
1520 4214 1669 4283 proposuit,
1684 4214 1780 4271 dicens
1802 4233 1809 4270 :
1825 4215 1862 4271 Et
1879 4216 1950 4273 critis

314 4295 404 4350 liaada
418 4297 475 4351 sire
488 4295 624 4366 probanda
638 4312 701 4351 rasa
718 4296 919 4353 nrisericordlae.
935 4295 994 4352 bion
1015 4296 1106 4367 itaque
1154 4301 1222 4355 aieret
1242 4301 1291 4367 dii,
1304 4309 1438 4371 qnatenus
1454 4310 1482 4373 et
1499 4292 1606 4380 si'lorpe
1618 4305 1652 4358 ad
1665 4304 1879 4366 irrobedicntianr
1905 4323 1951 4369 eras

312 4402 425 4459 serpens
440 4387 583 4441 verborum
599 4402 680 4443 sonos
695 4386 869 4459 intelligebat,
885 4388 930 4458 qui
946 4403 979 4444 ex
994 4387 1040 4443 illo
1054 4387 1103 4443 lie-
1154 4393 1314 4463 pertrabere
1335 4395 1474 4466 nequiret,
1501 4397 1562 4453 odei
1577 4406 1668 4455 tamen
1682 4413 1735 4469 qao
1756 4416 1841 4456 unum
1867 4401 1948 4459 [teum

315 4475 379 4530 bant
394 4476 427 4530 ad
451 4476 607 4544 mulierem;
629 4492 716 4547 arque
733 4479 804 4533 eninr
819 4493 950 4534 conversa
969 4478 1103 4536 credenda
1151 4478 1280 4537 ‘colebant
1295 4485 1448 4538 castiedem
1465 4496 1661 4556 corrumperet.
1680 4487 1791 4543 sivero
1807 4492 1949 4558 perti-alro-

312 4574 356 4619 est
366 4566 454 4620 anima
465 4565 559 4635 ejtrsia
573 4576 695 4621 naturam
707 4567 875 4630 rationalem,
887 4566 1102 4637 quandoquidem
1155 4579 1207 4636 ret,
1222 4571 1250 4626 in
1267 4580 1382 4644 utroque
1393 4574 1479 4632 victor
1490 4575 1629 4633 existeret.
1645 4577 1786 4644 barontodo
1799 4579 1846 4641 bie
1859 4593 1948 4637 arten

313 4671 363 4711 nee
377 4658 426 4726 apsi
441 4657 562 4712 bomines
573 4674 687 4728 qnorum
702 4658 841 4713 rationalis
855 4667 953 4722 natura
965 4666 1017 4722 est,
1040 4672 1101 4726 cuqr
1154 4665 1245 4720 vorbis
1257 4663 1380 4721 erederet
1394 4666 1490 4725 mulier
1502 4685 1517 4723 a
1529 4669 1599 4725 bona
1611 4680 1694 4742 atque
1705 4671 1763 4734 utili
1777 4688 1808 4729 re
1821 4675 1949 4730 diuinitus

313 4747 418 4801 daemon
441 4747 468 4800 in
482 4747 521 4802 eis
535 4746 654 4818 loquitur
666 4764 698 4803 ea
717 4750 842 4818 passione
854 4748 896 4804 cui
911 4750 1044 4805 exorcista
1060 4765 1104 4807 rc-
1154 4770 1185 4831 se
1201 4755 1283 4812 luisse
1296 4759 1457 4828 prohibitos,
1471 4761 1522 4816 nisi
1533 4760 1589 4832 jam
1604 4763 1705 4821 inesset
1716 4767 1800 4822 menti
1814 4744 1894 4824 antor
1905 4770 1949 4825 ille

312 4838 440 4907 quiritur,
465 4838 552 4893 seiont
566 4839 631 4909 quid
651 4835 815 4909 loquantur;
837 4841 1039 4911 quantominus
1055 4843 1102 4907 ille
1114 4813 1141 4875 D
1154 4849 1270 4919 propriae
1287 4850 1444 4920 potestatis,
1468 4861 1496 4907 et
1519 4854 1641 4924 quaedam
1656 4855 1689 4913 de
1703 4873 1734 4926 se
1748 4833 1867 4931 superba
1883 4877 1950 4933 μη.

313 4927 474 4997 iotelligemt
496 4929 639 4984 verborum
654 4944 735 4985 sonos
757 4946 824 5001 quos
842 4946 890 5001 per
901 4947 963 4988 eum
981 4943 1009 4989 et
1021 4950 1056 4991 ex
1067 4950 1101 4991 eo
1153 4940 1286 5018 sumptio,
1308 4957 1367 5011 qum
1384 4957 1431 5012 per
1448 4943 1520 4997 illam
1536 4945 1713 5001 tentationem
1735 4946 1827 5006 luerat
1838 4953 1949 5008 eornm

311 5020 435 5075 diabolus
446 5020 491 5075 illo
504 5023 583 5078 modo
596 5021 724 5090 iaciebat,
736 5024 783 5095 qui
797 5024 932 5096 bominem
945 5026 1099 5098 loquentem
1153 5032 1239 5092 cenda
1260 5042 1288 5097 et
1302 5033 1485 5090 humilianda?
1500 5035 1622 5107 lienique
1638 5040 1728 5096 verbis
1742 5057 1797 5098 troo
1820 5056 1947 5104 conenta

311 5125 364 5164 nou
378 5109 549 5179 intelligeret.
559 5111 582 5167 si
594 5125 656 5167 eom
667 5127 682 5166 a
693 5112 824 5168 diabolica
836 5115 961 5184 passione
974 5116 1100 5184 immunis
1153 5127 1297 5194 serpentis,
1313 5128 1494 5183 eorrsidcrarit
1506 5130 1620 5200 lignum.

309 5202 425 5258 audiret.
1193 5212 1324 5286 viditque,
1337 5225 1367 5270 ut
1379 5216 1520 5287 Scriptura
1538 5220 1619 5288 dicit,
1632 5222 1703 5292 qaod
1722 5221 1821 5279 lenem
1834 5238 1902 5287 enci
1912 5229 1946 5283 rt

346 5293 418 5348 bird
431 5309 492 5364 erpo
518 5293 552 5348 nd
566 5294 700 5351 mulierem
718 5295 795 5351 :Gur
808 5298 928 5367 precepit
942 5297 1012 5353 robis
1030 5299 1099 5354 beas
1117 5300 1123 5312 ’
1152 5308 1315 5372 terrendam,
1327 5318 1351 5363 et
1363 5308 1600 5379 pulrltrrtmocalis,
1613 5323 1772 5385 aspectoque
1780 5302 1944 5383 delectabile

309 5395 337 5439 ot
353 5400 405 5438 non
423 5385 592 5440 cornederetr's
605 5386 638 5440 de
651 5385 722 5440 omni
742 5385 812 5455 liquo
832 5385 972 5455 paradisii
989 5386 1039 5442 ebt
1056 5405 1098 5458 re-
1151 5402 1179 5449 et
1198 5410 1250 5449 noo
1274 5396 1390 5452 eredens
1400 5413 1479 5468 posse
1502 5399 1564 5456 inde
1576 5416 1606 5457 se
1627 5404 1708 5468 mori,
1730 5405 1854 5462 arbitror
1874 5407 1945 5479 qaod

305 5475 412 5542 spondit
424 5475 537 5530 melier:
550 5473 587 5529 be
596 5475 683 5547 [racto
693 5474 823 5546 liquorom
836 5491 894 5546 qrtcc
904 5486 964 5530 rarat
975 5476 1002 5529 in
1016 5493 1098 5548 pera·
1149 5484 1286 5552 putauerit
1296 5484 1380 5540 Deum
1391 5486 1504 5560 alicujus
1513 5489 1811 5560 signideationiscaasa
1822 5496 1943 5553 dixisse:

305 5567 365 5637 diso
378 5567 514 5632 ceseimttr,
538 5567 571 5620 dc
587 5567 676 5636 [racto
688 5582 747 5620 occo
760 5564 824 5636 liqui
840 5569 909 5636 qaod
920 5576 958 5620 est
973 5567 1000 5620 itt
1012 5568 1098 5637 aredio
1151 5574 1419 5642 Sirrrartducaocritlt,
1430 5589 1513 5634 morte
1523 5581 1680 5637 moriemini.
1690 5583 1866 5655 dtqneideog
1875 5586 1944 5643 Νη

211 5697 214 5701 .
306 5657 435 5730 peradisi,
449 5659 571 5729 precepit
586 5656 659 5711 nobis
673 5656 743 5711 Deos
754 5672 785 5710 ne
795 5657 1002 5722 comederemus,
1018 5668 1042 5713 et
1066 5674 1097 5716 tte
1150 5671 1182 5724 de
1195 5672 1283 5741 [ructa
1297 5672 1369 5727 illies
1384 5682 1407 5727 et
1417 5675 1537 5741 comedit,
1549 5674 1671 5748 deditque
1680 5679 1737 5733 circ
1746 5696 1808 5746 rec,
1823 5681 1943 5741 romae

304 5735 471 5815 'trrnpcrmms
495 5746 585 5811 illud,
612 5763 643 5800 ne
667 5747 733 5816 [orte
751 5750 907 5803 mor-iomar.
934 5751 995 5825 ldeo
1022 5753 1097 5822 prins
1150 5763 1233 5818 etiam
1256 5778 1317 5818 cunr
1332 5765 1417 5819 uerbo
1439 5766 1573 5832 suasorio,
1590 5768 1662 5837 qood
1678 5767 1823 5841 Scriptura
1846 5772 1943 5830 intelli·

308 5835 484 5907 interrogavit
495 5852 605 5906 serpens
617 5848 644 5892 et
657 5838 795 5909 respondit
806 5842 856 5893 boe
869 5840 974 5905 rarulier,
989 5850 1095 5912 utpote·
1149 5853 1265 5923 gendum
1279 5862 1373 5909 urens
1399 5854 1517 5924 reliquit.
1532 5856 1574 5912 An
1598 5855 1668 5912 lorte
1690 5873 1742 5915 nec
1760 5862 1872 5919 suaderi
1885 5860 1940 5931 ian

307 5928 438 6000 sancasio
451 5938 522 5984 esset
534 5930 726 5987 inexcusabilis
742 5949 749 5985 z
772 5922 860 6001 neque
875 5933 929 5989 ullo
944 5936 1025 5991 ruodo
1041 5937 1094 5993 dici
1148 5957 1217 6012 opus
1230 5951 1290 5997 erat
1304 5944 1374 6009 viro,
1388 5945 1497 6014 quando
1512 5960 1573 6002 eam
1594 5944 1639 6001 illo
1658 5946 1720 6004 cibo
1734 5959 1873 6011 mortam
1888 5966 1939 6008 oca

307 6028 396 6097 posset
409 6020 434 6074 id
450 6021 521 6090 qood
534 6031 701 6093 preceperat
714 6023 786 6080 beas
804 6022 916 6088 oblitam
931 6023 1014 6083 faisse
1037 6043 1094 6092 mu·
1148 6035 1366 6091 cssecemebatl
1384 6036 1518 6108 Antiquos
1532 6036 1727 6113 bosdsecntra
1752 6041 1874 6114 ιιιίιιιιιιιι
1893 6043 1941 6117 ipa·
