4509 6850
297 673 360 741 ⁴881
800 679 975 739 stottltsn't.
997 680 1030 736 ΙΝ
1049 676 1272 748 ΜΑΠΗΞΕΜ.
1286 709 1321 719 —-
1338 677 1402 734 llil.
1424 675 1466 733 itt.
1893 675 1945 735 882

310 807 338 853 et
350 796 471 868 gentium
486 800 640 851 exterarum
659 784 733 850 natio
748 810 797 866 per
810 799 904 851 orbem
918 797 1003 868 coepit
1016 797 1101 861 idolo:
1114 799 1141 858 Α
1155 797 1189 851 ab
1202 795 1274 851 omni
1296 796 1436 865 iniquitate
1452 804 1631 865 peccatorum·
1645 808 1767 851 meorum
1783 797 1942 852 mundatior.

310 889 400 946 latriae
415 888 490 944 sanie
505 885 610 943 ioedari.
638 885 706 941 Nam
726 896 754 940 et
773 886 861 944 bosus
880 889 1018 959 sanguinis
1031 887 1100 942 bila·
1153 886 1284 952 Credidit,
1301 887 1381 954 dixit,
1397 888 1493 957 tetigit.
1516 886 1651 962 (illesos.)
1669 888 1697 942 ln
1712 887 1755 942 bis
1770 886 1841 941 enirn
1859 887 1945 942 tribus

310 979 397 1041 ritas,
422 977 474 1034 lroe
492 985 547 1039 cst,
572 984 601 1031 et
624 990 705 1047 snper
719 976 878 1032 idololatriac
892 977 1050 1047 pollutione,
1074 986 1102 1032 et
1153 980 1293 1049 speciebus
1310 980 1412 1035 sanitas
1429 980 1517 1034 omnis
1532 987 1714 1051 prmneretnr,
1736 977 1818 1033 idest
1834 978 1860 1033 iu
1880 978 1945 1041 tide,

310 1084 393 1139 snper
408 1068 450 1123 lris
463 1083 524 1136 quac
542 1066 634 1123 carnis
654 1082 687 1121 ac
704 1067 844 1138 sanguinis
859 1066 1041 1124 delectatione
1054 1084 1101 1139 ge·
1152 1061 1236 1127 verbo
1256 1079 1394 1149 et'opcre.
1419 1069 1499 1125 Juxta
1515 1070 1599 1140 legem
1617 1069 1708 1140 (Lenis.
1724 1068 1769 1138 ιι)
1786 1070 1831 1138 qui
1848 1067 1938 1123 audic-

310 1169 418 1224 ῐιιιιῑιιῐ,
428 1166 518 1229 potest
528 1167 602 1213 reete
614 1156 735 1227 intelligi.
750 1159 819 1229 llrgo
830 1159 949 1229 quandiu
961 1158 1102 1230 synagoga
1153 1180 1211 1223 rem
1226 1172 1421 1220 menstruatam
1444 1172 1491 1218 aut
1509 1162 1638 1220 ¹lltrentem
1655 1162 1784 1233 sanguine
1806 1160 1945 1232 tetigerit,

311 1253 414 1320 riguit,
437 1250 572 1306 laboravit
590 1249 710 1305 Ecclesia
724 1270 730 1303 z
746 1250 867 1306 deiectus
882 1250 953 1305 illius
967 1248 1047 1318 brrjns
1061 1260 1104 1306 esi
1153 1260 1378 1333 impiundus'esss
1396 1260 1446 1315 ista
1462 1259 1522 1314 ideo
1538 1260 1623 1329 tangit
1637 1259 1779 1315 Dominum
1795 1261 1940 1331 qugnggi.

311 1347 409 1407 rictas,
423 1342 486 1413 quia
504 1341 610 1396 illorum
624 1342 721 1409 delicto
735 1342 808 1395 salus
827 1340 897 1397 iacta
912 1351 953 1395 est
966 1343 1101 1414 gentibus.
1153 1352 1274 1407 nisi-1150
1289 1351 1370 1406 etjam
1387 1352 1445 1420 ipsa
1458 1360 1569 1407 curetur

310 1435 425 1507 (ihm)
444 1434 498 1490 Nec
515 1435 575 1489 “¹¹⁸
588 1442 690 1505 mim
693 1434 718 1489 1⁰
732 1433 872 1504 ‘'¹¹⁰d1ffli3
890 1435 965 1504 9⁶⁰⁵
981 1443 1100 1533 sf'ssffl
1136 1517 1140 1523 ,
1190 1457 1222 1513 Ει
1236 1458 1314 1514 iesus
1328 1476 1477 1525 conuersas,
1497 1468 1522 1514 ct
1543 1462 1630 1515 ridens
1649 1479 1707 1515 cuns
1722 1462 1807 1517 dicit:
1822 1462 1943 1533 Confido,

309 1534 337 1581 et
360 1534 450 1579 minen
470 1524 679 1580 baetnorrboissr
703 1525 778 1594 prius
800 1531 931 1588 sanatur3
955 1537 1017 1591 quta
1041 1521 1102 1577 beet
1153 1551 1220 1619 mm,
1236 1551 1303 1618 fides
1314 1561 1361 1605 m
1375 1562 1399 1606 m
1413 1551 1543 1622 wmms

374 1617 379 1627 Ι
1541 1554 1600 1606 ecit.
1626 1552 1738 1627 (bites.)
1756 1553 1944 1610 coni-ennea

309 1616 473 1687 patriarchae
486 1625 513 1671 et
522 1615 661 1687 prophetae
672 1613 786 1669 salutern
799 1612 972 1668 Hebraeorum
984 1620 1046 1666 ante
1056 1628 1103 1681 po-

309 1708 482 1772 stulaverint,
494 1722 590 1777 magna
606 1715 696 1761 tamen
711 1705 777 1761 intes
790 1706 909 1777 gentium
922 1704 997 1775 prius
1008 1704 1103 1777 salutis

308 1799 411 1857 donum
422 1798 585 1873 impetrarit.
602 1796 736 1869 (Hieron.)
751 1796 818 1851 Filia
832 1803 921 1851 autem
935 1797 1062 1866 principis
1075 1797 1101 1850 in

308 1893 421 1949 ciritate
438 1892 504 1961 legis
519 1891 653 1958 moriens,
668 1899 694 1943 et
710 1890 736 1944 in
752 1891 831 1945 domo
847 1890 873 1944 in
889 1904 942 1958 qna
961 1890 1040 1943 unius
1054 1888 1102 1944 Dei

307 1985 400 2040 cultus
412 2000 445 2039 ae
458 1982 593 2039 consessio
605 1983 656 2038 init
666 1985 704 2048 ab
719 1983 812 2041 eorlern
829 1982 942 2038 Domino
957 1986 1103 2043 resuscita-

277 2094 279 2098 ·
308 2085 365 2131 tur.
379 2074 442 2131 liare
452 2084 542 2130 autern
552 2074 649 2130 nrulicr
660 2076 792 2143 sangnine
803 2075 898 2141 boens,
908 2091 960 2131 non
972 2078 998 2129 in
1010 2077 1100 2141 donno,

306 2180 362 2221 nou
378 2166 406 2220 in
419 2165 603 2230 urbeaecedit
617 2165 650 2219 ad
666 2164 824 2235 bertuinum,
843 2167 907 2235 quia
922 2167 999 2235 justa
1013 2166 1099 2237 legem
1115 2157 1137 2215 Β

306 2261 422 2321 urbibus
432 2242 635 2323 excludebatur,
652 2260 736 2315 sedin
749 2261 856 2324 itinere,
867 2262 1020 2315 ambulante
1034 2263 1098 2327 Deo,

306 2359 339 2407 ιιι
352 2351 416 2405 dum
433 2351 520 2421 pergit
533 2352 567 2405 ad
582 2350 662 2405 aliam
678 2351 731 2404 alia
746 2360 896 2406 eniteretur.
917 2351 994 2408 Unde
1006 2353 1100 2409 dicunt

307 2453 338 2501 et
347 2444 461 2515 apostoli
474 2462 480 2497 ;
497 2443 574 2498 Vobis
586 2445 690 2513 quidem
702 2444 835 2512 oportebat
847 2445 985 2514 predicari
995 2446 1099 2500 ιιιιιιιιι

307 2533 379 2600 θεὴ
405 2536 450 2589 sed
474 2534 597 2605 qnoniam
621 2535 742 2604 indipuas
766 2552 809 2589 cas
831 2535 972 2605 judicastis
997 2537 1098 2603 salrrte,

307 2626 515 2697 transgredimur
528 2627 563 2681 ad
576 2636 663 2695 pentes
677 2626 747 2698 (Aet.
762 2628 833 2699 stu).
862 2626 917 2682 Nee
935 2638 1100 2698 praetereun-

308 2718 374 2773 dum
389 2717 460 2788 quod
479 2717 586 2773 llareos
606 2717 749 2788 Luctusque
772 2718 866 2772 dicunt
887 2719 956 2774 banc
977 2720 1100 2775 camdem

308 2810 453 2865 mulierem
478 2810 505 2865 in
528 2808 649 2866 medicos
663 2825 778 2881 erogare
798 2810 978 2877 substantiam
1001 2827 1099 2876 suam,

308 2917 362 2957 nee
379 2904 413 2959 ab
427 2902 481 2957 ullo
494 2918 576 2972 posse
590 2903 691 2957 curari.
720 2902 837 2958 llediros
852 2904 909 2959 sire
924 2903 1007 2960 ialsos
1021 2905 1117 2960 intel·—

289 2994 417 3067 'ligimns
439 2996 596 3066 theologos,
622 2996 679 3049 sire
697 2995 871 3065 philosophos
890 2994 1034 3066 legumque
1051 2996 1100 3051 do-

307 3095 399 3141 ctores
413 3085 594 3149 saccularium,
609 3086 656 3154 qui
671 3084 753 3137 multa
770 3085 803 3138 de
817 3084 961 3139 virtutibus
975 3084 1100 3153 vitiisque

305 3178 485 3234 subtilissime
498 3178 680 3248 disputantes,
699 3177 775 3231 utilia
791 3176 900 3232 risendi
915 3178 1100 3247 credendique

306 3271 433 3326 instituta
446 3286 476 3325 se
490 3268 649 3326 mortalibus
660 3270 725 3324 dare
738 3270 948 3338 promittebant:
965 3284 1012 3324 seu
1026 3278 1101 3324 certe

306 3362 383 3434 ipsos
400 3362 512 3434 spiritus
529 3360 694 3427 irrtmundos,
715 3358 761 3432 qui
774 3361 849 3417 velut
864 3363 1018 3419 bominibus
1033 3380 1100 3419 con·

305 3456 423 3514 suleado
437 3470 499 3511 sese
514 3471 563 3524 pro
580 3455 636 3510 beo
651 3453 781 3511 colendos
796 3455 975 3527 ingerebant;
1003 3457 1101 3525 qnibns

306 3544 436 3602 certatim
450 3544 592 3599 audiendis
605 3544 743 3615 gentilitas
756 3554 856 3614 quanto
870 3547 956 3617 magis
969 3546 1101 3603 natrrralis

306 3635 448 3693 industrie
462 3635 535 3689 vires
549 3636 727 3699 extenderat,
752 3644 827 3690 tanto
850 3637 939 3691 minus
961 3637 1047 3706 potuit
1067 3637 1101 3691 ab

306 3727 459 3798 iniquitatis
473 3741 529 3782 suae
543 3727 624 3781 sorde
639 3727 759 3807 purgari.
778 3726 833 3782 Sed
845 3728 903 3782 lraee
916 3728 961 3783 ubi
974 3727 1099 3803 populum

307 3817 462 3876 ludaeorum
485 3827 647 3888 aegrotasse,
673 3832 823 3889 rerumque
839 3818 872 3874 de
887 3820 956 3875 coelo
974 3821 1101 3889 cognorit

308 3913 406 3968 adesse
417 3911 562 3974 medicum,
574 3910 658 3981 eoepit
669 3920 697 3966 et
708 3911 766 3981 ipsa
778 3910 915 3981 languoris
926 3911 967 3967 sui
979 3916 1100 3983 sperare,

307 4005 412 4076 pariter
420 4010 449 4058 et
458 4002 596 4073 inquirere
609 4002 768 4059 remedium.
784 4001 906 4066 Accedit,
918 4012 945 4058 et
955 4001 1101 4058 Dominum

308 4097 398 4167 tangit
411 4095 531 4152 Ecclesia
544 4095 578 4151 de
592 4095 727 4166 gentibus,
749 4110 810 4167 oprae
823 4094 847 4150 ei
862 4109 910 4164 per
923 4093 985 4150 ildei
1000 4095 1100 4148 uerita·

308 4198 366 4245 tem
379 4188 586 4259 appropinquat.
610 4186 722 4243 decedit
744 4193 834 4242 autem
853 4194 938 4250 retro,
954 4184 1101 4255 strennua

308 4280 338 4335 id
352 4279 423 4351 quod
438 4279 495 4349 ipse
508 4279 564 4334 ait:
581 4278 613 4335 Si
624 4279 682 4349 qais
696 4278 759 4332 milri
774 4276 915 4340 ministrat,
928 4292 968 4331 nne
978 4284 1104 4347 sequatur

310 4373 402 4444 (ioan.
410 4372 471 4443 ιιι).
486 4372 519 4427 Et
531 4372 595 4429 alibi
607 4371 777 4443 precipitur:
791 4367 854 4424 Post
867 4363 1006 4423 Dominam
1017 4367 1101 4423 Deam

1154 1646 1298 1699 severitate
1310 1643 1376 1712 justi
1390 1643 1484 1711 judicii
1504 1644 1537 1697 ad
1557 1644 1751 1700 misericordiae
1765 1660 1820 1700 sum
1835 1645 1945 1717 largita·

1153 1746 1223 1800 tem,
1249 1746 1278 1791 ut
1293 1752 1326 1791 es
1342 1737 1413 1793 rasis
1430 1738 1475 1792 irae
1490 1737 1590 1793 laceret
1605 1755 1668 1794 rasa
1684 1740 1891 1805 misericordiae,
1917 1752 1945 1796 ct

1154 1828 1230 1883 lieret
1249 1829 1320 1897 qnod
1342 1830 1399 1898 ipse
1419 1829 1544 1898 promisit
1563 1844 1613 1898 per
1630 1832 1805 1900 proplietam,
1828 1832 1942 1888 dicens:

1154 1916 1339 1973 Concertirnini
1358 1920 1392 1973 ad
1410 1936 1469 1983 nte,
1493 1930 1516 1974 et
1539 1938 1586 1991 eqo
1606 1931 1751 1980 convertar
1771 1924 1806 1976 rut
1830 1932 1885 1987 cos,
1905 1927 1943 1978 nit

1153 2012 1284 2067 bomine
1309 2010 1401 2083 (laci.
1422 2015 1473 2084 ιιι).
1500 2015 1599 2069 tideus
1619 2030 1677 2070 eam
1699 2016 1768 2070 dixit
1789 2015 1861 2087 (qaia
1879 2033 1944 2086 qnos

1152 2104 1281 2172 prescivit
1295 2113 1318 2156 et
1331 2104 1535 2173 predestinaret,
1547 2105 1593 2157 tros
1606 2114 1629 2159 et
1642 2105 1740 2159 accurit
1753 2103 1840 2176 [flant.
1855 2106 1941 2177 rrrtll:

1153 2191 1273 2263 Condate,
1286 2194 1353 2263 fitia.
1368 2193 1437 2261 Quid
1458 2204 1499 2249 cst
1516 2196 1587 2263 quod
1610 2210 1671 2249 earn
1686 2194 1821 2250 coniidere
1840 2195 1944 2264 jrrssitt

1152 2286 1215 2357 qnia
1229 2286 1251 2341 si
1267 2284 1346 2341 iidem
1362 2300 1414 2340 non
1430 2283 1558 2349 baberet,
1574 2285 1687 2341 salutem
1703 2285 1737 2339 ab
1751 2299 1784 2341 eo
1798 2301 1851 2340 non
1868 2292 1943 2357 qnaej

1152 2384 1243 2442 reret;
1273 2377 1320 2446 sed
1347 2377 1430 2431 robur
1455 2385 1482 2430 et
1508 2376 1738 2445 perseverantiam
1765 2375 1826 2431 lldei
1852 2377 1887 2432 ab
1911 2392 1943 2431 es

1150 2469 1307 2541 postolavit,
1319 2479 1348 2523 ut
1359 2469 1392 2523 ad
1403 2477 1507 2523 certam
1519 2478 1547 2523 et
1557 2469 1798 2539 reramperreniat
1811 2470 1924 2526 salutem
1936 2489 1942 2522 :

1152 2563 1215 2631 quia
1238 2563 1284 2633 qni
1307 2562 1504 2632 perseveraverit
1529 2563 1555 2615 in
1579 2562 1678 2630 finem,
1705 2564 1746 2615 iric
1771 2560 1858 2616 auleas
1883 2564 1942 2616 crit.

1152 2652 1422 2724 (arriomanitae,
1439 2653 1487 2715 ait,
1503 2652 1570 2721 tilia,
1586 2653 1648 2721 qnia
1663 2652 1727 2721 tides
1742 2663 1788 2705 tna
1805 2662 1830 2706 te
1843 2651 1942 2706 saluom

1152 2745 1223 2814 (ecit.
1250 2743 1311 2798 ideo
1325 2744 1395 2812 filia,
1415 2742 1476 2814 quia
1490 2743 1556 2811 fides
1569 2751 1615 2795 trra
1630 2741 1730 2796 acinam
1748 2751 1772 2795 te
1791 2741 1860 2812 [ecit.
1888 2739 1943 2797 Nec

1152 2838 1239 2892 dixit:
1266 2836 1333 2904 Quia
1359 2835 1424 2891 sides
1449 2844 1493 2891 tua
1519 2834 1620 2890 salvam
1645 2841 1672 2888 te
1695 2832 1870 2897 iacturaest,
1896 2835 1943 2888 scd

1152 2926 1251 2981 snlrnnr
1266 2925 1336 2995 [retr.
1358 2924 1386 2979 ln
1400 2939 1432 2979 co
1446 2919 1529 2990 enirn,
1542 2922 1612 2994 quod
1629 2922 1782 2987 credidisti,
1798 2923 1855 2994 jam
1870 2923 1943 2978 satra

1152 3016 1222 3073 lacta
1239 3033 1277 3071 es.

1189 3130 1222 3184 Et
1238 3128 1309 3184 salua
1324 3129 1394 3198 [treta
1410 3139 1447 3183 cst
1463 3126 1601 3182 mulieres
1615 3125 1662 3179 illc
1677 3123 1887 3196 isera-iliam.)
1904 3124 1942 3179 Ex

1153 3223 1219 3279 bora
1237 3236 1301 3292 ergo
1319 3219 1451 3275 Dominlei
1469 3220 1599 3274 adrentus
1614 3219 1671 3273 bace
1687 3215 1784 3272 mulier
1799 3215 1943 3271 sarrltatsm

1153 3317 1235 3386 cepit
1253 3316 1370 3379 trabere,
1390 3323 1418 3368 et
1432 3312 1551 3383 qnotidie
1569 3313 1595 3366 in
1613 3312 1656 3366 bis
1669 3310 1715 3381 qui
1734 3309 1767 3364 dc
1785 3307 1944 3363 infidelitate

1153 3408 1186 3465 ad
1208 3407 1287 3463 iidem
1307 3413 1509 3470 corrrertnntur,
1527 3386 1675 3468 salvantur,
1694 3402 1813 3475 qnotidie
1829 3400 1943 3459 bomine

1115 3507 1137 3570 c
1154 3483 1279 3571 augente,
1294 3500 1339 3570 qui
1356 3499 1422 3554 satri
1436 3498 1502 3553 bant
1515 3498 1542 3552 in
1556 3496 1582 3553 id
1596 3498 1694 3568 ipsum.

1188 3611 1222 3667 m
1241 3629 1300 3667 cnm
1318 3613 1427 3666 uertisset
1446 3609 1523 3664 iesus
1547 3611 1574 3664 in
1594 3610 1701 3664 donnum
1719 3610 1856 3681 principis,
1869 3621 1892 3666 ct
1906 3609 1944 3666 riss

1152 3704 1232 3759 disset
1254 3703 1382 3766 tibicines,
1405 3711 1428 3755 et
1451 3701 1555 3755 turbant
1577 3700 1796 3764 tumultuantem,
1819 3699 1945 3758 dicebat:

1153 3793 1283 3849 Recedite.
1300 3791 1434 3865 (Hieron.)
1448 3789 1538 3868 Usque
1548 3790 1630 3845 bodie
1641 3789 1727 3861 puella
1737 3787 1811 3860 jacet
1824 3790 1850 3846 in
1862 3789 1945 3847 domo

1151 3880 1281 3955 principis
1296 3891 1414 3946 mortua,
1429 3889 1457 3937 et
1470 3882 1517 3953 qui
1530 3881 1656 3937 ridentur
1668 3881 1801 3954 magistri,
1817 3882 1944 3938 tibicines

1153 3986 1231 4042 sunt,
1252 3991 1362 4032 carmen
1377 3975 1492 4046 lugubre
1507 3980 1652 4050 canentes,
1663 3958 1752 4028 'l'orba
1768 3988 1877 4045 quoque
1892 3974 1941 4029 Ju-

1152 4067 1271 4124 daeorum
1290 4081 1343 4121 non
1362 4073 1405 4120 est
1423 4065 1501 4118 turba
1521 4061 1708 4126 credentium,
1732 4063 1779 4117 sed
1798 4061 1875 4116 turba
1899 4072 1943 4117 tu·

1151 4158 1353 4214 multaantium.
1382 4155 1450 4224 Quia
1469 4169 1536 4210 rere
1560 4153 1703 4226 synogoga
1727 4154 1851 4212 laetitiam
1872 4156 1945 4213 banc

1152 4250 1300 4308 bomimcre
1316 4247 1520 4306 inhabitationis
1538 4248 1636 4306 meritc
1652 4246 1819 4305 inntettruts
1834 4247 1924 4306 amisit
1936 4240 1969 4326 ‚J

1152 4342 1230 4413 quasi
1253 4341 1324 4396 inter
1336 4338 1433 4396 tientes
1454 4348 1484 4395 et·
1503 4337 1634 4411 ejulantes
1654 4348 1760 4396 mortua
1776 4337 1860 4409 iacet.
1888 4339 1945 4396 Nee

310 4471 385 4516 taam
397 4459 561 4527 untalaim
576 4461 632 4517 sire
642 4460 706 4530 quia
716 4464 876 4529 praesentem
887 4457 913 4511 in
923 4473 1007 4514 earne
1018 4458 1101 4518 ⁰0⁰³]
1153 4443 1243 4492 tamen
1259 4427 1374 4504 superna
1388 4433 1475 4504 pletas
1490 4431 1611 4488 ionrlitas
1625 4446 1686 4490 eam
1699 4431 1812 4489 interire
1824 4433 1943 4504 patitur:

311 4567 365 4606 non
379 4550 489 4616 videns,
513 4554 631 4622 peractis
652 4550 822 4621 temporarie
835 4548 1044 4619 d‘spensationis
1059 4565 1102 4603 sa·
1152 4525 1321 4616 quinpotius
1336 4524 1409 4581 ΕΜ
1425 4522 1506 4578 “⁰⁰¹⁰
1520 4522 1614 4579 ³³⁰⁰¹¹¹f
1626 4512 1755 4594 liminiis
1769 4522 1829 4596 ‘ius
1844 4537 1944 4581 ⁸⁰⁰¹¹¹¹‘

310 4642 473 4709 eumenus,
492 4641 548 4710 jam
566 4657 614 4713 W
628 4641 709 4696 fidem
725 4641 807 4709 coepqg
830 4637 889 4707 ejus
903 4638 1017 4708 „effigia
1040 4640 1102 4694 sug
1153 4618 1216 4673 dum
1230 4614 1388 4672 electionem
1401 4614 1495 4686 gratiae
1509 4613 1588 4670 saluti
1603 4623 1630 4670 et
1641 4613 1703 4669 vitae
1713 4614 1849 4670 restituet.
1866 4613 1947 4671 Undo-

309 4734 398 4804 sequi.
418 4733 515 4805 Tangit
527 4742 617 4788 autent
633 4732 767 4787 firrrbriam
781 4731 946 4796 vestimenti,
961 4741 988 4787 et
1002 4730 1102 4786 undam
1153 4716 1215 4779 ³9¹0
1227 4705 1413 4779 subjungitur:

311 4826 449 4897 restringit
464 4826 611 4897 sanguinis,
625 4825 687 4896 quia
701 4826 795 4880 beatus
809 4832 909 4878 eluere
921 4823 1100 4886 marrdandus,
1192 4816 1253 4872 Non
1271 4825 1307 4871 cst
1323 4816 1390 4891 enirn
1407 4825 1508 4870 mortua
1523 4815 1620 4885 puella,
1643 4831 1687 4870 sea
1710 4815 1816 4871 dormit.
1837 4813 1944 4888 (Βιιιιι.)
1967 4882 1971 4887 .

310 4917 414 4989 quiret
434 4925 585 4972 extremam
600 4917 675 4973 rerbi
696 4923 801 4985 partem
817 4915 879 4971 tidei
895 4929 976 4969 manu
990 4913 1098 4984 tetigit:
1119 4981 1121 4984 Ι
1155 4909 1314 4965 ilorninibus
1329 4917 1451 4972 mortua,
1466 4908 1511 4979 qui
1526 4908 1657 4963 suscitare
1672 4908 1865 4979 nequiverant,
1890 4906 1945 4965 lieu

309 5023 375 5063 nam
391 5022 469 5061 rarus
482 5006 570 5070 ratde,
581 5006 626 5076 qui
640 5004 699 5073 ejus
712 5004 752 5060 rel
768 5005 795 5059 in
810 5010 917 5074 pectore
932 5004 1100 5074 recumbere,

309 5097 354 5156 rel
368 5109 449 5169 eaput
461 5109 598 5155 mereatur
609 5099 706 5169 pistica
721 5097 806 5153 nardo
821 5110 985 5169 perungere;
1001 5110 1061 5150 corn
1075 5101 1104 5149 ct

310 5191 356 5246 ille
370 5206 485 5261 magnus
499 5189 578 5246 luerit
594 5191 640 5260 qui
654 5205 684 5245 sc
698 5190 837 5260 indignum
851 5190 959 5245 dicebat
973 5188 1032 5258 cius
1047 5187 1102 5243 eal-

309 5291 451 5340 ceamenta
472 5291 599 5353 portare:
618 5297 715 5352 nragna
730 5290 758 5336 ct
773 5280 816 5339 illa
831 5296 891 5351 quae
905 5297 1005 5354 ungere
1020 5282 1104 5352 pedes

310 5376 371 5446 eius
385 5385 413 5432 et
426 5376 531 5448 capillis
544 5377 602 5432 suis
614 5385 718 5447 tergere
733 5378 894 5448 promeruit.

347 5465 456 5520 Dicebat
477 5468 546 5521 enirn
570 5466 639 5520 intra
658 5484 706 5521 sc:
724 5465 753 5522 st
773 5467 880 5535 teripero
901 5476 1001 5520 tantum
1023 5468 1102 5521 resti·

311 5570 428 5614 ιιιιιιιιιιιι
442 5560 512 5630 ejus,
526 5559 599 5614 salua
612 5575 666 5614 ero.
683 5558 797 5630 (liram)
813 5557 876 5614 Hace
890 5557 993 5615 locutio
1006 5559 1103 5614 mentis

312 5647 420 5702 iuterna
441 5646 504 5712 luit,
522 5656 550 5703 et
563 5661 595 5703 es
613 5647 703 5701 rarlice
728 5647 788 5702 briei
813 5647 964 5718 processit,
991 5657 1018 5702 et
1043 5648 1103 5703 ideo

311 5747 388 5795 recte
410 5737 524 5794 salutem
550 5739 716 5807 proauum,
743 5740 805 5808 qnia
829 5739 906 5793 corde
931 5739 1046 5793 creditur
1068 5740 1103 5793 ad

309 5828 462 5902 justitium,
489 5845 533 5884 erc
559 5840 646 5883 autern
670 5829 798 5899 consessio
824 5830 853 5899 pt
873 5829 960 5901 (dom.
979 5829 1024 5900 x);
1052 5837 1101 5885 et:

312 5919 408 5976 (inanis
430 5924 475 5991 qai
501 5922 657 5975 int-occaerit
679 5939 770 5975 ιιοιιιιιι
791 5921 913 5984 Deretini,
940 5921 1027 5983 salutet
1055 5922 1104 5975 erit

312 6008 421 6083 (titel
446 6012 519 6067 Dixit
531 6013 601 6071 emm
616 6027 623 6064 :
646 6010 676 6067 Si
689 6011 796 6080 tetigere
811 6020 911 6064 taratrum
925 6011 1102 6066 vestimentum

257 6082 266 6102 ’
317 6101 384 6170 ejas,
398 6103 469 6159 solra
481 6120 533 6171 ero,
547 6105 567 6158 si
584 6103 662 6158 illem
674 6117 820 6174 perrepere
833 6104 1023 6161 incarnationis
1034 6103 1103 6169 rins.

1156 5000 1316 5059 dormiebat.
1342 5000 1372 5056 ln
1387 4999 1463 5070 cnjus
1477 4999 1652 5070 dispositione
1672 5007 1702 5058 et
1724 4999 1813 5055 anima
1837 5009 1944 5070 recepta

1156 5093 1274 5156 nitebat,
1289 5101 1317 5146 et
1331 5107 1395 5147 caro
1411 5090 1596 5148 resuscitanda
1611 5091 1776 5161 quiescebat.
1798 5089 1873 5147 Unde
1887 5107 1945 5148 rnos

1156 5181 1325 5238 Christianus
1338 5182 1456 5237 obtinuit
1468 5193 1496 5259 ut
1510 5183 1620 5247 mortui,
1633 5182 1680 5254 qui
1689 5169 1873 5239 'resunecturi
1886 5197 1946 5239 esso

1156 5289 1209 5331 noa
1225 5272 1390 5348 dubitantur,
1409 5272 1574 5346 dormicates
1588 5281 1731 5341 vocentur,
1749 5273 1819 5329 sicut
1832 5271 1947 5343 Aposto-

1156 5365 1218 5421 lrts:
1236 5361 1377 5430 Nolumus,
1396 5363 1495 5436 inquit,
1509 5381 1554 5420 uos
1567 5350 1699 5435 ipneiare,
1714 5364 1820 5435 fratres,
1837 5364 1869 5418 dc
1885 5364 1947 5419 dar-

1156 5455 1307 5525 mientibus,
1324 5465 1351 5508 at
1372 5469 1422 5510 non
1436 5452 1636 5520 contristemini,
1653 5454 1719 5519 sieut
1737 5461 1762 5508 ct
1779 5452 1883 5517 crateri,
1902 5454 1947 5523 qui

1155 5563 1226 5620 spent
1242 5563 1293 5602 nan
1306 5546 1399 5601 babent
1415 5543 1441 5616 (l
1457 5543 1546 5600 Tiress.
1559 5544 1607 5616 rr).
1633 5541 1686 5600 Sed
1702 5551 1729 5599 et
1746 5543 1773 5599 in
1788 5549 1865 5614 parte
1879 5535 1958 5607 alle!

1155 5641 1257 5713 geria,
1285 5652 1347 5694 eum
1374 5636 1462 5692 anima
1485 5650 1543 5707 qua
1570 5634 1713 5706 peccauerit
1738 5624 1796 5706 ipso
1821 5633 1949 5689 morietur

1156 5725 1372 5806 (decenario),
1393 5737 1482 5786 tamen
1497 5743 1528 5785 ea
1541 5742 1623 5799 quam
1639 5725 1768 5782 Dominus
1783 5725 1947 5782 resuscitan·

1157 5825 1218 5879 dam
1232 5831 1313 5895 atque
1326 5820 1360 5877 ad
1372 5820 1455 5876 uitam
1467 5826 1595 5876 aternam
1609 5817 1733 5890 praeridit
1745 5831 1805 5874 esse
1817 5814 1945 5880 loturam,

1157 5915 1235 5972 uobis
1250 5915 1359 5985 quidem
1373 5921 1479 5969 mortua
1496 5909 1590 5976 luisse,
1606 5910 1653 5967 sed
1671 5909 1695 5966 ei
1710 5909 1879 5965 obdormisse
1894 5907 1948 5963 dici

1158 6021 1211 6062 non
1232 6006 1379 6076 incongrue
1401 6011 1498 6074 potest.
1529 5998 1642 6076 (liras.)
1667 5998 1720 6056 Sed
1742 5999 1805 6071 quia
1826 5995 1947 6073 pertidia

1160 6100 1298 6165 arborium
1313 6106 1369 6160 est,
1391 6114 1443 6153 non
1460 6108 1601 6151 assensum
1619 6092 1739 6162 praebere
1753 6089 1877 6156 rerltatl.
1900 6085 1955 6145 sed
