4509 6850
316 580 365 639 etl

791 572 968 634 COMMENT.
988 572 1022 629 tlt
1041 567 1261 628 tlatniAEtlll.
1280 596 1313 610 -
1333 568 1398 626 Lib.
1417 567 1461 627 ΙΨ.

1899 572 1953 632 ott

315 702 396 758 sitias
420 657 620 769 ¹interpretatur
636 694 707 750 idem
725 692 859 749 Salvator.
876 691 930 748 Nee
942 691 1040 746 mirum
1065 688 1104 743 vi·
1120 684 1274 752 gintmre,
1300 697 1389 753 neque
1405 691 1502 737 curarit
1522 696 1685 753 cognoscere
1702 684 1856 755 vamtatem,
1870 684 1948 751 obliti

319 791 378 848 deri
394 789 476 845 debet
495 801 580 857 quare
600 786 686 857 spinis
698 784 807 840 divitias
825 783 1032 854 comparaverit,
1045 795 1107 837 eum

1159 772 1306 828 Dominicae
1331 772 1532 844 preceptionis,
1545 774 1591 845 qai
1612 773 1689 829 lrabet
1709 791 1787 832 aarrs
1808 779 1947 852 audendi,

317 883 370 939 illm
381 888 512 950 pungant,
534 878 594 934 istae
610 875 753 932 delectent.
769 875 850 931 llectc
864 874 938 930 enim
951 874 1036 945 spinae
1058 886 1107 928 vo·
1159 862 1263 916 audiat·

317 981 426 1038 eantur,
459 972 523 1041 quia
554 969 747 1042 cogitationum
781 981 892 1022 suarum
919 962 1109 1036 punctionibus

317 1075 435 1121 ruentem
456 1063 586 1118 lacerant.
601 1061 711 1116 Etcum
735 1073 820 1130 usque
834 1058 869 1113 ad
893 1063 1034 1129 peccatum
1046 1068 1109 1125 pro·

319 1157 438 1221 trabunt,
463 1152 541 1224 quasi
564 1152 666 1207 inllicto
694 1150 806 1205 vulnere
834 1156 988 1209 cruentant,
1016 1144 1111 1201 simul-

317 1261 372 1317 que
389 1254 543 1301 crescentes
569 1243 653 1313 spinae
666 1250 815 1296 sementem
838 1238 994 1293 suffocando
1007 1237 1041 1293 ad
1054 1235 1111 1290 iru-

318 1351 392 1394 ctum
416 1335 560 1406 pervenire
578 1349 631 1389 non
656 1332 761 1397 sinunt,
782 1331 845 1401 quia
868 1328 1041 1400 exaggeratio
1070 1326 1112 1383 di-

319 1427 448 1482 vitiarum
477 1431 596 1479 mentem
618 1419 811 1490 strangulando
823 1417 960 1489 spiritales
980 1416 1110 1471 virtutum

318 1518 423 1572 fructus
444 1514 554 1585 gignere
572 1526 626 1566 non
650 1509 799 1579 permittit3
812 1509 876 1577 quin
890 1507 991 1578 potius,
1010 1504 1111 1577 siquid

318 1604 466 1662 viriditatis
477 1604 576 1659 babere
588 1601 684 1671 potuit,
701 1600 825 1671 squalore
839 1598 992 1671 asperitatis
1009 1611 1065 1652 suae
1080 1595 1112 1651 il-

320 1697 365 1752 lud
374 1691 588 1751 transcendendo
599 1691 736 1762 opprimit,
746 1698 774 1745 ct
785 1688 892 1744 vitalem
903 1704 1012 1744 succum
1024 1685 1112 1741 lundi-

320 1796 364 1844 tus
375 1788 401 1842 iu
415 1801 448 1843 co
461 1783 604 1839 interimit.

354 1878 414 1932 Alia
425 1892 483 1932 cero
499 1875 648 1930 reciderant
657 1874 685 1927 in
695 1882 791 1926 terram
802 1870 905 1935 bonam,
916 1881 940 1925 et
951 1869 1048 1925 dabant
1058 1867 1073 1939 i
1102 1895 1114 1910 ·

319 1960 1114 2031 ctum,aliudcentesirnam,aiiadseaagesimam,alindtrire·

1185 951 1249 1017 ‘Qut
1263 954 1331 1006 enim
1358 952 1433 1007 dubet
1455 953 1561 1008 dabitur
1583 954 1619 1020 ei,
1634 955 1821 1011 stabsndabr't.
1839 955 1951 1023 Quian-

1160 1055 1210 1100 tem
1231 1060 1282 1098 non
1298 1044 1385 1109 lrabet,
1402 1054 1426 1099 et
1441 1046 1510 1116 quad
1528 1047 1604 1102 babet
1617 1048 1753 1118 auferetur
1772 1049 1950 1119 absalom,

1161 1134 1260 1204 inquit,
1283 1135 1432 1191 intentione
1445 1137 1528 1191 verbo
1541 1138 1612 1208 quod
1635 1140 1734 1194 auditis
1755 1155 1865 1211 operam
1876 1142 1949 1209 daie,

1162 1226 1225 1297 quia
1249 1226 1295 1295 qui
1315 1241 1436 1282 arnorem
1453 1226 1534 1282 lrabet
1556 1228 1631 1282 verbi
1657 1228 1765 1285 dabitur
1780 1232 1830 1297 illi,
1849 1242 1877 1288 et
1892 1249 1951 1290 scn·

1161 1330 1208 1370 sus
1224 1314 1389 1386 intelligendi
1414 1316 1486 1385 quod
1509 1325 1592 1371 amat.
1617 1318 1712 1389 Atqui
1731 1320 1806 1377 verbi
1829 1338 1950 1380 amorem

1163 1406 1317 1461 nonhabet
1340 1405 1477 1471 audiendi,
1498 1408 1604 1463 etiamsi
1626 1410 1667 1465 vel
1699 1413 1814 1468 naturali
1831 1415 1948 1488 ingenio,

1162 1496 1205 1551 vel
1218 1495 1350 1552 litterario
1364 1512 1393 1552 se
1406 1497 1504 1553 callere
1517 1500 1619 1567 putarit
1637 1502 1779 1569 exercitio,
1793 1505 1865 1561 mdia
1877 1494 1951 1566 verae

1163 1586 1301 1657 sapientiae
1324 1587 1465 1642 dulcedine
1477 1590 1613 1659 gaudebit.
1631 1591 1707 1659 Quod
1723 1595 1784 1650 etsi
1800 1599 1954 1667 specialiter

1163 1679 1196 1735 de
1208 1681 1337 1749 apostolis
1354 1682 1453 1751 quibus
1480 1684 1612 1740 charitate
1628 1686 1733 1756 fideque
1752 1690 1844 1759 potitis
1859 1691 1953 1749 datura

1164 1779 1206 1825 est
1227 1785 1307 1825 nosse
1330 1772 1490 1843 mysterium
1511 1774 1588 1844 regni
1604 1775 1661 1840 bei,
1678 1785 1707 1831 et
1731 1779 1765 1834 de
1788 1780 1954 1852 perfidislu·

1164 1860 1229 1916 daeis
1250 1861 1334 1931 quiin
1359 1864 1495 1933 parabolis
1512 1864 1635 1922 videntes
1657 1884 1711 1924 non
1724 1869 1854 1926 videbant
1869 1882 1897 1928 et
1908 1889 1953 1931 au-

1164 1949 1269 2006 dientes
1281 1966 1332 2007 non
1346 1952 1539 2026 intelligebant,
1558 1957 1631 2027 quod
1650 1960 1773 2017 videlicet
1787 1963 1904 2021 litteram
1915 1968 1955 2024 le-

319 2055 427 2109 dmum,
437 2053 658 2127 (mmmm
669 2052 825 2123 parumn,
841 2052 874 2107 ag
884 2052 1112 2123 comprobandam
1127 2043 1151 2104 Β
1165 2039 1206 2110 gis
1225 2041 1252 2096 in
1264 2058 1345 2113 quarn
1369 2043 1554 2113 gloriabantur
1578 2050 1703 2105 amissuri
1722 2038 1823 2117 essent,
1850 2056 1952 2113 dictum

319 2144 436 2204 heresin
455 2159 532 2200 suam
548 2143 705 2200 Valentinus
723 2142 847 2207 assumit,
875 2152 930 2197 tres
947 2142 1112 2197 inducendas

318 2249 381 2293 esse
392 2246 512 2302 catuna
527 2237 688 2309 spiritalem,
701 2236 855 2299 animalem,
869 2244 952 2304 atque
965 2242 1110 2300 terrenam,

319 2344 384 2387 euru
398 2329 442 2386 bic
456 2338 574 2402 quatuor
593 2330 659 2395 sint,
670 2344 723 2383 una
735 2329 812 2399 justa
827 2327 910 2390 riam,
928 2325 981 2380 alia
993 2334 1110 2395 petrosa,

319 2420 399 2476 tertia
410 2420 487 2490 plena
500 2420 595 2489 spinis,
608 2426 705 2488 quarta
718 2425 798 2473 terrm
808 2417 895 2471 boum.
911 2414 1017 2487 (Beda.)
1029 2414 1112 2471 Terra

319 2513 402 2577 bona,
417 2512 468 2567 lroc
481 2520 535 2576 est,
547 2510 633 2566 irdelis
646 2510 794 2565 electorum
803 2507 978 2572 meselemia,
987 2506 1113 2562 omnibus

318 2602 409 2657 tribus
427 2608 507 2655 terrae
534 2614 649 2669 nequam
670 2597 848 2668 proventibus
871 2598 1007 2653 contraria
1036 2596 1111 2661 lacit,

321 2692 385 2761 quia
395 2699 422 2746 et
436 2689 653 2745 commendatum
666 2688 716 2743 sibi
731 2701 823 2742 semen
842 2685 917 2742 verbi
938 2685 1053 2742 libenter
1063 2700 1113 2740 es-

320 2780 397 2850 cipit,
420 2786 448 2835 et
473 2786 615 2847 exceptum
633 2778 703 2832 inter
718 2776 832 2831 adversa
856 2790 887 2830 ac
904 2790 1035 2845 prospera
1048 2788 1115 2830 con-

1164 2132 1296 2196 videatur,
1321 2143 1411 2202 potest
1436 2145 1526 2191 tamen
1551 2147 1578 2192 et
1593 2140 1756 2209 generaliter
1779 2144 1877 2213 accipi,
1892 2148 1955 2216 quia

1163 2222 1289 2278 nisrdrum
1304 2239 1375 2295 saepe
1387 2225 1541 2296 ingeniosus
1554 2227 1639 2283 lector
1658 2229 1817 2303 negligendo
1828 2250 1858 2292 se
1868 2238 1957 2307 privat

1163 2318 1307 2389 sapientia,
1334 2335 1414 2389 quam
1437 2321 1551 2392 simplex
1566 2325 1615 2380 sed
1638 2327 1775 2386 studiosus
1791 2330 1956 2394 elaborando

1163 2408 1300 2480 degustat.
1328 2408 1430 2483 (Greg.)
1451 2412 1553 2470 ldcirco
1565 2425 1655 2472 autem
1670 2434 1741 2489 saepe
1763 2431 1792 2477 et
1805 2424 1956 2484 desidiosus

1165 2498 1303 2567 ingenium
1315 2501 1424 2571 accipit,
1433 2512 1463 2558 ut
1477 2501 1511 2558 de
1525 2505 1688 2576 negligentia
1700 2507 1802 2575 justius
1813 2516 1954 2584 puniatur,

1165 2588 1227 2659 quia
1241 2588 1314 2659 quod
1329 2589 1388 2644 sine
1405 2588 1498 2647 labore
1512 2596 1618 2663 assequi
1644 2598 1732 2666 patuit
1753 2601 1825 2656 scire
1837 2614 1956 2663 mutent-

1165 2676 1215 2731 nit.
1230 2677 1263 2732 Et
1276 2678 1377 2735 idcirco
1396 2694 1590 2754 nonnunquam
1606 2686 1743 2745 studiosus
1766 2693 1895 2751 tarditate
1914 2697 1956 2754 in-

1166 2768 1319 2839 telligentiae
1339 2772 1486 2840 premitur;
1515 2783 1545 2829 ut
1567 2791 1600 2832 eo
1618 2776 1719 2847 majora
1743 2784 1855 2851 praemia
1876 2790 1956 2844 retri-

321 2880 348 2927 ει
365 2880 426 2926 me,
449 2871 483 2925 ,d
508 2869 612 2925 sumtus
636 2883 722 2938 usque
740 2876 859 2937 tempora
872 2877 1024 2923 conservat.
1046 2866 1117 2922 pm.
1166 2855 1286 2914 butionis
1302 2861 1431 2929 inveniat,
1446 2878 1499 2933 quo
1514 2865 1600 2938 magis
1624 2870 1713 2926 studio
1727 2871 1891 2933 inventionis
1899 2879 1956 2934 ela·

321 2960 423 3017 ctilrcat
446 2970 537 3015 autem
559 2969 588 3015 et
620 2958 685 3014 iacit
710 2975 794 3014 unum
823 2960 951 3030 triginta,
977 2969 1005 3014 ct
1032 2973 1115 3016 uuum
1167 2948 1258 3005 Wil-

321 3052 479 3123 sexaginta,
503 3058 530 3105 et
560 3065 643 3103 unum
669 3057 777 3105 centum
802 3068 809 3102 :
840 3049 950 3120 triginta
980 3047 1115 3116 videlicet,
1202 3039 1267 3097 ideo
1282 3058 1309 3095 an
1322 3043 1455 3113 parabolis
1469 3043 1562 3117 loquor
1577 3048 1625 3114 eis,
1645 3050 1707 3120 qaia
1722 3051 1836 3110 ridentes
1850 3059 1957 3114 nosri-

321 3154 384 3194 cum
415 3140 494 3194 fidem
532 3147 632 3194 ωυρμ,
666 3137 806 3194 gpqnjqaqjs
842 3138 990 3195 emiorum
1028 3140 1117 3195 midi.
1167 3131 1248 3199 dent,
1275 3142 1300 3188 et
1323 3136 1457 3190 audientes
1476 3153 1528 3191 aon
1549 3139 1661 3194 audiant
1686 3157 1769 3213 neque
1795 3145 1956 3219 intelligunt.

320 3232 372 3286 bus
392 3231 529 3297 insinuat,
558 3230 714 3301 sexaginta,
736 3245 798 3285 cum
818 3230 1011 3301 perlectionem
1037 3232 1116 3307 deaei
1168 3225 1293 3298 (uiua.)
1310 3227 1387 3284 Nunc
1401 3230 1529 3300 ²ll051ons
1542 3232 1631 3288 sedili!
1649 3248 1757 3301 ⁰³⁰⁸³i¹¹
1772 3252 1857 3307 (lum
1871 3242 1957 3299 inibit

320 3322 398 3378 bonae
427 3322 618 3392 operationis:
643 3337 705 3377 nam
727 3323 791 3394 quia
817 3323 845 3378 in
874 3324 981 3379 senario
1001 3339 1115 3380 numero
1168 3316 1295 3388 l⁰d¹¹³¹¹¹l
1312 3320 1339 3374 1¹¹
1355 3322 1502 3389 dammis·
1525 3324 1609 3392 ut(1¹¹5
1624 3327 1741 3396 superbi
1764 3328 1959 3391 ῑῐῑῑθΰῑῑθΰθω

321 3414 416 3469 ,nundi
427 3422 541 3484 magius
550 3414 674 3485 expletus
682 3425 733 3479 est,
746 3422 818 3471 recte
830 3417 959 3486 perhanc
970 3415 1041 3471 hona
1051 3432 1113 3486 ⁰90·
1127 3394 1151 3458 C
1166 3409 1301 3478 videntes,
1316 3413 1373 3468 sive
1386 3414 1526 3472 audientes
1539 3416 1719 3485 aestimabant,
1741 3429 1769 3475 et
1784 3436 1833 3477 suo
1847 3422 1958 3496 ingenio

321 3505 392 3558 ratio
405 3505 577 3575 designatum
594 3513 702 3560 centum
714 3520 776 3560 cum
791 3505 818 3560 in
830 3505 967 3562 universis
980 3520 1040 3575 quse
1051 3506 1108 3578 agi·
1165 3502 1335 3560 mandentes
1349 3506 1439 3561 omnia
1461 3517 1564 3563 secreta
1583 3509 1680 3565 divinae
1700 3512 1861 3569 eruditionis
1873 3530 1959 3585 pene·

322 3610 393 3660 rrrrrs,
412 3598 556 3673 quaerenda
578 3598 657 3654 uobis
669 3598 697 3653 in
710 3613 795 3669 regno
815 3596 918 3653 eoelesti
930 3598 1041 3669 premia
1067 3598 1114 3654 de-
1166 3607 1238 3654 trare
1251 3614 1281 3654 se
1298 3613 1380 3668 posse
1397 3599 1613 3667 arbitrabantur,
1636 3609 1665 3657 et
1682 3603 1717 3657 ob
1732 3604 1784 3660 hoe
1800 3608 1959 3678 magisterio

321 3694 466 3740 rnorrstrat.
1165 3690 1270 3744 coelesti
1284 3704 1313 3745 se
1325 3692 1442 3748 subdere
1457 3693 1602 3758 nolebant,
1621 3694 1789 3765 simplicibus
1801 3706 1829 3753 et
1848 3699 1957 3756 bumili-

357 3772 410 3838 Qai
422 3774 498 3828 babet
518 3789 595 3830 aures
607 3775 744 3840 audiendi,
759 3774 863 3829 audiat.
875 3773 987 3847 Quoties
996 3776 1055 3832 haec
1067 3778 1114 3833 ad·
1165 3781 1216 3836 bus
1231 3763 1364 3852 mysteria
1373 3784 1494 3839 coelestia
1506 3783 1728 3857 agnoseentibus,
1749 3789 1800 3860 ipsi
1816 3792 1893 3848 vacui
1915 3794 1958 3848 in-

325 3862 531 3928 monitiuneula,
558 3862 601 3917 vel
622 3864 648 3919 in
674 3863 829 3934 Evangelio,
853 3862 893 3916 vel
912 3864 940 3917 in
952 3864 1115 3938 Apocalypsi
1166 3873 1272 3928 tellcctu
1285 3874 1399 3945 spiritali
1413 3886 1594 3933 remanerent.
1611 3877 1758 3953 (liieran.)
1781 3881 1818 3937 be
1833 3883 1958 3940 lrisenim

323 3951 434 4009 loannis
445 3954 634 4023 interponitur,
644 3955 786 4026 mysticum
797 3969 857 4011 esse
868 3956 1114 4025 lrocquoddicitur,
1166 3963 1225 4020 haec
1235 3965 1374 4035 loquitur,
1390 3968 1437 4037 qui
1453 3974 1527 4023 stant
1544 3968 1571 4022 in
1589 3969 1690 4035 littore,
1712 3979 1742 4024 ut
1755 3971 1910 4028 dividantur
1922 3973 1958 4029 ab

324 4054 406 4114 atque
420 4045 453 4098 ad
468 4046 630 4101 audiendum
643 4047 856 4116 discendumque
871 4048 980 4104 salubre
992 4049 1114 4105 insinua·
1165 4050 1241 4116 iesu,
1263 4061 1291 4107 et
1306 4055 1395 4109 sortitu
1415 4055 1554 4110 ductuum.
1566 4065 1754 4128 perstrepente
1771 4076 1825 4115 non
1846 4063 1959 4119 audiant

326 4143 379 4191 tur.
408 4137 495 4192 dures
520 4138 593 4193 enim
620 4138 757 4203 audiendi,
779 4152 859 4192 aures
873 4145 938 4192 suut
961 4139 1063 4203 cordis,
1087 4147 1117 4194 et
1166 4145 1268 4217 aliquid
1281 4161 1375 4201 eorum
1387 4161 1448 4216 quae
1458 4147 1593 4203 dicuntur.

323 4246 419 4287 sensus
443 4232 578 4287 interioris
607 4247 671 4288 aure
699 4231 841 4288 obediendi
866 4241 894 4287 et
920 4232 1116 4305 faciendique
1203 4234 1238 4289 lit
1252 4234 1438 4306 adimplebitur
1452 4237 1480 4292 in
1502 4238 1540 4292 eis
1554 4237 1635 4293 lsaior
1649 4245 1802 4311 propresis,
1825 4243 1959 4300 dicentis:

321 4322 396 4393 jussa
408 4332 482 4378 sune,
1167 4324 1267 4379 dedita
1280 4325 1408 4392 audietis,
1422 4336 1447 4381 et
1464 4345 1516 4382 non
1529 4328 1696 4400 intelligam
1713 4344 1738 4386 et
1751 4334 1868 4390 ridentes
1885 4337 1959 4392 oide-

359 4416 394 4472 ln
404 4416 555 4471 accedentes
566 4414 688 4485 diseiprdr'
700 4416 876 4472 diaerarrtei:
890 4417 978 4483 Quare
995 4417 1024 4471 in
1034 4433 1116 4489 para-
1168 4415 1238 4482 bitis,
1261 4426 1286 4470 et
1308 4433 1360 4470 non
1373 4418 1492 4473 ridebitis
1503 4418 1570 4490 (lsa.
1586 4420 1635 4483 vri.
1656 4420 1719 4477 lime
1739 4424 1774 4479 de
1795 4405 1882 4483 turbis¹
1893 4442 1960 4498 pro-

325 4509 390 4565 batis
414 4509 528 4580 loqueris
540 4510 598 4563 eis?
616 4507 752 4581 (Hieron.)
773 4508 955 4576 Quaerendum
982 4511 1118 4580 quomodo
1168 4507 1278 4578 phetata
1296 4516 1369 4574 sunt,
1384 4524 1445 4579 quoe
1459 4518 1532 4565 stant
1553 4513 1581 4565 in
1603 4510 1694 4567 littore
1712 4521 1739 4569 et
1758 4516 1806 4570 liei
1826 4532 1880 4573 non
1898 4532 1959 4574 me·

325 4601 458 4657 accedunt
469 4600 503 4655 ad
517 4615 581 4656 oum
608 4599 732 4669 discipuli
745 4599 814 4671 ejus,
839 4616 902 4655 cum
913 4599 992 4656 lesus
1012 4600 1039 4654 in
1054 4600 1117 4654 navi
1170 4605 1264 4654 rentur
1275 4599 1368 4675 audire
1383 4614 1553 4666 sermonem;
1571 4615 1632 4671 quae
1644 4602 1744 4658 liabent
1757 4605 1853 4670 visum,
1871 4614 1898 4662 et
1911 4621 1961 4663 au-

324 4693 454 4750 sedebatl
468 4692 525 4748 Nisi
537 4692 608 4748 sorte
621 4691 924 4763 intelligendumdetur,
933 4691 1005 4763 quod
1015 4691 1117 4748 dudum
1170 4687 1254 4741 ditum
1269 4687 1391 4757 corporis
1410 4688 1594 4754 extrinsecus,
1611 4697 1639 4744 ei
1655 4691 1817 4762 semelillsot
1836 4693 1960 4764 privato·

325 4801 387 4841 cum
403 4785 462 4855 ipso
480 4784 571 4839 navim
598 4784 823 4850 conscenderint,
845 4792 873 4839 et
897 4784 935 4841 ibi
958 4792 1062 4840 stantes
1075 4783 1117 4838 in·
1129 4740 1156 4802 D
1169 4788 1233 4834 runt
1253 4780 1313 4835 visu
1335 4789 1363 4836 et
1379 4780 1472 4836 auditu
1493 4782 1584 4838 cordis
1603 4783 1777 4840 intrinsecus.
1802 4786 1842 4843 be
1862 4788 1961 4860 quibus

326 4878 461 4933 trinsecus
494 4891 576 4947 super
603 4877 827 4947 interpretatione
861 4875 996 4948 parabola
1019 4875 1116 4933 scisci-
1169 4871 1259 4926 adbuc
1277 4871 1418 4928 subdituri

326 4969 374 5024 mi
383 4969 448 5024 sim,
1206 4960 1386 5016 incrassatam
1402 4971 1440 5016 est
1457 4962 1526 5017 enim
1544 4980 1591 5018 cor
1604 4963 1695 5035 populi
1710 4966 1791 5037 lajas
1805 4976 1829 5021 et
1851 4969 1961 5026 artdbns

362 5059 414 5128 Qui
424 5060 581 5130 respondens
592 5061 629 5114 ait
641 5059 694 5114 illis
707 5073 716 5113 .·
730 5059 800 5125 Quta
813 5060 883 5116 robis
894 5060 986 5114 datam
992 5069 1030 5114 est
1042 5075 1117 5114 nosse
1169 5053 1283 5120 dfatim?
1305 5052 1464 5118 Wdi‘mms
1489 5063 1514 5108 θ’
1534 5053 1624 5108 ‘’wll’'
1649 5071 1712 5111 ⁸¹l⁰⁸
1734 5056 1903 5125 diluuium,
1928 5075 1962 5115 ἥδ

326 5152 449 5221 mqueria
466 5153 539 5221 regni
548 5150 683 5215 coeloram,
707 5150 761 5206 iliis
778 5161 865 5207 autern
883 5168 935 5207 non
955 5161 994 5208 est
1013 5155 1116 5207 dotum.
1168 5142 1275 5212 quando
1288 5143 1371 5198 oculis
1393 5144 1508 5210 uideant,
1527 5155 1552 5198 et
1569 5145 1678 5202 naribus
1694 5149 1817 5214 audiant,
1837 5159 1862 5204 et
1883 5151 1962 5207 corde

326 5239 433 5297 Marcus
445 5240 483 5295 ita
495 5241 561 5296 dicit
573 5255 580 5293 :
592 5240 743 5295 dteaarem
756 5243 800 5306 qai
811 5242 995 5311 [oneranda
1006 5240 1119 5313 parada
1168 5230 1328 5301 taretliqasr,
1348 5243 1588 5300 arcesserentur,
1614 5246 1638 5290 er
1659 5254 1750 5293 sanem
1768 5256 1812 5295 eos
1834 5241 1961 5314 (nrm.)

326 5334 359 5389 lis
370 5336 459 5389 omnia
471 5335 538 5405 fiant
548 5333 644 5406 (liare.
661 5333 709 5406 n).
724 5335 816 5407 (llas.)
828 5337 943 5406 ideoque
957 5345 985 5393 ec
997 5353 1046 5392 nos
1057 5351 1118 5392 cum
1170 5318 1351 5377 incrassatum
1366 5330 1409 5377 est
1418 5337 1465 5378 cor
1475 5321 1629 5382 iudeorum
1644 5329 1826 5385 crassitudine
1839 5331 1961 5397 malitiae,

326 5426 468 5495 discipulis
491 5425 593 5481 Christi
613 5426 747 5481 intremus
768 5427 795 5480 in
814 5429 996 5482 sanctuarium
1012 5426 1071 5491 Dei,
1088 5434 1119 5482 ut
1170 5416 1198 5464 0‘
1220 5410 1385 5465 abundanfia
1408 5423 1591 5482 90⁰⁰³¹⁰f¹¹¹¹¹r
1615 5417 1679 5486 ‘lull
1705 5418 1766 5471 (¹¹³¹
1789 5431 1823 5472 ²⁰
1846 5418 1961 5477 “bem

326 5517 510 5587 intelligamus
530 5516 558 5570 in
574 5515 721 5571 novissima
746 5518 937 5587 mysteriorum
952 5518 1028 5589 regni
1057 5517 1116 5573 bet.
1169 5500 1445 5572 luerunt,etsemper
1454 5507 1958 5578 0⁰ss1⁰¹¹²i⁰⁵0⁰80i¹¹¹¹⁸⁰0ffl⁰0¹¹¹⁸·

326 5606 452 5676 namqui
475 5607 692 5677 appropinquant
704 5609 818 5678 pedibus
834 5608 905 5678 ejus,
917 5594 1061 5680 ‘accipient
1083 5609 1118 5664 de
1168 5593 1210 5647 M
1220 5607 1288 5661 ‘limi
1302 5593 1360 5663 ipse
1372 5592 1503 5649 ⁰⁰¹¹¹i¹¹¹¹⁸
1516 5595 1737 5666 llssil'ffllmelam
1747 5598 1831 5652 ‘³⁵⁰5ss
1847 5596 1960 5657 Pmm

330 5697 453 5752 doctrina
468 5696 550 5762 illius,
566 5695 687 5751 dicentes
698 5713 759 5750 terrm
769 5695 933 5752 Psalmista:
947 5696 1041 5750 lleuela
1057 5712 1120 5750 oca·
1169 5690 1393 5752 1’θ’θῊθΡωωῑῐ
1408 5683 1477 5738 ’ΜΓ
1490 5699 1530 5738 ¹²¹⁶
1541 5694 1567 5738 θ’
1582 5702 1626 5739 ”⁰⁸
1641 5685 1717 5760 (0¹07·
1734 5690 1808 5757 ιΙ1)·
1835 5689 1961 5749 Gfflifflf

328 5792 367 5844 las
388 5796 502 5852 nostros,
521 5795 548 5842 et
561 5787 786 5842 considerabimus
806 5786 939 5841 mirabilia
960 5786 992 5840 de
1005 5785 1059 5856 iege
1073 5795 1119 5839 tao
1169 5770 1243 5826 enim
1259 5772 1309 5843 ἰΙ)5ῑ
1322 5773 1405 5828 ΨΜ
1417 5773 1524 5829 ὓθῦῑῑῃῑ
1538 5776 1691 5843 mdlefflssb
1702 5779 1765 5848 (1⁰5⁸
1780 5770 1886 5852 inim·
1897 5794 1960 5839 ⁸¹¹¹·

327 5872 415 5947 (Psal.
438 5875 543 5947 exurar).
564 5874 648 5931 Recte
671 5876 762 5945 itaque
787 5875 815 5930 in
839 5874 976 5946 parabolis
996 5875 1118 5940 audiunt,
1170 5872 1310 5932 ceperunt.
1330 5863 1483 5935 Oculosque
1496 5881 1560 5921 suos
1572 5867 1737 5933 clauserunt,
1750 5871 1813 5941 quia
1832 5871 1958 5929 intuitum

232 5986 234 5988 ’
326 5973 355 6018 et
381 5966 408 6020 in
428 5966 581 6037 mulgarium,
596 5965 643 6035 qui
663 5963 762 6021 clausis
777 5964 909 6025 sensibus
933 5965 1023 6021 cordis
1033 5977 1120 6032 neque
1171 5956 1272 6012 mentis
1285 5970 1340 6011 suo)
1355 5956 1487 6013 telandne
1507 5957 1614 6014 invidiae
1627 5969 1656 6013 et
1680 5960 1840 6030 ignorantias
1852 5965 1961 6018 obtene-
