4509 6850
303 604 346 662 33

1012 606 1279 664 ιιιοιιειιιιειι.
1902 625 1938 684 at

345 723 390 776 tt.
411 720 448 776 Ut
473 719 553 774 facilc
580 718 778 787 distinguamus
809 735 868 788 qua·
885 719 990 774 ltabaui
1014 710 1096 790 opera
1111 726 1135 781 Α
1149 720 1182 775 lis
1195 720 1370 790 poenitentiae,
1384 736 1437 776 nna
1454 724 1487 780 ab
1509 725 1604 781 eodem
1619 726 1677 782 riro
1691 728 1841 788 clarissimo
1865 733 1940 795 eahta

310 815 429 870 norrdum
448 811 520 882 typis
532 810 640 879 irrigata
654 810 717 874 siut,
734 825 823 879 operae
833 812 950 879 pretium
966 821 1006 866 est
1016 811 1100 881 dispi-

310 917 374 959 cere
384 900 449 970 quid
465 914 499 954 ex
522 898 631 968 scriptis
645 897 703 965 ejus
714 913 729 950 a
742 897 856 952 {tudella
881 899 1101 953 commemoratis

310 994 381 1049 desit
405 994 431 1048 in
456 990 560 1055 editis;
581 996 638 1044 turn
653 990 718 1059 quid
744 1005 776 1045 ex
794 990 827 1045 iis
843 1006 902 1060 qnae
923 992 1060 1046 habentur
1072 990 1100 1045 in

309 1084 417 1138 editisa
444 1080 561 1135 lludulio
585 1080 795 1149 praetermissum
819 1081 873 1144 sit;
898 1080 1014 1149 denique
1035 1080 1100 1149 quid

309 1183 409 1242 preter
420 1186 501 1242 opera
514 1167 651 1223 altudolto
662 1177 818 1223 enrrrnerata
832 1178 894 1222 ctea
907 1184 967 1238 quaa
979 1170 1005 1223 in
1019 1170 1100 1225 colle-

306 1262 510 1318 ctioneltabani
521 1276 631 1330 operum
640 1268 758 1324 exstant,
771 1261 884 1316 ulterius
901 1262 1097 1317 desiderentur.

344 1353 390 1407 ts.
410 1352 448 1405 Ex
463 1350 628 1405 enumeratis
649 1348 793 1402 alludollo
806 1349 904 1404 desunt
921 1351 948 1403 in
964 1350 1097 1407 collectio

309 1461 344 1500 ne
362 1441 472 1496 l'amelii
492 1439 678 1495 commentarii
702 1440 729 1492 in
748 1438 933 1496 tetrasticon
956 1452 980 1496 et
1005 1443 1100 1497 Esttter

307 1535 416 1594 inediti,
434 1531 481 1600 qui
501 1519 590 1599 'panes
614 1544 664 1582 nos
689 1537 753 1582 sunt
774 1530 904 1599 descripti
932 1547 1012 1587 manu
1025 1531 1098 1588 Petri

307 1623 447 1679 Francisei
473 1619 618 1684 dtrtdtettt;
643 1619 756 1689 epistola
784 1618 816 1673 de
844 1618 1041 1692 ctioreptreoptr
1064 1628 1098 1675 ud

308 1717 457 1784 Draponcm
471 1712 624 1765 liettensern
641 1710 800 1779 episcopum,
823 1726 887 1764 cura
901 1710 1031 1780 Stephani
1046 1713 1097 1766 Ba-

308 1805 373 1858 luzii
388 1802 458 1857 edita
474 1802 501 1854 in
517 1801 596 1855 tertia
608 1799 726 1853 editione
741 1798 869 1853 librorum
880 1798 952 1854 Petri
965 1801 997 1854 de
1008 1800 1097 1854 llarca

308 1898 344 1950 de
357 1893 506 1950 Concordia
524 1891 643 1961 lmperii,
661 1906 712 1944 atra
731 1906 793 1944 cunr
810 1889 890 1944 Libra
912 1891 944 1944 tte
957 1892 1098 1945 reverentia

308 1987 425 2054 fitiorum
441 1999 502 2052 erqo
516 1992 612 2051 patrer,
629 1989 652 2034 et
663 1979 825 2039 soliditatum
838 1997 898 2049 erqa
915 1997 987 2050 renes
1000 1982 1033 2034 ad
1047 1981 1098 2033 Ln-

1153 811 1178 863 in
1192 810 1346 880 slppcndiee
1374 812 1502 867 hetorum
1530 821 1651 871 ceterum
1664 818 1698 872 ad
1725 820 1883 890 capitularia
1895 840 1940 882 rc·

1150 918 1213 973 gum
1246 901 1422 969 Francorum,
1449 906 1544 960 ordine
1569 923 1636 975 rnt;
1654 908 1739 965 altera
1754 911 1781 965 iu
1798 921 1871 968 tomo
1883 915 1939 973 vttt

1150 989 1335 1047 Carrciliorum
1353 994 1481 1050 editionis
1499 996 1658 1052 babbeana.
1683 1000 1720 1054 De
1739 1003 1844 1058 ceteris
1855 1020 1939 1075 opus·

1151 1082 1229 1149 culis,
1254 1099 1315 1152 qua
1339 1082 1451 1140 [tribano
1480 1087 1667 1142 tribuuntura
1696 1090 1854 1157 Trithemiu,
1871 1094 1939 1150 nihil

1150 1172 1325 1238 pronuntiare
1338 1173 1435 1239 ausim,
1450 1175 1539 1230 sintne
1555 1176 1670 1244 haireni,
1687 1194 1719 1232 an
1738 1196 1801 1235 nuru.
1819 1182 1866 1238 llis
1880 1199 1939 1240 om·

1151 1260 1229 1315 nibus
1244 1263 1317 1316 addit
1329 1263 1472 1319 Ihoncrns
1487 1265 1606 1322 Lotharii
1633 1272 1745 1341 Augusti
1772 1275 1939 1344 epitaphium

1151 1366 1165 1402 a
1180 1349 1291 1405 ltahano
1305 1353 1456 1418 conditum,
1482 1355 1552 1425 quod
1579 1359 1635 1427 ipae
1649 1359 1731 1415 refert
1745 1363 1771 1415 iu
1793 1363 1940 1422 Annalium

1151 1438 1350 1495 Trevirensiunt
1365 1442 1410 1496 lih.
1424 1460 1482 1498 ιἰιι.
1509 1447 1550 1499 dd
1564 1448 1621 1501 lraec
1644 1449 1688 1502 alii
1719 1452 1889 1519 prophetiam
1905 1453 1938 1508 de

1152 1526 1260 1596 regibus
1287 1527 1451 1583 Fratrcornm
1476 1548 1564 1601 quiea
1584 1536 1718 1591 ttarntullis
1732 1548 1825 1594 sancto
1844 1541 1938 1612 hugn-

1150 1617 1222 1670 stino
1238 1620 1395 1685 ascribitur,
1411 1622 1492 1676 etium
1511 1623 1622 1678 llabano
1636 1627 1778 1695 tribuunt;
1795 1631 1821 1683 in
1842 1632 1941 1701 quihus

1150 1716 1191 1761 est
1203 1705 1319 1765 lacobus
1337 1709 1488 1767 Alexander
1511 1713 1678 1772 Teurrenrius
1696 1718 1722 1771 in
1740 1720 1865 1777 Veritatis
1881 1721 1941 1777 rin·

1150 1795 1247 1851 dicatae
1271 1812 1331 1869 cap.
1348 1800 1452 1856 ultimo.
1483 1801 1511 1855 Si
1528 1804 1589 1858 huic
1612 1808 1762 1876 prophetiae
1791 1813 1939 1880 credimus,

1153 1904 1162 1936 t
1179 1888 1298 1955 quandiu
1312 1904 1389 1959 reges
1408 1882 1572 1945 Francorum
1599 1894 1765 1962 duraverint,
1781 1899 1826 1968 qui
1839 1899 1938 1956 llorrta-

1151 1994 1215 2033 num
1231 1981 1374 2049 imperium
1392 1990 1484 2037 tenere
1504 1984 1610 2048 dehent,
1636 1985 1757 2041 Botriana
1773 1990 1890 2060 dignitas
1904 2008 1938 2048 ex

308 2076 428 2129 ..br-icam
443 2075 635 2143 terpretatorem,
660 2073 704 2139 qui
729 2072 824 2126 libera
839 2071 953 2127 llodullo
967 2071 1096 2126 Collectu-
1111 2076 1135 2136 Β
1152 2075 1209 2122 tota
1222 2085 1275 2123 non
1289 2071 1396 2139 peribit.
1413 2090 1423 2121 r
1438 2071 1466 2125 ld
1490 2087 1543 2140 quo
1561 2072 1636 2127 titulo
1650 2076 1800 2131 ascribatur
1814 2079 1937 2148 llahano,

310 2166 380 2217 ciant
396 2161 562 2233 appellatur;
581 2160 699 2229 Epistola
714 2160 748 2213 nd
767 2160 911 2230 Netinqnnt
930 2159 1099 2215 l'eroncnscnt

310 2254 458 2320 episcopam
480 2250 512 2303 de
541 2250 703 2317 praecientia
728 2260 752 2302 et
780 2251 1007 2319 predestinatione
1030 2252 1099 2317 Dei;

313 2344 389 2395 Liber
399 2343 432 2394 ed
454 2340 611 2393 ludaeicttnt
627 2340 809 2409 imperatorem
823 2340 855 2393 dc
866 2340 996 2394 oblatione
1007 2359 1100 2402 aectin-

309 2434 374 2485 dunt
389 2430 512 2501 ileqnlunt
524 2431 607 2483 rttttcti
620 2428 773 2492 bertraimi,
788 2428 907 2499 Epistola
924 2430 1099 2486 cornaletoria

310 2525 345 2577 ait
358 2523 476 2577 eumaem
484 2540 493 2586 ,·
503 2532 527 2576 et
541 2521 666 2590 Dictoque
680 2522 712 2574 de
722 2531 854 2592 corrtpntu,
864 2538 960 2576 reeens
969 2523 1058 2578 editus
1071 2523 1098 2578 iu

310 2613 489 2667 bliseellarteis
512 2611 674 2666 baluzianis.
701 2613 741 2665 Ea
752 2612 794 2667 his
818 2612 932 2683 epistula
947 2614 982 2668 ad
1004 2614 1099 2670 Notiu-

310 2719 376 2772 gum
390 2704 462 2756 edita
475 2702 509 2755 ab
520 2701 664 2757 Sirmondo
678 2711 738 2767 est;
754 2703 820 2757 liber
834 2719 898 2759 rero
912 2705 945 2760 de
956 2704 1098 2763 Oblatioue

310 2810 457 2863 puerorum
484 2795 598 2849 habetur
623 2810 703 2849 manu
717 2796 869 2865 descriptus
886 2798 914 2851 in
935 2798 1098 2860 bibliotheca

310 2886 468 2940 llelliceusi.

344 2976 390 3029 td.
410 2976 450 3029 En
463 2977 577 3030 adverso
599 2983 696 3045 pretor
710 2985 867 3030 enumerata
892 2993 906 3030 a
921 2977 1036 3032 lludolto
1050 2980 1098 3032 ha-

311 3068 407 3121 bentur
435 3068 460 3119 in
483 3066 528 3121 illa
548 3066 724 3120 collectione:
744 3065 821 3119 biber
843 3068 875 3120 de
897 3066 1096 3134 Grammaticu,

311 3174 376 3223 opas
392 3157 422 3209 de
437 3154 579 3219 l'nirersa;
595 3154 767 3225 Expositioin
780 3158 952 3233 canticaque
965 3160 999 3210 ad
1014 3168 1099 3212 mata-

311 3251 381 3301 tinus
396 3248 486 3300 landes
498 3264 544 3316 per
557 3245 734 3315 Septintenent
761 3248 885 3300 dictentur
897 3265 906 3312 ,·
918 3248 1057 3319 Aileqorioe
1068 3251 1096 3304 in

308 3356 414 3392 sacrant
429 3338 613 3406 Set·iptrtrarn;
627 3337 752 3391 Liberali
769 3337 948 3393 Thiotntarnnt
971 3341 1002 3393 dc
1013 3342 1096 3395 sacris

1152 2157 1217 2211 mihi
1234 2161 1350 2212 noudum
1365 2173 1531 2229 cotapertrun
1550 2172 1601 2217 est.
1619 2163 1700 2219 llulto
1713 2168 1802 2223 rrrinus
1812 2170 1838 2223 id
1854 2187 1938 2241 gertus

1150 2246 1253 2299 oraculi
1269 2248 1440 2302 tribuendum
1466 2261 1560 2305 saneto
1581 2253 1745 2323 Attgnstinu,
1760 2259 1786 2311 in
1803 2260 1879 2328 ettjus
1898 2270 1938 2316 ta-

1152 2349 1213 2387 men
1226 2334 1342 2404 Operam
1355 2340 1530 2406 appendicem
1546 2340 1661 2396 refertur
1673 2353 1744 2400 torno
1759 2346 1805 2401 lh'.

1185 2427 1228 2481 ts.
1251 2428 1370 2498 ltcniqne
1389 2431 1474 2485 eidem
1504 2432 1615 2487 lhrlmnu
1638 2437 1759 2491 crrulitus
1786 2439 1825 2492 rir
1841 2439 1938 2497 Petrus

1149 2517 1312 2574 Frarrciseus
1328 2520 1476 2576 Chitlletius
1490 2526 1601 2579 ascribit
1624 2526 1721 2582 librum
1736 2546 1782 2584 scu
1797 2533 1937 2601 epistolam

1150 2617 1243 2661 contra
1256 2607 1373 2673 ludaeos
1387 2627 1466 2679 quarn
1481 2612 1537 2683 ipso
1551 2614 1662 2670 [livione
1686 2620 1756 2688 typis
1771 2622 1852 2675 edidit
1866 2639 1937 2679 atino

1150 2697 1218 2751 1656
1239 2714 1293 2752 una
1322 2716 1383 2754 cunr
1406 2701 1511 2758 hleuiui
1538 2705 1722 2763 Confessioue.
1741 2712 1838 2767 lerum
1864 2715 1934 2770 hanc

1149 2787 1290 2860 epistolam
1304 2805 1356 2843 non
1384 2807 1443 2847 esse
1466 2794 1580 2860 ltabani,
1609 2798 1656 2851 sed
1677 2799 1938 2874 tirrrolouisbnqdu-

1149 2882 1241 2936 nertsis
1268 2883 1398 2952 episcopi,
1427 2884 1527 2940 diserte
1555 2890 1650 2957 probat
1673 2894 1810 2947 recentior
1828 2896 1937 2963 quidam
1985 2915 2001 2956 ,·

1150 2972 1265 3040 scriptor
1278 2973 1305 3026 in
1322 2975 1469 3043 appendice
1482 2977 1514 3029 ad
1530 2976 1640 3032 luamus
1663 2980 1753 3035 llallrei
1767 2983 1937 3039 dissertatio·

1149 3074 1212 3114 nem
1223 3060 1255 3114 de
1269 3071 1378 3116 auctore
1392 3063 1576 3118 consessionis
1588 3063 1645 3131 jam
1667 3068 1753 3121 dictae.
1771 3068 1854 3137 llujus
1868 3087 1936 3127 ano-

1149 3149 1225 3219 nymi
1240 3159 1397 3220 argumenta
1412 3161 1540 3221 pettuttur
1553 3155 1639 3222 primo
1655 3170 1668 3207 a
1685 3158 1816 3224 pertinaci
1829 3159 1937 3217 silentio

1149 3238 1312 3309 scriptorum
1325 3240 1444 3293 ouuriurn
1457 3242 1502 3309 qui
1515 3242 1616 3296 llahani
1632 3259 1712 3312 opera
1731 3258 1936 3308 recensuerunt.

1149 3326 1218 3381 Turn
1232 3344 1263 3383 en
1278 3331 1394 3399 eoquod
1410 3330 1488 3385 istius
1511 3334 1631 3402 epistolar
1646 3337 1762 3405 scriptor
1775 3339 1823 3403 ait,
1842 3355 1871 3394 sc
1879 3340 1935 3409 jain

314 3427 458 3482 ordinibus
470 3446 478 3491 ,-
492 3427 565 3481 papst
579 3438 629 3481 im
641 3428 675 3481 mr
690 3426 860 3498 mynisterium
886 3446 931 3482 ‚qm
949 3422 1130 3500 p,›9rm1‚a1.c
1147 3417 1300 3486 episcopum
1316 3419 1399 3474 luisse
1412 3436 1482 3475 atrito
1503 3440 1511 3471 ι
1532 3422 1563 3476 ab
1581 3425 1698 3479 adtenta
1715 3427 1819 3482 ltottrini
1845 3431 1907 3495 biti,
1922 3451 1931 3483 ι

310 3519 374 3569 dnm
387 3518 419 3570 de
432 3517 605 3571 ecclesiastica
616 3516 775 3586 disciplina;
797 3516 869 3570 titre·
899 3529 949 3571 tres
961 3520 995 3572 etl
1007 3521 1095 3573 Batto-

309 3625 367 3661 surn
394 3609 531 3673 abbatem
548 3607 667 3677 Epistola
685 3608 719 3660 od
743 3607 914 3661 littrrtlrcrtnm
940 3609 1096 3663 ll'irtzibnr-

309 3716 411 3768 pensem
422 3700 581 3769 episcopum,
595 3709 673 3768 quota
689 3699 855 3767 penerutiane
876 3698 976 3753 licitum
990 3701 1023 3753 sit
1037 3716 1096 3753 nta-

308 3790 472 3852 trirnaniunt,·
488 3788 601 3842 Liberale
613 3790 701 3842 antima
713 3798 736 3842 et
748 3789 886 3843 virtutibus
895 3791 929 3843 ad
943 3790 1095 3845 Lotlratittm

309 3897 412 3949 rrqent;
427 3879 540 3933 Libellus
552 3880 584 3934 de
599 3883 649 3934 uita
670 3881 843 3945 Antichristt',·
861 3881 1096 3954 Martqraloqiurn3

309 3968 464 4034 Poematia,
477 3968 594 4036 Classen,
607 3981 630 4025 et
644 3972 675 4024 de
687 3970 838 4036 intentione
848 3971 996 4042 linquerent
1010 3989 1019 4026 .·
1036 3990 1097 4045 quat

307 4060 400 4112 omnia
418 4059 542 4114 ridentur
553 4075 613 4115 csse
626 4047 742 4130 'genuina
760 4059 863 4115 habani
878 4077 969 4132 opera.
986 4064 1023 4119 De
1041 4067 1096 4120 Ra-

308 4150 371 4202 haui
386 4148 488 4204 Glossis
501 4150 656 4206 Teutonicis
670 4152 712 4205 adi
724 4151 852 4206 cesaree
872 4151 1041 4210 bibliotheca
1055 4165 1096 4221 tuf

308 4256 383 4294 mum
396 4240 426 4294 ll.

345 4329 390 4381 tt.
415 4329 443 4383 ln
457 4329 545 4383 indice
556 4330 660 4386 liudolfi
676 4341 704 4387 et
727 4333 753 4386 in
769 4333 841 4388 dicta
854 4334 1011 4390 collectione
1026 4334 1096 4391 desi-

308 4417 441 4472 derantur
458 4418 580 4488 epistolse
596 4421 718 4489 quiedam
733 4419 857 4478 aJacoho
880 4422 1024 4478 sirmondo
1038 4421 1097 4477 rulss

308 4516 378 4575 gnae
392 4507 504 4563 Lutetia
512 4508 678 4563 Parisiorum
689 4523 760 4564 anno
774 4511 851 4576 tatt,
865 4527 961 4582 nempe
976 4512 1095 4582 Epistola

308 4601 344 4653 ad
356 4600 527 4654 llincnrarunt
537 4601 871 4673 thcntenscmepiseopum,
885 4613 910 4657 et
929 4603 982 4657 alin
994 4604 1028 4657 ad
1043 4602 1096 4658 tte-

308 4691 592 4753 incrementulum,
611 4707 662 4747 una
683 4709 745 4749 cunt
769 4693 889 4764 synodali
908 4695 1010 4749 llabanl
1035 4695 1093 4764 epi-

1148 3523 1202 3561 uno
1214 3519 1276 3563 ante
1292 3510 1393 3563 llabaui
1406 3512 1602 3579 pontificatum,
1619 3523 1673 3568 tunt
1687 3531 1719 3570 cr
1735 3521 1848 3587 eoquod
1861 3538 1934 3590 ιιιιεε·

1147 3598 1209 3652 dam
1222 3598 1332 3653 duriora
1359 3611 1452 3655 eorrtra
1476 3600 1583 3656 ludaeos
1614 3606 1747 3673 superiori
1773 3608 1935 3678 ternpore'se

1148 3687 1274 3741 statuisse
1290 3689 1371 3743 resert
1387 3708 1392 3741 :
1408 3691 1478 3759 quod
1495 3691 1617 3756 llabano,
1642 3695 1686 3763 qui
1712 3697 1815 3750 nullutn
1840 3710 1934 3755 contra

1147 3777 1254 3833 terdenos
1269 3781 1407 3834 decretum
1420 3783 1544 3846 sancivit,
1561 3786 1705 3838 contenire
1718 3787 1869 3842 nullatenus
1885 3807 1932 3859 po-

1148 3879 1211 3925 test.
1231 3872 1364 3927 Praeterea
1391 3876 1463 3942 qood
1490 3876 1611 3945 epistulae
1638 3888 1733 3933 auctor
1753 3895 1805 3933 nou
1820 3884 1935 3938 obscure

1146 3972 1232 4028 notet,
1248 3979 1288 4028 se,
1304 3981 1364 4018 curn
1379 3967 1508 4021 adrcrsus
1532 3965 1638 4023 ludaeos
1662 3971 1803 4038 epistolant
1824 3975 1931 4039 scribit,

1146 4053 1295 4108 decessoris
1310 4053 1350 4108 sui
1371 4055 1446 4123 sequi
1471 4056 1594 4126 vestigia,
1610 4058 1655 4126 qui
1682 4058 1776 4113 itidem
1803 4063 1933 4118 adsersus

1147 4143 1253 4200 Judaeos
1277 4145 1360 4200 multa
1379 4147 1541 4214 scripsisset,
1567 4149 1704 4217 multaque
1721 4152 1829 4220 egisset.
1852 4153 1934 4225 Otga-

1092 4272 1095 4279 -
1147 4237 1217 4291 rium
1234 4252 1297 4293 reru
1313 4238 1415 4292 llabani
1439 4240 1608 4294 decessorem
1633 4241 1699 4294 nihil
1713 4243 1864 4310 hujusmodi
1883 4261 1933 4314 pa-

1148 4334 1234 4381 trasse
1248 4330 1275 4383 in
1291 4329 1399 4384 diaecesi
1426 4328 1589 4398 hloguntiua.
1615 4330 1648 4384 Et
1662 4332 1703 4384 his
1716 4331 1823 4399 quidem
1848 4338 1931 4405 argui

1146 4415 1246 4469 mentis
1261 4431 1321 4470 cam
1334 4417 1473 4489 epistolant
1497 4418 1606 4473 llabaua
1621 4417 1759 4486 abjudicat
1776 4423 1933 4489 appendicis

1146 4515 1256 4570 attctor;
1272 4508 1421 4576 iisdemque
1431 4509 1554 4562 hnroloni
1570 4509 1741 4578 Lugdunensi
1755 4512 1886 4579 pontifici,
1903 4522 1934 4569 ut

1146 4598 1256 4667 proprio
1268 4599 1383 4666 parenti,
1400 4599 1587 4653 vindicandam
1602 4613 1662 4653 esse
1683 4603 1829 4655 contendit.
1845 4602 1934 4674 Siqui-

1147 4689 1207 4742 dem
1225 4686 1320 4742 hmolo
1343 4703 1414 4741 atino
1428 4687 1477 4741 8tt
1493 4688 1521 4741 in
1547 4689 1701 4758 episcopum
1725 4693 1864 4748 ordinatus
1879 4701 1930 4760 est,

307 4779 377 4833 stola
396 4778 452 4847 jam
476 4780 502 4833 iu
517 4780 640 4836 conciliis
663 4781 747 4846 edita,
762 4791 790 4836 et
813 4781 922 4851 epistola
943 4783 978 4834 ad
995 4782 1093 4837 tl‘otin-
1107 4754 1133 4814 D
1146 4792 1261 4848 tnoxque
1274 4777 1383 4831 duriora
1396 4785 1496 4831 statuta
1504 4777 1622 4832 condidit
1635 4788 1728 4833 contra
1739 4778 1855 4847 iudans,
1864 4798 1931 4853 quus

307 4886 371 4938 pern
388 4870 568 4924 veronensem
583 4871 748 4940 episcopum,
776 4879 869 4925 contra
895 4871 1091 4927 Gotcscaleum.

309 4959 348 5012 Es
365 4959 464 5027 quibus
489 4960 608 5029 epistolae
633 4962 665 5016 ad
694 4959 837 5032 Notiugum
852 4970 878 5016 ει
897 4963 931 5016 ad
959 4961 1092 5016 llebemr-

307 5049 374 5102 dum
389 5064 489 5104 recusae
505 5060 568 5104 sunt
583 5051 608 5104 in
633 5060 705 5107 tomo
719 5053 799 5105 tertio
812 5049 900 5107 ltatte'
911 5051 1000 5108 Saerae
1011 5068 1093 5124 opera

308 5137 472 5193 Ferdinandi
493 5140 606 5210 Ughelli,
627 5143 671 5211 qni
684 5141 820 5198 sirmondi
833 5144 978 5199 editionem
990 5161 1043 5198 non
1054 5145 1094 5199 ri-

308 5231 396 5285 derat.
412 5231 531 5300 Denique
545 5233 572 5286 in
596 5234 667 5288 dicto
693 5235 780 5289 indice
802 5235 907 5291 lludolti
920 5244 947 5290 et
962 5237 990 5290 in
1011 5236 1093 5292 ealle·

308 5322 399 5376 ctione
410 5322 518 5378 Pamelii
531 5325 629 5379 desunt
641 5326 760 5395 epistole
775 5327 834 5380 duic
847 5327 936 5396 magui
950 5327 1093 5382 momenti:

309 5429 362 5467 una
378 5415 413 5468 ad
429 5414 564 5484 deltonem
579 5433 625 5470 sen
637 5415 747 5486 Eiqilcm
769 5416 886 5471 abbatem
902 5416 1092 5483 Pistoriensem,

308 5519 371 5572 quse
384 5506 518 5560 excidisse
533 5505 653 5563 creditur
666 5525 672 5560 ε
687 5507 737 5563 alia
752 5509 787 5561 ad
807 5507 978 5562 ileribnldarn
1001 5509 1094 5564 hatis·

308 5596 492 5651 siodorensem
514 5598 678 5668 episcopum,
707 5613 765 5668 qna
779 5614 793 5652 a
808 5596 889 5655 Petra
910 5598 1046 5654 Stenartlo
1058 5612 1092 5655 ex

309 5686 402 5742 codiee
419 5685 622 5757 Worngartcnsi·
631 5685 730 5756 prodiit
743 5688 769 5740 in
789 5687 885 5751 luecm,
899 5703 1020 5744 recensa
1033 5688 1094 5744 Ste-

310 5782 401 5851 phano
423 5781 533 5837 Baluaio
555 5797 648 5837 recusa
672 5791 733 5852 post
761 5783 946 5838 collectionem
959 5797 1092 5836 canonum

310 5871 466 5940 lieginonis.
479 5873 544 5931 ltcm
555 5874 674 5944 epistolae
686 5874 745 5928 tluae
758 5874 792 5928 ad
806 5873 1095 5944 liegiurboldumehor-

308 5958 465 6030 episcopum
477 5963 671 6034 tingetutinum,
688 5964 720 6018 dc
743 5962 901 6032 quibusdam
914 5961 1092 6031 questiuncu-

1144 4867 1237 4924 ctlreni
1266 4867 1374 4921 licentia
1389 4868 1415 4920 in
1440 4867 1611 4938 Lugdunensi
1637 4869 1747 4923 dioecesi
1762 4885 1791 4924 se
1814 4874 1931 4942 gessisse

1143 4972 1177 5011 ειι
1204 4956 1346 5028 sigobarde
1378 4957 1526 5022 discimus,
1547 4958 1593 5027 qui
1623 4958 1731 5027 quidem
1760 4960 1929 5030 hgobardns,

1143 5049 1282 5106 dmolonis
1293 5049 1430 5112 decessor,
1446 5049 1546 5118 scripta
1559 5048 1642 5102 edidit
1667 5048 1795 5106 adversus
1819 5053 1929 5108 eosdem

1145 5139 1260 5201 ludaeos,
1288 5153 1321 5193 ex
1351 5138 1449 5207 quihus
1475 5146 1569 5192 auctor
1597 5138 1718 5207 epistolae
1750 5149 1930 5198 controversae

1145 5229 1229 5284 multa
1244 5227 1372 5282 transfert
1387 5228 1413 5282 iu
1428 5243 1488 5282 sna.
1518 5227 1616 5282 lerum
1640 5227 1721 5297 (quod
1734 5233 1858 5286 omnibus
1869 5245 1929 5286 oon·

1142 5316 1256 5389 lecturis
1268 5316 1465 5386 praeterendum
1478 5316 1563 5387 putat)
1574 5332 1608 5371 ex
1618 5316 1928 5377 Frodoardollhemeurl

1144 5409 1303 5480 presbytero
1320 5409 1346 5462 iu
1371 5407 1495 5462 Historiae
1520 5407 1566 5460 lib.
1582 5423 1623 5473 ur,
1638 5423 1697 5477 cap.
1711 5409 1756 5474 et,
1769 5409 1927 5466 tmotoueru

1145 5502 1274 5556 adversus
1297 5498 1404 5554 ludaeos
1429 5499 1572 5569 epistolam
1600 5499 1763 5569 encyclicam
1786 5498 1928 5568 scripsisse

1146 5591 1256 5661 colligit,
1272 5590 1317 5644 ahi
1340 5589 1501 5643 llincmarus
1523 5581 1663 5658 scripsisse
1684 5588 1810 5642 dicitur«
1830 5586 1928 5644 Amolo

1147 5681 1326 5754 Lugdunensi,
1340 5681 1372 5735 de
1385 5679 1484 5750 placito
1498 5679 1568 5748 quod
1587 5678 1718 5733 habuerat
1740 5690 1801 5730 eum
1811 5690 1874 5749 repe
1888 5692 1927 5734 re·

1145 5779 1242 5849 gaique
1257 5775 1430 5845 primoribus,
1448 5783 1475 5829 et
1499 5774 1532 5829 de
1558 5771 1710 5826 ludaeorum
1724 5770 1751 5824 in
1771 5772 1823 5826 hoc
1843 5784 1927 5844 regna

1146 5876 1227 5922 statu.
1245 5886 1254 5918 r
1275 5864 1320 5927 ht,
1336 5864 1358 5918 si
1372 5864 1437 5933 qnid
1447 5863 1536 5926 rideo,
1552 5859 1618 5914 nihil
1631 5859 1657 5912 in
1673 5857 1716 5913 bls
1727 5859 1818 5915 verbis
1830 5861 1863 5914 de
1875 5873 1925 5913 en·

1145 5958 1245 6030 cyclica
1271 5954 1409 6010 hmolonis
1436 5950 1547 6022 epistota
1565 5962 1740 6018 :quanquam
1757 5949 1828 6005 valet
1850 5948 1873 6004 is
1886 5946 1924 6001 lo·
