4509 6850
328 699 382 755 an
822 679 1345 755 mnunnr.1nuarrnnnu.'L
1362 699 1426 759 un.
1444 678 1477 758 lt.
1885 679 1959 771 'tos
2042 775 2047 784 ,

328 813 440 871 Pacifici
453 828 518 884 ergo
528 811 563 867 illi
583 812 634 867 rite
646 819 785 877 vocamur,
802 813 848 883 qni
864 814 981 882 primum
995 814 1023 868 in
1035 814 1117 869 eordc
1131 818 1156 877 Α
1170 830 1272 870 rnorem
1285 816 1343 872 Boi.
1362 816 1416 873 Sed
1426 819 1531 874 initiam
1546 821 1681 891 sapientire
1694 822 1774 877 timor
1789 824 1895 882 Domini
1908 841 1962 890 cst.

328 920 391 970 suo,
408 902 506 958 deinde
521 903 592 956 inter
609 900 708 957 iratres
721 901 880 958 dissidentes
894 917 989 972 pacem
1003 902 1119 958 iaciunt.
1172 906 1344 978 Quapropter
1366 910 1389 965 si
1410 911 1544 977 gradatim
1564 920 1691 983 tanquam
1711 916 1888 973 ascendentes
1911 936 1963 974 nn·

328 995 422 1066 (deq.)
437 993 506 1061 Quid
517 994 589 1048 enim
600 994 709 1063 prodest
723 1008 772 1064 per
786 994 889 1050 tcalios
898 996 1000 1065 pacari,
1017 1010 1079 1050 cum
1091 995 1119 1051 in
1173 1013 1322 1061 meremus,
1342 1000 1446 1069 primus
1458 1000 1556 1072 gradus
1571 1002 1607 1058 ibi
1626 1011 1670 1058 est
1685 1003 1766 1059 timor
1778 1003 1902 1072 Domini,
1919 1025 1963 1066 se·

329 1095 376 1142 teo
389 1086 480 1140 animo
495 1085 549 1141 sint
564 1083 632 1138 bella
646 1082 788 1148 ritiormn;
807 1084 833 1138 in
845 1099 912 1153 pace
926 1093 1018 1140 autem
1031 1082 1118 1155 perle-
1172 1089 1276 1144 enudus
1295 1090 1394 1160 pietas,
1417 1092 1514 1147 tertius
1539 1093 1663 1159 seientia,
1686 1103 1798 1165 quartus
1820 1096 1960 1164 lortitudo,

327 1178 444 1242 ctiocst,
462 1176 507 1231 ubi
526 1175 592 1230 nibil
612 1184 752 1247 repugnat,
772 1183 800 1230 ει
811 1175 871 1231 ideo
883 1174 929 1230 lilii
943 1177 989 1232 bei
1000 1175 1117 1246 pacifici,
1170 1177 1281 1248 quintus
1298 1178 1452 1246 eonsilium,
1472 1189 1564 1236 sextus
1583 1180 1744 1250 intellectus,
1766 1186 1897 1258 septimus
1916 1204 1961 1244 sa-

326 1270 457 1341 quoniam
470 1266 535 1322 nihil
550 1266 652 1322 resistit
664 1265 739 1332 Boo,
760 1277 787 1320 et
801 1267 894 1336 ntique
905 1265 951 1321 iiiii
964 1267 1103 1323 similitudi
1169 1268 1280 1340 pientia.
1300 1268 1393 1324 Timor
1408 1269 1513 1325 Domini
1531 1271 1657 1343 congruit
1675 1272 1833 1343 humilibus,
1854 1276 1888 1332 de
1903 1280 1963 1349 qui-

327 1377 390 1418 nem
409 1360 494 1431 patris
508 1358 609 1414 habere
627 1358 735 1413 debent.
750 1356 858 1413 Paciliei
873 1364 963 1413 autem
976 1358 1004 1413 in
1021 1368 1118 1414 semet-
1169 1357 1220 1413 bus
1235 1358 1279 1414 liic
1293 1358 1390 1414 dicitur
1405 1378 1411 1414 :
1428 1358 1505 1414 Beati
1517 1376 1644 1431 pauperes
1657 1360 1767 1433 spirite,
1780 1366 1905 1436 quoniam
1919 1367 1961 1437 ip-

326 1452 394 1524 ipsis
406 1459 480 1517 suut,
491 1449 537 1521 qui
549 1462 645 1505 omncs
659 1447 742 1502 animi
758 1447 800 1503 sni
812 1455 901 1503 motus
915 1457 1116 1517 componentes,
1169 1461 1258 1501 semar
1278 1456 1316 1501 ert
1333 1463 1439 1517 repausa
1455 1448 1593 1514 coeloram,
1610 1450 1708 1517 idest,
1726 1466 1780 1508 non
1793 1453 1888 1521 iullati,
1908 1471 1962 1511 non

325 1553 355 1601 ct
366 1541 542 1612 subjicientes
555 1539 673 1605 rationi,
688 1539 715 1595 id
728 1549 771 1596 est
785 1539 870 1595 menti
883 1548 912 1595 et
923 1540 1038 1611 spiritui,
1055 1556 1118 1596 ear·
1169 1538 1258 1608 snper}
1269 1537 1289 1591 i.
1304 1537 1342 1592 be
1359 1537 1456 1606 quibus
1481 1537 1623 1608 Apostolus
1636 1540 1701 1596 dicit
1715 1559 1722 1595 ε
1740 1539 1804 1596 Noli
1819 1542 1902 1598 attam
1919 1559 1962 1598 sa·

324 1634 456 1707 realesque
475 1631 710 1702 concupiscentias
733 1631 863 1687 babentes
885 1630 1028 1698 edomitas,
1050 1629 1119 1687 fiunt
1167 1642 1238 1698 perc,
1254 1625 1300 1681 sed
1324 1626 1397 1691 time,
1422 1626 1513 1693 idest,
1535 1627 1590 1683 noli
1604 1629 1709 1686 extolli.
1734 1629 1962 1703 Pietascongruit

326 1740 440 1796 mgnum
453 1723 520 1789 liei,
543 1721 572 1777 in
588 1735 642 1792 quc
656 1720 693 1776 ita
706 1730 769 1778 sunt
788 1721 914 1778 ordinata
927 1722 1030 1788 omnia,
1045 1730 1074 1777 ut
1089 1722 1118 1779 id
1168 1714 1291 1782 milibus,
1316 1717 1362 1787 tui
1383 1717 1455 1772 essim
1481 1717 1526 1787 llll&
1551 1719 1665 1789 quant,
1695 1720 1810 1777 honorat
1838 1732 1962 1778 sanctam

325 1816 399 1885 quod
410 1822 453 1871 est
464 1813 492 1870 in
504 1812 613 1869 bomine
625 1812 791 1883 precipuum
802 1820 830 1869 et
844 1812 989 1880 excellens,
1000 1813 1118 1869 bocim·
1169 1806 1357 1879 Scripturara,
1376 1818 1404 1866 et
1420 1823 1474 1865 non
1496 1809 1669 1879 reprehendit
1687 1812 1759 1883 quod
1778 1811 1898 1867 nondum
1918 1812 1960 1868 in·

324 1910 412 1974 peret,
427 1901 534 1958 mtcris
551 1916 606 1957 non
621 1900 815 1958 reluctantibus
829 1916 890 1973 quae
902 1912 965 1959 sunt
977 1904 1055 1960 uobis
1067 1904 1117 1960 be-
1168 1899 1280 1972 telligit,
1304 1907 1333 1956 et
1353 1909 1496 1971 propterea
1512 1917 1566 1958 non
1582 1903 1699 1969 resistit,
1714 1904 1786 1975 maed
1805 1913 1847 1960 est
1866 1905 1960 1960 mitem

325 1994 439 2063 stiisque
461 1991 632 2057 communia,
656 2000 738 2062 atque
757 1991 784 2047 id
806 1992 895 2063 ipsum
914 1994 987 2064 quod
1009 1994 1118 2050 excellit
1167 2005 1247 2057 esse;
1268 1991 1340 2047 unde
1357 1992 1403 2047 bie
1426 1992 1545 2047 dicitur:
1561 1991 1639 2048 Beati
1660 1995 1746 2059 mites,
1766 1994 1890 2066 qnoniam
1909 1996 1961 2065 ipsi

324 2084 353 2139 in
368 2082 493 2149 bomine,
506 2082 533 2138 id
547 2090 589 2138 est
601 2096 678 2138 mens
690 2089 718 2137 et
732 2084 812 2148 ratio,
826 2083 983 2154 subjiciatur
999 2084 1112 2155 potiori,
1167 2081 1321 2136 hereditate
1332 2081 1498 2152 possidebant
1512 2091 1620 2136 terram.
1633 2081 1752 2139 Scientia
1772 2085 1897 2156 congruit
1915 2085 1960 2141 lu-

324 2174 397 2244 quorl
411 2180 453 2227 est
467 2171 524 2243 ipsa
543 2169 660 2235 Veritas,
677 2171 927 2242 unigenituslitios
942 2172 1001 2227 bei.
1129 2159 1440 2245 ligentibus,qni1am
1456 2182 1641 2244 cognorerunt
1654 2175 1681 2230 in
1694 2173 1844 2245 Scripturis
1859 2177 1960 2248 quibus

360 2260 451 2331 Neque
468 2261 600 2330 imperare
615 2258 788 2315 interioribus
805 2268 894 2329 potest
913 2260 964 2315 nisi
982 2260 1114 2331 superiori
1166 2263 1245 2319 malis
1259 2264 1342 2319 vineti
1357 2271 1513 2330 teneantur,
1532 2279 1594 2334 qum
1611 2273 1739 2335 tanquam
1761 2266 1831 2322 berta
1843 2274 1872 2323 et
1884 2267 1959 2323 utilia

323 2366 356 2407 se
370 2351 427 2423 ipse
440 2348 575 2419 subjiciat.
591 2350 625 2404 lit
639 2350 696 2405 baec
709 2358 752 2405 est
762 2365 815 2419 pax
832 2365 892 2419 quae
905 2351 985 2407 datur
998 2352 1115 2408 bantini·
1165 2351 1322 2424 ignorantes
1331 2352 1513 2423 appetierunt.
1526 2352 1564 2407 lle
1577 2353 1676 2423 quibus
1689 2353 1734 2408 bic
1743 2354 1845 2410 dicitur
1859 2372 1866 2410 :
1881 2354 1959 2411 Beati

324 2438 376 2498 tus
388 2439 416 2495 in
433 2449 505 2495 terra
519 2440 596 2494 borrae
609 2438 765 2493 uoluntatis.
783 2438 846 2495 llaec
859 2440 915 2495 vita
935 2441 1114 2497 consummati
1165 2443 1209 2512 qai
1225 2442 1324 2514 lupent.
1350 2442 1493 2498 Fortitudo
1512 2444 1638 2515 congruit
1656 2444 1854 2511 esurientibus,
1874 2455 1902 2502 et
1921 2448 1959 2501 si·

321 2531 492 2602 perfectique
512 2532 652 2601 sapientis.
670 2530 708 2587 be
722 2530 802 2600 btrjus
821 2548 918 2605 magno
935 2549 1018 2605 reque
1033 2548 1115 2604 paca·
1165 2534 1305 2598 dentibus,
1330 2534 1455 2590 laborant
1476 2534 1549 2589 enirn
1571 2534 1757 2591 desiderantes
1777 2536 1903 2607 gaudium
1924 2538 1960 2594 de

322 2624 430 2679 tissime
445 2632 474 2678 et
491 2622 694 2679 ordinatissimo
711 2624 810 2679 missus
832 2633 875 2680 est
898 2622 971 2679 ieras
988 2625 1115 2696 princeps
1164 2627 1237 2682 seris
1259 2626 1338 2682 bonis
1358 2634 1386 2682 et
1410 2640 1532 2681 amorem
1551 2640 1567 2680 a
1589 2626 1704 2682 terrenis
1723 2634 1752 2682 et
1771 2627 1959 2697 corporalibus

322 2714 403 2783 bajus
424 2713 529 2779 meoli,
548 2714 594 2783 qni
609 2714 744 2784 perversis
763 2713 978 2785 inordinatisque
991 2715 1115 2771 domina·
1163 2724 1286 2772 atemere
1299 2716 1448 2787 cupientes.
1462 2716 1499 2771 [le
1513 2716 1611 2785 quibus
1628 2715 1673 2771 liic
1686 2715 1785 2771 dicitur
1798 2734 1806 2771 z
1820 2714 1898 2772 Beati
1910 2718 1959 2789 qni

321 2812 376 2860 tur.
392 2803 449 2859 llae
464 2819 532 2875 paee
551 2804 714 2860 intrinsecus
732 2804 878 2860 constituta
898 2813 979 2875 atque
994 2805 1112 2874 llrmata,
1163 2811 1281 2866 esurient
1296 2821 1320 2865 et
1333 2811 1424 2865 sitiam
1438 2810 1582 2881 justitiam.
1600 2809 1750 2866 Consilium
1762 2812 1887 2883 congruit
1904 2814 1956 2867 mi-

321 2908 497 2963 quascunque
511 2895 712 2965 persecutiones
728 2893 785 2960 ille,
802 2896 848 2966 qui
863 2894 937 2950 toras
954 2897 1054 2953 missus
1071 2907 1114 2955 est
1163 2899 1356 2965 serimrdibus,
1372 2899 1424 2954 hoc
1437 2899 1510 2953 enim
1525 2913 1607 2953 unum
1619 2899 1766 2954 remedium
1776 2909 1818 2975 est
1828 2899 1862 2955 de
1874 2901 1957 2956 tantis

321 2984 471 3040 lorinsecus
496 2986 693 3051 concitaverit,
722 2994 802 3058 auget
825 2986 959 3058 gloriam,
983 3004 1044 3060 quae
1070 3005 1112 3045 se·
1163 2990 1243 3045 malis
1261 2989 1405 3054 euadendi,
1426 2997 1455 3044 ut
1474 2989 1642 3045 dimittamus
1662 2991 1731 3045 sicut
1752 2989 1832 3046 nobis
1856 2990 1954 3047 dimitti

320 3074 439 3131 run'dum
455 3075 538 3130 ὓειιιιι
552 3083 613 3140 est,
628 3091 681 3131 non
694 3075 796 3145 aliquid
809 3076 836 3131 in
852 3076 897 3132 ille
907 3078 1021 3135 aedilicio
1039 3078 1113 3136 labe-
1164 3080 1299 3145 volumus,
1312 3087 1340 3135 et
1353 3077 1511 3147 adjuvemus
1528 3079 1554 3133 iu
1570 3093 1624 3148 quo
1638 3093 1781 3148 possumus
1791 3077 1871 3143 alios,
1885 3078 1956 3133 sicut

320 3165 442 3230 iactaris,
457 3165 503 3220 sed
516 3164 702 3222 deficientibus
715 3168 847 3222 machinis
862 3169 930 3234 suis,
944 3169 1112 3228 innotescere
1162 3175 1190 3224 et
1208 3181 1259 3223 nos
1274 3168 1300 3222 in
1322 3182 1376 3237 quo
1395 3182 1448 3221 troo
1463 3181 1608 3237 possumus
1626 3166 1749 3236 cupimus
1766 3166 1899 3237 adjrtuari.
1917 3166 1956 3223 be

319 3257 422 3313 iaciens
440 3266 540 3327 quanta
555 3258 670 3315 firmitas
686 3260 758 3316 intus
773 3268 910 3318 exstructa
928 3263 972 3318 sit.
991 3263 1053 3321 ideo
1068 3280 1112 3322 se-
1161 3260 1259 3329 quibus
1284 3258 1328 3314 hic
1350 3258 1449 3313 elicitur
1469 3270 1476 3311 ι
1501 3257 1576 3313 Bruti
1605 3257 1796 3323 misericordae,
1821 3266 1849 3312 ei
1875 3257 1951 3327 reliq.

319 3348 429 3418 quitur:
1160 3349 1314 3406 Intellectus
1327 3349 1418 3405 cordis
1438 3348 1562 3418 congruit
1581 3347 1689 3404 mundis
1709 3347 1800 3413 corde,
1824 3355 1951 3417 tanquam

354 3437 430 3493 Beati
437 3442 483 3510 qai
494 3442 697 3511 persecutionem
706 3444 844 3513 patiantur
853 3455 959 3517 prepter
962 3447 1108 3518 jectitione,
1160 3449 1275 3513 purgato
1287 3440 1375 3506 oculo,
1389 3454 1443 3510 quo
1457 3440 1530 3496 cerni
1546 3439 1631 3510 possit
1641 3439 1714 3510 qnod
1725 3453 1871 3510 corporeus
1884 3455 1952 3495 cerr·

317 3529 442 3602 quostiam
456 3530 572 3601 ipsoram
586 3541 624 3586 cst
641 3548 747 3603 requam
765 3533 899 3590 coeloram.
915 3535 1051 3613 (Hieron.)
1065 3538 1109 3596 si.
1122 3506 1146 3571 c
1161 3532 1203 3588 lus
1222 3550 1276 3588 tren
1295 3533 1372 3599 vidit,
1388 3547 1438 3589 nec
1450 3533 1523 3587 auris
1539 3532 1651 3598 audivit,
1665 3547 1716 3588 nee
1730 3531 1757 3586 in
1771 3547 1819 3587 cor
1832 3533 1951 3588 bominis

317 3630 434 3693 ananim
445 3621 548 3677 addidit
558 3632 664 3693 propter
671 3622 904 3693 justitiamllulti
915 3627 986 3683 enim
998 3638 1110 3700 propter
1159 3623 1290 3679 ascendit.
1318 3622 1356 3679 be
1388 3621 1487 3693 quibus
1521 3623 1566 3679 bic
1597 3620 1697 3677 dicitnr
1719 3637 1726 3677 :
1749 3621 1826 3678 Beati
1860 3625 1951 3679 mnndi

317 3724 368 3766 sua
382 3720 494 3782 peccata
511 3712 653 3781 patiuntur
669 3715 903 3784 persecutionem,
924 3729 952 3777 et
972 3738 1027 3778 noa
1045 3732 1109 3778 sune
1159 3711 1247 3780 carde,
1262 3721 1290 3769 et
1307 3712 1385 3784 reliq.
1402 3711 1539 3782 Sapientia
1551 3712 1679 3784 conqmit
1691 3712 1824 3784 pacificis,
1837 3713 1865 3768 in
1887 3714 1948 3783 qni-

314 3800 391 3870 jusu.
406 3800 546 3873 Simulque
556 3804 697 3860 considera
709 3807 783 3877 quod
797 3818 892 3865 octava
906 3826 979 3869 vera·
992 3815 1109 3870 circum.
1158 3804 1210 3861 bus
1219 3804 1342 3860 orilinata
1355 3813 1420 3860 sunt
1431 3805 1539 3869 omnia,
1557 3803 1700 3876 nullusque
1714 3814 1804 3862 motus
1820 3806 1950 3862 adversus·

317 3891 429 3950 cislerris
442 3894 592 3963 beatitudo,
609 3898 741 3969 martyrio
755 3900 926 3959 terminatur.
944 3904 1038 3977 (naq.)
1053 3905 1107 3979 lgi-
1158 3897 1290 3952 fullonem
1305 3895 1413 3952 rebellis
1426 3904 1478 3962 ⁰⁸¹2
1494 3897 1542 3952 ⁵0st
1555 3905 1652 3953 cunila
1667 3898 1856 3969 obtemperant
1872 3898 1953 3968 spiri·

316 3993 362 4039 tur
384 3985 435 4042 iste
457 3988 652 4045 sententiarum
674 4006 803 4048 numerus
820 3992 964 4065 diligenter
984 3997 1108 4052 conside·
1158 3987 1354 4052 lulh⁰m51¹iss
1376 4001 1438 4042 ⁰¹¹¹ss
1452 3987 1510 4057 ipse
1522 3987 1693 4056 ⁰b10ffli³0l³²
1713 3987 1778 4043 ⁰0⁰·
1803 3987 1841 4043 ⁰0
1854 3987 1952 4056 quibus

316 4079 476 4134 rnnduscst.
494 4079 590 4152 incipit
600 4083 673 4138 enim
687 4082 826 4140 beatitudo
838 4087 873 4141 ab
886 4087 1040 4143 humilitate
1054 4130 1061 4155 ‚
1077 4098 1108 4144 ue
1157 4076 1258 4132 dicitnr
1278 4077 1322 4132 bic
1339 4094 1345 4130 :
1363 4075 1439 4131 beati
1451 4075 1565 4146 pacifici.
1583 4076 1671 4131 Unum
1691 4085 1781 4130 aretem
1796 4077 1947 4165 pransione,

314 4181 374 4233 aa,
389 4169 457 4224 seca
470 4186 596 4242 pauperes
608 4173 715 4244 aptaro,
728 4177 880 4246 ersqttno
892 4177 1107 4247 praenecantes
1156 4169 1230 4240 quod
1242 4176 1284 4225 en
1297 4183 1410 4240 reanum
1431 4167 1582 4234 cetorum,
1603 4183 1654 4239 nto
1669 4169 1713 4224 nte
1726 4169 1855 4241 gradibus
1874 4171 1948 4225 nnn

315 4260 401 4328 ipsam
416 4261 585 4332 sapientiam,
602 4263 690 4330 idest,
706 4265 959 4336 contemplationem
973 4267 1105 4336 ueritatis,
1156 4260 1325 4316 nominatum
1336 4267 1388 4315 ⁰⁵¹·

314 4350 461 4420 piciamus
486 4360 572 4409 tetum
590 4354 729 4410 bominem
743 4364 770 4411 ει
785 4356 935 4427 suscipiens
953 4357 1107 4414 similitudi·
1190 4351 1221 4407 1¹1
1243 4351 1343 4422 primm
1365 4349 1437 4406 ⁸1⁰¹st
1458 4350 1611 4420 ⁰l⁰r¹0b¹ls
1631 4349 1748 4420 ll⁰Sii¹¹¹¹¹
1770 4357 1812 4405 θθῑ
1836 4364 1948 4420 reli¹¹¹¹¹¹¹

314 4456 377 4495 nent
396 4441 459 4509 oet,
477 4459 537 4514 quae
551 4445 588 4500 ita
604 4445 795 4503 concluditur:
813 4447 889 4503 Beati
907 4449 1023 4519 pacifici,
1040 4467 1107 4522 qno-
1156 4439 1296 4506 eoelornm,
1308 4440 1381 4510 quod
1390 4447 1433 4496 cst
1443 4438 1564 4510 perfecta
1576 4441 1710 4512 sapientia
1720 4440 1818 4496 animae
1829 4440 1949 4495 rationa-

315 4532 387 4585 nnm
410 4532 461 4603 aper
478 4531 529 4601 pto
544 4532 592 4597 net
617 4534 787 4591 necatorem.
809 4536 909 4594 benna
928 4546 1056 4609 anquam
1071 4540 1106 4597 ad
1155 4531 1199 4588 lis·
1222 4532 1375 4603 steteque
1391 4531 1493 4588 dietum
1515 4538 1558 4587 cst
1580 4549 1586 4585 =
1609 4530 1687 4588 Beati
1700 4547 1827 4603 pauperes
1843 4531 1949 4601 aptaro,

312 4631 396 4693 erput
428 4624 520 4689 rodit,
547 4625 612 4696 quia
640 4637 870 4695 consummatum,
901 4629 1106 4703 perlectumque
1154 4625 1280 4695 qnoniam
1295 4622 1412 4694 ipsoram
1430 4630 1468 4677 est
1484 4622 1738 4693 repntsmcoeloram.
1753 4621 1893 4692 Tanquam
1908 4621 1949 4676 di·

312 4714 605 4786 macrianensem.
618 4716 749 4788 laquem
765 4720 851 4790 priora
865 4730 893 4776 et
904 4730 1001 4778 mura
1017 4723 1105 4780 noni·
1155 4724 1285 4770 matur:
1301 4712 1414 4768 leriam
1429 4714 1564 4786 aparte
1580 4715 1660 4770 timu
1677 4714 1783 4769 nomint
1802 4712 1897 4785 (ncctt.
1913 4711 1946 4784 r).

313 4812 406 4859 nauum
417 4815 460 4861 est
472 4821 584 4876 regnum
597 4807 728 4864 caelorum
742 4827 749 4863 ε
764 4808 840 4864 Beati
855 4828 982 4883 pauperes
995 4816 1103 4886 spiritu,
1157 4807 1266 4865 llitibus
1287 4806 1431 4863 nanetus
1449 4807 1511 4862 data
1525 4815 1585 4871 est,
1605 4814 1734 4877 tanquam
1754 4812 1947 4861 testamentum

311 4895 436 4966 qnoniam
457 4897 573 4967 ipsoram
592 4907 630 4952 ert
653 4914 760 4971 requam
776 4900 910 4968 calorem,
928 4913 952 4958 et
968 4903 1037 4959 beati
1059 4907 1105 4976 qni
1157 4897 1244 4969 mitit
1263 4911 1324 4954 cum
1337 4896 1438 4967 pietali
1451 4896 1635 4969 (tumentibus
1651 4913 1658 4949 ἒ
1674 4895 1750 4950 Bellll'
1769 4894 1861 4961 mim,
1882 4910 1950 4966 Ψω-

310 4988 517 5058 persecutionem
536 4988 674 5060 patiuntur
695 5001 801 5060 prepter
816 4992 960 5063 justitiam,
981 4995 1105 5066 qnoniam
1156 4990 1229 5045 aiam
1244 4990 1295 5063 ipsi
1308 4988 1461 5045 sorditate
1475 4988 1642 5060 possidebunt
1659 4998 1766 5044 terram.
1783 4986 1949 5060 Lugentibns

310 5079 430 5149 ipsoram
441 5088 479 5134 est
491 5096 599 5150 requam
613 5078 747 5135 catorum.
762 5080 829 5136 Cum
836 5082 895 5154 jam
909 5083 1024 5140 dieitur:
1040 5084 1106 5152 Quis
1156 5081 1324 5147 consolatio,
1342 5088 1472 5152 tanquam
1488 5079 1638 5137 scientibus
1656 5080 1721 5152 quid
1740 5079 1903 5144 amiserint,
1921 5086 1950 5134 et

310 5172 670 5242 sosseparabitucltaritate
683 5170 791 5238 Christi,
803 5174 958 5232 tribulatio?
971 5193 1006 5231 aa
1021 5194 1107 5249 arrqs·
1156 5171 1255 5243 quibus
1276 5172 1367 5227 rnoesti
1386 5171 1453 5245 [tt.,
1478 5170 1571 5245 mersi]
1595 5171 1650 5227 sint
1670 5189 1677 5226 ε
1697 5170 1774 5226 Beati
1795 5171 1840 5240 qai
1861 5168 1949 5240 laneat

309 5263 383 5316 etia?
398 5279 432 5316 aa
451 5263 615 5332 persecutio?
630 5279 666 5317 aa
682 5263 765 5333 fames
777 5263 790 5316 i
802 5279 837 5317 aa
851 5264 978 5319 auditas?
991 5282 1026 5321 an
1037 5267 1107 5336 peri-
1156 5281 1226 5320 nunc
1237 5305 1245 5332 ‚
1257 5264 1384 5336 qnoniam
1403 5265 1454 5335 ipsi
1475 5263 1689 5320 consolabantur.
1712 5262 1900 5318 Esurientibns
1920 5269 1949 5316 ct

308 5352 419 5407 mlum?
430 5370 465 5407 an
476 5352 602 5424 pladiani
614 5352 725 5424 Septem
736 5362 871 5426 sunterqo
881 5371 941 5426 quae
949 5356 1102 5426 perficiunt,
1156 5352 1312 5410 sitientibus
1327 5353 1471 5419 saturitas,
1488 5361 1619 5423 tanquam
1633 5351 1745 5408 reiectio
1759 5351 1948 5407 laberantibus

309 5459 372 5498 nant
383 5451 478 5499 octava
488 5443 631 5512 clarificat,
648 5453 676 5501 et
691 5445 921 5517 quodperieetum
934 5458 976 5504 est
989 5449 1104 5505 demon-
1155 5445 1316 5516 fortiterque
1333 5445 1501 5501 certantibus
1518 5446 1553 5500 ad
1572 5444 1686 5500 salutern
1706 5441 1806 5498 :Beati
1820 5443 1866 5514 pai
1888 5458 1948 5497 esu·

308 5544 390 5602 strat,
404 5543 434 5591 ut
439 5537 543 5607 pcrhos
549 5527 943 5609 pradus'pcrilcianturcaetera,
952 5548 1103 5611 tanquama
1154 5537 1226 5592 riam
1240 5544 1266 5591 et
1276 5535 1369 5591 eitiunt
1378 5534 1528 5606 justitiam,
1541 5535 1665 5607 qnoniam
1679 5533 1729 5604 ipsi
1746 5531 1945 5588 saturabantur.

307 5629 397 5699 capite
413 5642 526 5683 rursum
547 5628 703 5684 exordiens.
724 5628 837 5685 Videtur
854 5644 920 5702 erqo
939 5629 1004 5685 mihi
1019 5629 1103 5686 etiam
1154 5628 1375 5687 Misericordibus
1395 5625 1596 5692 misericordia,
1620 5634 1748 5697 tanquam
1768 5640 1834 5680 sero
1854 5634 1883 5680 et
1896 5640 1946 5696 op-

307 5716 476 5789 septilormis
500 5719 622 5790 operatio
636 5717 753 5789 Spiritus
774 5720 871 5789 moen,
892 5721 927 5777 de
944 5735 999 5791 qua
1017 5719 1103 5777 lsaias
1155 5721 1223 5777 timo
1237 5718 1350 5777 consilio
1364 5717 1518 5781 nandans,
1534 5724 1565 5772 ut
1578 5717 1630 5772 boc
1643 5715 1684 5771 eis
1696 5715 1857 5771 exirit-‚eatur
1867 5729 1884 5768 a
1895 5731 1944 5784 po·

306 5808 429 5880 loquitur
444 5807 512 5882 (lca.
537 5809 606 5881 sn),
622 5810 666 5866 bis
685 5810 814 5882 gradibus
826 5812 1021 5884 sententiisque
1035 5827 1101 5870 con·
1154 5815 1282 5880 tendere,
1299 5813 1371 5884 quod
1390 5809 1564 5868 inferioribus
1583 5808 1735 5867 exhibent:
1755 5806 1831 5862 Beati
1843 5807 1948 5860 artiseri-

305 5917 415 5974 gruerc.
440 5901 495 5960 Sed
516 5902 631 5959 interest
649 5902 767 5971 ordinis;
790 5918 854 5959 nam
876 5902 914 5958 ibi
932 5904 1102 5960 enumeratio
1153 5906 1261 5974 ccedet,
1274 5904 1402 5977 mortium
1416 5902 1532 5974 ipsoram
1547 5898 1721 5956 miserebitur.
1739 5895 1847 5953 Mandis
1862 5895 1946 5951 corde

306 5995 343 6050 ab
359 5994 598 6052 excellentioribus
611 5995 711 6065 eoepit,
731 5995 776 6052 bie
789 6011 854 6050 vero
866 5994 901 6049 ab
916 5993 1099 6070 inferioribus
1153 5995 1270 6053 laenitas
1289 5993 1397 6051 ridendi
1416 5992 1512 6058 Benna
1533 5999 1662 6062 tanquam
1674 6003 1774 6060 purum
1786 5985 1895 6044 oculum
1909 5985 1946 6041 ad

307 6089 345 6155 tbi
361 6104 479 6160 nataque
497 6089 592 6161 incipit
605 6105 622 6148 a
634 6088 768 6160 sapientia
780 6088 839 6156 bet,
860 6097 889 6145 et
899 6088 997 6146 desiuit
1014 6087 1048 6146 ad
1063 6088 1099 6157 ti·
1153 6086 1325 6160 intelligenda
1341 6094 1440 6144 aeoetaa
1455 6084 1613 6158 astartibus
1628 6100 1636 6138 ι
1651 6080 1728 6142 Beati
1744 6080 1836 6139 madi
1854 6078 1944 6146 coldo,
