4509 6850
340 728 375 783 tn
476 725 483 734 ’
903 725 950 779 ΑΙ)
968 723 1082 781 OPERA
1100 725 1133 780 b.
1152 725 1280 783 anunm
1296 728 1405 785 aarum
1931 734 1966 790 dl

341 834 583 894 ermenmarus
606 835 705 905 itaque
721 833 864 889 memorati
878 836 995 892 eoencbii
1017 837 1129 907 quintus
1141 844 1168 904 A
1180 838 1315 909 repetiuit.
1333 839 1409 896 Unde
1421 855 1475 912 quo
1487 840 1599 924 liber-ins
1613 856 1710 899 raeare
1733 849 1825 913 posset
1839 843 1965 911 irrtcrins,
2036 862 2039 865 ⁴

340 926 423 982 abbas
435 926 574 1006 institutus
585 940 657 981 anno
675 932 835 996 praenotato,
847 926 894 995 qni
906 924 958 980 fuit
970 942 1058 982 anmrs
1069 927 1125 982 Lu·
1178 936 1368 997 procuratores
1381 945 1473 987 rerum
1487 932 1674 1001 temporalium
1691 931 1854 988 sufficientes
1864 935 1966 989 musti·

340 1013 428 1070 dorici
444 1015 515 1086 regis
528 1014 693 1071 Francorum
704 1015 745 1070 Pii
757 1016 912 1081 decimusr,
927 1015 1039 1086 Eugenii
1050 1032 1126 1086 papae
1178 1019 1266 1080 tuitet
1278 1019 1398 1086 idoneos,
1415 1022 1448 1077 dc
1471 1036 1586 1090 quorum
1610 1021 1740 1077 fidelitate
1752 1037 1804 1077 non
1819 1024 1967 1093 potnrtdo·

302 1109 304 1114 '
340 1105 460 1170 secundi,
486 1120 694 1175 annusquoque
717 1106 861 1169 secundus,
878 1105 1126 1176 etotngarniar-
1177 1110 1275 1165 bitare.
1303 1110 1424 1183 Regnum
1440 1112 1488 1168 Dei
1508 1122 1572 1167 autc
1595 1115 1820 1183 omniaquaerere
1849 1116 1966 1180 studuit,

339 1193 501 1264 elricpiscopi
514 1194 661 1266 lfoguntini
676 1195 795 1266 primus,
806 1196 832 1249 in
848 1195 1000 1251 brrmilitate
1011 1196 1125 1266 pristina
1177 1208 1206 1253 et
1221 1200 1349 1255 derebus
1363 1200 1527 1257 transitoriis
1540 1217 1569 1256 sc
1583 1202 1664 1257 nimis
1678 1203 1757 1256 anxie
1770 1219 1909 1272 nunquam
1921 1206 1966 1260 iu·

282 1282 284 1288 '
338 1290 534 1359 perseverarit,
549 1297 576 1344 et
588 1290 682 1355 vitam,
707 1290 784 1345 sicuti
809 1298 996 1354 corrsnererat,
1013 1290 1126 1344 inomni
1178 1288 1303 1344 tramisit.
1320 1289 1353 1344 Et
1366 1290 1428 1358 quia
1442 1291 1526 1346 Deum
1543 1292 1569 1345 iu
1583 1299 1639 1346 toto
1653 1293 1733 1347 corde
1747 1307 1796 1347 suo
1811 1293 1907 1348 dilexit
1919 1311 1965 1350 sa·

337 1378 457 1449 puritate
473 1380 571 1432 mentis
585 1387 612 1433 et
622 1379 744 1449 corporis
756 1395 847 1435 coram
864 1379 918 1434 fleo
941 1379 1126 1434 indesinenter
1176 1379 1338 1448 peremnia,
1365 1377 1444 1448 hujus
1457 1382 1519 1435 ritae
1531 1382 1565 1437 ab
1590 1381 1648 1450 ipso
1663 1384 1815 1438 necessaria
1834 1400 1965 1444 consecu-

338 1468 515 1525 coutinuarit.
532 1470 615 1525 Deum
639 1472 739 1525 nnrnda
754 1472 921 1526 conscicntia
935 1471 1030 1526 dilexit
1045 1486 1126 1541 super
1177 1477 1221 1525 tus
1233 1480 1285 1533 est,
1300 1485 1396 1542 magna
1412 1471 1440 1525 in
1457 1472 1631 1528 abundantia.
1645 1472 1722 1527 Circa
1738 1474 1857 1544 regimen
1873 1484 1966 1533 tamea

336 1560 438 1624 omnia,
453 1558 587 1630 pmcujus
601 1575 693 1615 amore
703 1561 864 1630 contempsit
877 1561 1013 1615 universa.
1028 1561 1056 1614 ln
1067 1567 1125 1615 toto
1176 1561 1328 1617 animarum
1348 1562 1425 1618 valde
1451 1563 1581 1618 sollicitus
1595 1565 1709 1630 exstitit,
1732 1574 1759 1620 et
1775 1580 1840 1622 ores
1860 1566 1964 1623 Christi

337 1650 473 1705 cordesuo
485 1650 672 1705 mandatorum
681 1649 739 1719 ejus
748 1665 854 1719 semper
862 1665 965 1704 memor
975 1651 1089 1715 exstitit,
1097 1658 1125 1705 et
1177 1652 1229 1707 sibi
1252 1654 1411 1709 commissas
1428 1655 1513 1709 aerbo
1530 1655 1634 1721 salutis,
1650 1657 1773 1727 exemplo
1798 1659 1964 1726 sanctitatis,

336 1739 590 1810 uunquamabono
612 1740 701 1795 studio
726 1740 851 1796 cessarit.
874 1739 903 1793 ln
927 1740 1050 1794 oratione
1069 1748 1124 1794 tam
1176 1746 1204 1795 et
1227 1739 1327 1810 pabulo
1352 1742 1513 1797 necessariae
1538 1745 1741 1801 sustentationis
1766 1747 1965 1805 studiosissime

336 1830 449 1888 &retus
461 1839 489 1886 et
502 1831 645 1887 continuus
659 1832 774 1897 exstitit,
787 1838 818 1885 ut
835 1845 925 1897 nemo,
939 1832 1126 1887 conversatio·
1175 1844 1289 1899 pascere
1311 1832 1428 1898 curarit,
1455 1833 1505 1888 sub
1528 1832 1589 1901 eius
1612 1832 1744 1904 regimine
1766 1837 1964 1893 monasterinm

335 1923 379 1981 nis
393 1923 453 1995 ejus
478 1923 600 1996 ignarus,
615 1931 737 1994 pariasset
750 1923 824 1979 illum
849 1923 957 1980 lectioni
972 1907 1124 1995 Scriptura·
1176 1918 1310 1977 Fuldcnse
1334 1922 1414 1978 rebus
1438 1930 1518 1992 abque
1544 1923 1667 1993 personis
1682 1923 1767 1980 crevit
1786 1926 1918 1996 quotidie,
1934 1938 1964 1984 et

335 2030 397 2070 runa
410 2015 453 2071 rel
465 2022 654 2071 momentaneo
669 2012 706 2087 [F
707 2024 773 2082 crte,
787 2012 936 2086 momento]
953 2015 1072 2084 potuisse
1084 2016 1124 2070 in·
1175 2008 1247 2066 fama
1257 2011 1410 2067 sanctitatis
1425 2013 1620 2068 monachorum
1634 2013 1693 2085 ejus
1707 2029 1757 2085 per
1771 2022 1858 2071 totum
1873 2016 1962 2072 Fran-

277 2136 279 2139 ·
335 2105 457 2172 tendere,
470 2104 599 2161 reluorac
606 2105 807 2174 compositionis
817 2104 1123 2176 quidquamiucubrare.
1175 2115 1270 2156 eorum
1283 2117 1313 2157 se
1328 2116 1440 2173 regnum
1454 2101 1570 2158 diffudit.

334 2197 439 2254 Rursus
454 2198 482 2253 in
498 2197 618 2269 leaenas
642 2196 741 2253 divinis
757 2195 915 2269 Scripturis,
932 2197 959 2251 ln
977 2195 1160 2266 lucubran·,B
1208 2191 1346 2264 Praecipue
1367 2202 1458 2249 tannen
1472 2195 1577 2251 abbatis
1597 2194 1701 2251 Rabani
1725 2196 1816 2266 opinio
1832 2197 1964 2255 doctrinae

333 2288 376 2345 dis
392 2289 513 2360 quotidie
524 2288 610 2344 ferme
622 2288 699 2343 noris
724 2287 921 2354 voluminibus,
930 2296 1011 2357 aque
1034 2288 1061 2343 in
1072 2289 1122 2369 do·
1174 2292 1203 2360 et
1213 2285 1399 2341 sanctimonia
1412 2286 1439 2341 in
1453 2300 1500 2341 ore
1513 2285 1564 2341 fuit
1589 2286 1709 2341 omnium
1723 2286 1838 2343 celebris
1860 2295 1889 2343 et
1899 2288 1964 2360 glo·

334 2379 429 2435 cendia
441 2378 666 2447 instituendisque
680 2375 714 2432 ad
732 2378 862 2447 pietatem
881 2377 963 2433 divini
977 2378 1076 2444 cultus,
1088 2380 1123 2435 ad
1175 2377 1258 2443 riosa,
1272 2392 1325 2433 non
1338 2378 1424 2433 solum
1435 2379 1505 2448 apud
1517 2376 1670 2434 Germaniae
1684 2378 1813 2444 Francos,
1828 2380 1876 2436 scd
1891 2383 1964 2449 apud

333 2468 467 2541 mgularis
493 2468 641 2540 disciplinae
663 2468 874 2533 observantiam,
889 2476 916 2523 et
929 2483 1035 2522 momm
1051 2469 1121 2524 inte·
1174 2465 1328 2525 Gallicanos
1345 2484 1451 2539 qnoque
1463 2477 1490 2524 ct
1502 2469 1591 2524 italos.
1607 2468 1690 2538 Cujus
1701 2471 1752 2525 riri
1763 2470 1835 2524 fama
1845 2486 1926 2541 reges
1937 2481 1965 2527 et

333 2562 458 2634 gritatem
475 2560 616 2617 monacbis
641 2560 802 2625 commissis,
819 2574 870 2614 nec
897 2560 987 2615 minus
1001 2560 1028 2615 in
1049 2560 1123 2616 ordi·
1173 2558 1320 2630 principes,
1332 2560 1643 2632 cpiscoposetdoctcrcs
1654 2560 1795 2631 quoslibet,
1808 2562 1890 2616 etiam
1905 2562 1964 2617 lon-

332 2652 422 2707 nanda
431 2667 497 2707 eura
508 2651 665 2718 domestica,
682 2658 737 2705 mm
753 2649 881 2721 frequens
896 2649 948 2706 fuit
961 2659 989 2707 ct
1002 2652 1120 2718 sedulus,
1173 2648 1416 2720 giusdistantes,in
1427 2648 1486 2719 ejus
1497 2650 1698 2706 venerationem
1707 2652 1848 2721 permovit.
1862 2651 1964 2709 Omnes

332 2750 362 2799 ut
371 2743 466 2800 orandi
479 2742 582 2797 nulium
593 2742 728 2797 rideretur
739 2741 839 2798 babere
852 2751 1027 2797 momentum.
1038 2742 1123 2798 Amor
1174 2738 1414 2809 incomparabilem
1426 2739 1484 2809 ejus
1499 2740 1668 2796 mirabantur
1680 2742 1843 2807 doctrinam,
1854 2750 1881 2798 et
1895 2758 1964 2798 con-

331 2832 430 2905 qulppe
442 2833 499 2898 liei,
515 2847 569 2903 quo
583 2840 655 2888 totus
669 2831 783 2888 ardebat
802 2832 938 2900 incensus,
954 2847 1007 2888 non
1021 2834 1122 2903 permi-
1170 2827 1292 2899 jnnctam
1317 2828 1463 2885 eruditioni
1488 2831 1659 2887 sanctitatem
1683 2830 1807 2887 laudibus
1828 2834 1964 2889 continuis

331 2922 578 2988 sitesseotiosum,
597 2922 735 2993 quoniam,
750 2922 828 2977 sicuti
839 2932 967 2991 expertus
980 2923 1122 2980 serissime
1172 2917 1355 2988 praedicabant
1368 2920 1477 2990 ubique·
1508 2919 1548 2975 En
1574 2921 1648 2975 omni
1673 2936 1758 2992 regno
1783 2921 1962 2993 Francorum,

331 3010 554 3069 beatustestatur
579 3011 737 3083 Gregorius,
759 3012 897 3068 amoriiei
928 3028 1065 3084 nrrnquam
1080 3024 1123 3071 est
1174 3008 1246 3078 iliwd
1272 3016 1335 3064 lunc
1355 3018 1413 3065 efai
1438 3026 1530 3075 unum,
1559 3008 1702 3067 Germanis
1718 3011 1850 3077 efGallis.
1866 3015 1900 3070 td
1916 3032 1962 3070 ab·

331 3103 445 3159 otlosus.
460 3102 675 3173 Speraturcnim
691 3118 799 3174 magna,
816 3104 839 3158 si
858 3106 1133 3176 est;quodsi0pe.·
1173 3099 1300 3156 diendum
1330 3099 1406 3156 illum
1432 3101 1556 3157 certatim
1570 3101 1962 3161 oenssrrcbantvirimultarum

332 3193 388 3249 rari
417 3193 516 3259 renuit,
546 3191 668 3262 profecto
695 3207 776 3248 verus
804 3193 852 3248 liei
880 3207 957 3247 amor
982 3210 1120 3265 nunquam
1172 3190 1329 3247 facultatum
1343 3193 1433 3264 periti,
1447 3199 1512 3249 etse
1526 3193 1962 3267 forebeatosexistimabant,qni

332 3284 393 3339 fuit.
439 3322 445 3328 -
1172 3279 1206 3334 ad
1221 3280 1279 3349 ejus
1292 3280 1406 3338 fuissent
1421 3282 1632 3339 familiaritatem
1660 3286 1780 3341 admissi.
1806 3284 1880 3341 liniti
1895 3303 1962 3357 quo-

364 3373 464 3431 Beatus
476 3374 568 3445 itaque
581 3374 664 3430 abbas
678 3373 806 3432 naoanus
820 3374 910 3432 orium
928 3375 1031 3435 Christi
1044 3377 1119 3435 solli·
1172 3386 1224 3441 quc
1238 3371 1385 3443 principes,
1409 3373 1513 3428 nobiles
1526 3380 1554 3428 et
1578 3376 1652 3431 circs
1679 3376 1784 3433 [labani
1807 3380 1962 3451 magisterio

330 3466 412 3534 citus,
424 3481 519 3537 parum
534 3465 674 3538 indulgens
685 3482 740 3523 sna
753 3466 902 3524 infirmitati
913 3478 1028 3537 naturae,
1039 3486 1119 3527 enine
1173 3465 1243 3521 fllios
1267 3479 1331 3520 suos
1356 3465 1551 3521 commiserunt
1576 3467 1746 3534 imbuendos,
1771 3472 1854 3526 rariis
1878 3481 1963 3543 atque

331 3569 448 3629 tempus,
460 3557 532 3629 quoal
553 3558 776 3629 occupationibus
801 3559 840 3614 rei
869 3559 1011 3615 familiaris
1031 3561 1119 3616 sulari—
1133 3548 1156 3612 C
1172 3555 1322 3628 magnificis
1346 3567 1541 3628 praeceptorem
1562 3557 1640 3613 donis
1653 3567 1681 3614 et
1700 3561 1858 3616 muneribus
1872 3564 1964 3621 bono·

330 3666 395 3724 pere
408 3651 504 3722 potuit,
520 3650 637 3706 orationi
659 3659 687 3707 et
700 3652 787 3707 studio
802 3652 941 3723 impendit.
956 3651 1118 3708 llonacbum
1172 3654 1275 3703 rantes.
1291 3646 1364 3715 Quos
1380 3647 1426 3703 ille
1451 3654 1527 3702 tanta
1550 3646 1692 3704 sedulitate
1703 3648 1803 3715 docuit,
1829 3668 1882 3722 qua
1901 3671 1965 3710 ma·

331 3741 425 3797 babuit
439 3741 548 3797 nomine
562 3739 689 3797 Strabum
705 3753 730 3809 ⁶,
743 3743 831 3813 patria
845 3741 991 3809 Franeunr,
1005 3760 1038 3800 cx
1052 3745 1118 3801 urbe
1166 3736 1212 3808 jor
1226 3738 1375 3810 excogitari
1390 3738 1435 3793 vix
1450 3738 1593 3809 potuisset.
1608 3737 1671 3795 Fuit
1688 3740 1760 3795 enim
1775 3741 1897 3799 laborum
1911 3762 1964 3817 pa-

330 3831 526 3902 Praeapolitana
537 3831 551 3871 ‘¹
564 3833 720 3899 oriundum,
745 3833 835 3889 airum
850 3834 878 3889 in
903 3835 976 3890 omni
1002 3836 1117 3892 scientia
1169 3829 1249 3894 tiens,
1265 3836 1292 3884 ct
1311 3827 1357 3898 qni
1375 3828 1425 3883 sibi
1452 3827 1518 3882 nilril
1532 3843 1677 3884 onerosum
1693 3836 1739 3884 aut
1762 3846 1843 3901 grane
1856 3833 1964 3904 jrnlica·

330 3920 483 3978 divinarum
509 3921 743 3992 lrumanarumqnc
756 3922 907 3980 litterarum
919 3925 1117 3994 doctissimum,
1168 3918 1226 3985 bii,
1242 3921 1314 3990 quod
1325 3918 1367 3974 fel
1380 3918 1414 3975 ad
1429 3919 1476 3975 Dei
1491 3920 1634 3987 bonorem,
1647 3920 1690 3976 vel
1704 3922 1737 3977 ad
1751 3924 1865 3992 proximi
1879 3928 1963 3995 perti·

331 4014 453 4071 carmine
477 4027 509 4068 ac
523 4028 604 4083 prosa
618 4012 695 4085 longa
714 4015 909 4071 exercitatione
921 4018 1049 4087 peritum,
1068 4032 1118 4074 nec
1169 4010 1251 4066 nebat
1277 4010 1432 4077 utilitatem,
1459 4013 1531 4068 unde
1557 4013 1608 4069 sibi
1628 4013 1677 4069 soli
1703 4020 1783 4070 natus
1807 4016 1890 4072 rideri
1907 4035 1961 4076 non

330 4106 421 4162 namus
444 4105 507 4161 ritae
524 4106 632 4168 merito,
647 4121 728 4176 quam
743 4105 945 4178 scripturarum
966 4109 1117 4165 eruditione
1170 4103 1263 4169 wluil,
1287 4104 1334 4174 (tuf
1360 4104 1474 4160 salutem
1500 4103 1615 4159 aliomm
1637 4120 1744 4176 semper
1768 4116 1803 4161 ut·
1817 4108 1958 4177 propriam

303 4233 305 4235 .
330 4196 526 4262 venerandum,
552 4212 632 4268 quern
645 4204 706 4268 post
731 4212 761 4253 se
782 4197 977 4255 monachorum
992 4200 1116 4256 nactae
1169 4192 1361 4264 quasivicti
1387 4193 1507 4265 regirncn
1540 4195 1704 4261 animarum,
1717 4195 1956 4267 Deoproridente,

329 4288 460 4362 prefecit,
472 4297 500 4347 et
514 4290 700 4346 introductum
726 4291 839 4347 docendi
865 4291 973 4346 modum
987 4293 1117 4348 observa·
1169 4283 1247 4340 valde
1260 4283 1312 4339 full
1327 4284 1450 4352 illimus,
1465 4284 1615 4354 vigilantia,
1647 4287 1756 4356 pietate,
1784 4287 1958 4355 discrefifflle·

330 4393 371 4446 re,
389 4387 417 4436 ct
430 4381 591 4438 continuare
616 4381 763 4437 mandarit.
786 4381 837 4450 Qui
852 4381 967 4440 strabus
981 4392 1009 4438 er
1036 4399 1116 4455 prosa
1169 4374 1324 4446 pmdeatia,
1344 4389 1438 4445 opere,
1463 4383 1491 4445 et
1506 4375 1628 4431 doctrina
1648 4376 1716 4430 rrulli
1741 4378 1884 4433 secamus.
1899 4378 1959 4434 Non

329 4473 492 4530 creamine
518 4471 595 4543 plura
618 4471 735 4543 scripsit.
762 4472 821 4542 lpse
844 4472 959 4543 dentque
977 4473 1116 4542 neamus,
1168 4473 1324 4536 carpens
1342 4466 1417 4521 tuum
1444 4467 1563 4536 accepero
1589 4480 1778 4536 perannum,
1794 4467 1841 4522 seu
1863 4467 1959 4524 decue

332 4563 551 4637 riqiiantissimus
569 4574 674 4636 pastor,
688 4581 787 4622 munus
805 4566 917 4621 docendi
935 4577 1045 4639 propter
1067 4569 1117 4625 ab·
1168 4556 1225 4612 ⁸⁰¹¹!
1236 4557 1395 4613 mefllssfum
1410 4576 1417 4613 :
1433 4557 1479 4628 ‘lul
1493 4556 1596 4624 ὅῑθῑῖῐῦ,
1608 4565 1637 4611 Ul
1652 4558 1736 4613 abhis
1748 4557 1890 4614 minatus
1901 4557 1960 4615 stle-

328 4653 432 4709 baalam
444 4653 616 4722 penitusnon
628 4654 759 4719 deseruit,
774 4669 849 4710 neca
864 4656 1059 4725 componendis
1070 4672 1118 4713 ro-
1168 4654 1221 4712 ral‚
1237 4654 1267 4702 1¹²
1287 4644 1400 4714 iusfiliae
1426 4646 1595 4718 miliniam,
1623 4647 1649 4701 in
1666 4647 1793 4701 (millibus
1820 4645 1960 4705 Benedicti

330 4742 477 4800 luminibus
500 4744 627 4798 cessarit.
650 4745 764 4798 Amator
785 4759 882 4813 nempe
908 4745 955 4799 liei
983 4745 1115 4814 sincerus,
1167 4737 1253 4809 pillis
1270 4736 1576 4806 Sequeblifflesslllam·
1601 4751 1682 4805 aqua
1706 4736 1734 4790 1¹¹
1751 4737 1825 4792 ⁰ffllli
1839 4738 1894 4792 vila
1908 4755 1958 4795 sua

327 4833 437 4908 quoties
451 4841 602 4902 opportune
615 4833 712 4903 potuit,
725 4831 838 4888 docendi
848 4831 975 4900 officinm,
986 4842 1017 4889 ut
1028 4836 1115 4905 prius,
1169 4843 1307 4898 nunquam
1331 4837 1433 4883 temere
1446 4827 1602 4883 declinarit.
1617 4827 1647 4882 ln
1661 4828 1720 4898 ipsa
1734 4842 1852 4898 namque
1864 4829 1958 4901 regula

1128 4897 1156 4960 b

363 5020 378 5050 ⁸
395 5006 490 5063 Potius
515 5005 666 5060 undecimae
689 5002 785 5059 fuisset
813 5004 971 5072 Trithemio,
999 5021 1061 5063 cum
1078 5009 1113 5065 28
1168 5009 1274 5065 notione
1288 5004 1458 5061 Teutonicum
1471 5003 1565 5061 scribit
1575 5018 1635 5074 cap.
1651 5002 1686 5058 55
1697 5011 1725 5059 et
1737 5002 1783 5058 tt.

326 5077 390 5136 dan.
414 5077 478 5132 anni
491 5075 543 5132 stt
563 5074 591 5130 S.
605 5073 702 5130 carolo
726 5073 822 5145 llagno
845 5075 917 5143 patri
939 5080 1111 5148 successerit,
1204 5090 1217 5119 ι
1237 5079 1276 5133 lie
1287 5092 1321 5132 ec
1335 5091 1416 5156 supra
1427 5075 1541 5144 egimus.
1553 5073 1708 5146 Gemngum
1723 5073 1744 5127 ll
1756 5073 1882 5129 abbatem
1896 5073 1958 5130 ilir-

326 5156 376 5208 aat
387 5156 460 5204 certe
470 5147 570 5216 primus
584 5153 687 5200 tantum
697 5145 809 5217 Eugenii
827 5145 1112 5216 papencreatianno
1167 5148 1337 5219 saugiensem
1355 5161 1413 5214 ejus
1426 5144 1518 5199 Fuldae
1530 5144 1691 5215 discipulum
1710 5141 1794 5199 fuisse
1816 5143 1916 5225 probat
1928 5146 1956 5199 in

325 5216 575 5286 maternitati.
1166 5218 1301 5275 Chronico
1325 5215 1499 5295 illrsaugensi
1513 5214 1547 5269 ad
1573 5230 1673 5269 annum
1700 5214 1753 5269 cst
1777 5211 1956 5280 Trrtlrcm'tus,

363 5291 378 5332 b
397 5287 521 5345 Hoctoto
546 5301 617 5343 anno
641 5284 732 5342 staca
746 5283 801 5340 fcre
815 5285 937 5367 sequenti
950 5285 1003 5342 aad
1025 5289 1113 5346 adbuc
1167 5289 1258 5358 aitque
1272 5302 1302 5342 se
1318 5306 1327 5337 r
1344 5299 1478 5356 reperisse
1497 5282 1587 5339 Strabi
1606 5283 1725 5341 libellum
1748 5284 1781 5340 de
1804 5283 1958 5339 arithmeti-

326 5357 516 5429 llaistulpbum
529 5356 631 5427 otgarii
644 5356 815 5411 decessorem
835 5355 935 5410 rexisse
948 5357 1042 5413 scribit
1062 5359 1112 5414 Se-
1167 5359 1207 5414 cis
1219 5356 1442 5418 dimensionibus,
1459 5355 1501 5408 cui
1516 5355 1647 5423 praeponit
1667 5354 1810 5422 epistolam
1825 5354 1859 5408 ad
1883 5353 1957 5409 bunc

326 5432 420 5487 ranius
446 5427 494 5484 lib.
506 5442 533 5482 ιιι
545 5426 610 5482 ller.
627 5425 758 5496 llogunt,
783 5425 875 5495 aitque
890 5425 925 5481 28
939 5426 1066 5484 Decemb.
1083 5428 1111 5483 in
1165 5428 1320 5498 Gerungum
1336 5426 1376 5481 sic
1395 5424 1567 5494 incipientem
1584 5442 1590 5477 :
1612 5423 1837 5481 Reverendirsimc
1860 5424 1957 5478 memte

327 5500 397 5557 festo
409 5500 586 5554 innocentem
610 5496 673 5551 anni
687 5495 739 5552 826
753 5496 863 5559 obiisse,
881 5496 923 5549 cui
939 5498 1029 5566 potius
1041 5513 1113 5554 anno
1166 5497 1255 5562 Petri,
1268 5505 1345 5552 estete
1360 5493 1428 5564 filio,
1452 5495 1540 5548 littere
1554 5491 1694 5565 discipule,
1715 5494 1802 5564 qratia
1828 5493 1956 5562 nreqistro

326 5571 379 5628 82¹1
394 5583 535 5627 successor
547 5568 628 5623 datus
642 5574 684 5622 est
706 5566 842 5636 Otgarlue.
855 5565 1032 5638 Haistulpbus
1045 5583 1111 5623 san·
1166 5564 1288 5638 Geranpo
1306 5564 1395 5618 abbati
1408 5573 1513 5618 caterine
1523 5563 1690 5618 beatitudinis
1705 5564 1844 5633 preamium
1867 5563 1956 5631 porti·

326 5640 379 5697 ctis
391 5649 586 5696 annumeratur
600 5637 628 5692 iu
645 5636 720 5692 dctis
735 5652 800 5692 mss.
825 5643 1001 5707 patronorum
1017 5639 1113 5694 cirita-
1166 5637 1236 5692 dere.
1252 5655 1261 5689 ι
1276 5634 1338 5689 llaec
1352 5633 1388 5688 ibi
1399 5648 1459 5704 quae
1480 5632 1597 5688 difficilia
1613 5640 1695 5688 sunt:
1712 5647 1774 5687 nam
1789 5630 1959 5688 walafridus

325 5711 609 5835 t¹st’M{fingatis}elffijndem
620 5792 680 5834 esse
690 5775 1039 5832 walafridumstrabonem
1050 5775 1112 5832 dein
1166 5699 1956 5855 ἓιιιέῧιιιιὲῗιιῗιὲιῗιιῖἓὲιῖῗιὶιοιεψᾞιειιιῖιῦἑιιιὶὶέοιιὲὲῃιιιιιιιιξηξῖιΐιῗιῐιι·

326 5849 452 5907 ιῦίιιιιιιιι
466 5848 558 5922 bugiae
576 5848 677 5913 divitis,
693 5863 774 5916 supra
789 5847 900 5901 dictum.
1165 5848 1326 5910 adversum,
1371 5845 1398 5899 ui
1422 5845 1518 5900 eodem
1542 5835 1954 5914 caprretlnb.1Fnta.-nn-

361 5917 436 5973 ten
450 5915 1111 6000 Poepeliteaescribemlumledeberba,uturbs
1164 5917 1213 5988 tiq.
1240 5923 1267 5970 ct
1291 5861 1419 5970 Stratum
1445 5929 1505 5971 esse
1537 5913 1727 5975 walafridum.
1761 5921 1955 5992 mortuumque

327 5985 476 6058 fferlipolis
504 5987 678 6053 mtclliqatur.
695 5986 733 6042 De
749 5986 809 6041 loeo
820 5985 878 6055 ejus
892 5984 974 6038 natali
989 5984 1052 6039 alibi
1067 5986 1110 6040 ni·
1162 6000 1234 6042 anno
1246 5984 1299 6041 otc
1313 5985 1407 6051 tradit,
1421 5992 1448 6042 et
1468 5985 1532 6041 binc
1544 5984 1641 6055 probat
1655 5982 1812 6057 Gerungum
1832 5981 1953 6053 discipu·

322 6059 363 6113 bil
376 6054 501 6125 legimus.
524 6055 701 6120 Tritlrcmius,
715 6056 762 6110 lib.
777 6072 796 6109 n
811 6056 844 6111 dc
860 6055 932 6109 llinis
945 6054 1106 6119 illustribus,
1162 6056 1218 6112 lum
1230 6054 1288 6126 ejus
1301 6055 1398 6111 fnisse.

308 6125 534 6180 ubistrabrrma
566 6123 716 6181 walafrido
728 6124 813 6181 alium
827 6125 933 6192 statuit,
961 6133 1109 6197 utrumqne
