4509 6850
311 664 362 720 135

342 775 437 834 Delicit
449 774 476 829 in
489 770 594 827 cunctis
608 781 715 833 sensus,
726 764 815 835 lingna
827 760 925 832 ingenii
939 759 990 825 ris,
1102 765 1129 825 Λ

375 843 479 900 Mortaii
491 845 605 896 attentat
621 837 667 908 qui
678 848 776 892 canere
788 846 836 887 ure
848 843 966 912 crucem.

341 916 387 971 ille
398 923 488 968 tamen
505 911 631 965 itabanus
643 905 737 960 doctus
750 902 842 964 Pater,
855 908 973 980 optimus
983 906 1088 965 auctor,

374 984 464 1039 husus
477 982 559 1043 idern,
573 978 648 1031 nario
658 973 786 1030 carminis
797 984 928 1039 auspicio,

342 1054 550 1124 llysteriuinque
561 1047 650 1103 erucis
661 1043 803 1113 laudesque
815 1041 949 1107 decusque
958 1037 1073 1108 peregit,

376 1124 408 1178 Et
418 1122 508 1177 ddcirit
518 1119 625 1175 cunetis
635 1115 715 1170 rehns
725 1114 814 1167 inesse
827 1123 945 1164 crucem.

340 1192 361 1246 ti
373 1192 476 1262 superis
491 1190 576 1253 duxit,
589 1187 729 1256 primoque
744 1186 866 1251 parente,
881 1192 929 1246 per
942 1192 1038 1231 omnes

376 1263 422 1317 iiie
433 1268 571 1315 creaturas
583 1266 663 1324 atque
683 1254 816 1316 elementa
828 1262 947 1302 erucem.

342 1331 501 1401 Oquantum
513 1340 655 1397 aggressus
667 1322 744 1396 dirus
759 1316 894 1397 paletini
906 1316 1056 1395 ,la-lioremll

375 1404 507 1468 Quantum
517 1412 584 1451 onus
594 1391 970 1456 immensunsnmpsnamoro
983 1387 1086 1439 citreis!

340 1470 418 1525 Perri
439 1470 455 1522 ii
469 1470 605 1521 insomnes
615 1470 707 1518 noctes
721 1451 811 1530 (dubio
822 1454 1005 1535 prdcmhegit,

375 1485 516 1595 Utiaudes
527 1542 618 1604 posset
630 1531 787 1585 continuare
800 1539 897 1579 erucis.
1066 1593 1071 1604 ι

341 1608 399 1675 Quo
424 1606 509 1673 magis
523 1605 657 1673 indignor,
685 1598 808 1653 homines
831 1607 937 1662 quoquc
960 1601 1089 1732 tffimporm

642 1704 644 1708 -
996 1676 1055 1730 ujus

380 1747 525 1808 Exsecror‚
538 1740 667 1804 admiror,
683 1734 846 1804 dedoleoque
860 1731 947 1795 leves;

340 1814 399 1871 Non
416 1816 494 1869 modo
508 1812 648 1873 socordes,
665 1806 711 1877 qui
727 1805 883 1871 desidiaque
894 1800 1017 1866 fluentes,

293 1943 296 1955 ,
319 1934 338 1941 ,4,
374 1884 433 1939 Nou
443 1878 523 1954 'digne
538 1876 662 1935 insudarit
675 1872 889 1946 pervigilemque
898 1871 995 1946 cruci:

341 1956 408 2025 Quin
435 1956 515 2011 etiarn
531 1950 650 2018 molant,
677 1954 817 2013 terrerent,
833 1942 1087 2085 'drudoncommacu-

940 2026 973 2064 an
987 2023 1048 2077 que,

375 2097 562 2154 Contemnunt,
577 2093 689 2146 horrent
701 2088 902 2153 dilacerantque
914 2095 1043 2139 crucem:

340 2166 451 2235 insuper
465 2174 492 2219 et
506 2165 617 2234 pedihus
634 2160 738 2216 calcant
749 2156 902 2222 venerabile
915 2155 1032 2225 siguum,
1100 2129 1124 2194 Β

376 2237 409 2289 Et
420 2250 499 2290 crnie
513 2234 633 2303 signatos
646 2230 759 2298 turpiter
771 2225 937 2306 interimunt.

338 2305 411 2372 Quos
427 2320 473 2359 sua
489 2318 569 2375 piena
584 2310 674 2355 manet
688 2299 806 2362 tandem,
820 2310 908 2350 crucis
921 2301 1024 2348 interea
1036 2309 1087 2350 nos

375 2376 441 2429 Cum
456 2375 565 2427 {labano
578 2371 670 2426 laudes
684 2369 825 2423 concinere
840 2380 923 2433 nsque
933 2364 1020 2432 juvat.

337 2444 371 2500 Et
388 2445 500 2499 donnino
515 2450 604 2513 grates
617 2438 774 2501 reseramus,
788 2437 934 2496 hahemus,
956 2447 1084 2504 agamus:

372 2514 422 2580 Qui
436 2527 516 2567 cruce
529 2527 577 2568 nos
587 2510 695 2579 propria
709 2507 806 2561 liberat
820 2515 900 2573 atque
911 2504 983 2558 beat.

338 2584 375 2638 'le
386 2597 502 2663 qnoque,
511 2585 592 2637 chare
603 2580 693 2642 Pater,
705 2577 830 2631 meritum
842 2573 949 2629 Nicolae
960 2582 1088 2641 sequetur

373 2654 540 2723 Condrgnum
555 2668 570 2707 a
586 2650 690 2719 superis
703 2645 923 2712 christicolisque
937 2644 998 2711 piis,

336 2722 388 2790 Qui
401 2725 623 2792 crucesignatum
635 2728 735 2773 restem
746 2717 833 2787 geris:
848 2714 1086 2768 hinccrucisarmn

373 2794 482 2864 iliiigis,
496 2796 635 2854 observas,
654 2786 817 2857 amplificare
832 2784 933 2838 studes.
1032 2851 1038 2862 Ι

338 2862 390 2916 iias
401 2877 506 2933 quoqne
519 2862 658 2916 materiam
672 2873 725 2926 quo
737 2856 848 2925 prodeat
861 2855 991 2922 hocopus
1004 2851 1068 2906 oiim

373 2933 400 2985 ln
414 2934 511 2996 turrem,
527 2941 555 2986 et
569 2933 651 2986 vitam
666 2937 691 2983 te
703 2928 769 2981 duce
783 2925 920 3004 suscipiat.
1064 2991 1071 3002 ι

337 3000 400 3056 Jure
413 3003 491 3072 igitur
509 3001 624 3055 lieruuos
643 3000 739 3060 dictus,
756 2996 819 3066 quia
830 2995 943 3049 crimine
954 2990 988 3045 ab
1000 3006 1073 3047 omui

373 3071 500 3126 inniinnis
519 3072 597 3134 viris,
615 3085 664 3125 nee
679 3067 727 3121 tint
740 3080 821 3136 prava
834 3064 951 3133 placent

339 3139 389 3196 Uri.
400 3160 415 3196 e
428 3142 508 3195 etiarn
524 3142 617 3195 laudes
630 3138 730 3209 quaeris
739 3134 827 3190 crucis
842 3141 922 3201 atque
933 3140 1072 3200 tropeum,

371 3209 543 3279 instituisque
560 3210 637 3263 bonis
652 3207 755 3262 artibus
769 3203 916 3272 ingenium.
1042 3267 1049 3281 .

335 3279 451 3338 Proinde
465 3280 533 3340 raic,
548 3294 597 3334 nos
607 3278 701 3332 umbra
713 3274 802 3329 crucis
816 3269 952 3333 defendat,
974 3277 1001 3323 et
1015 3266 1065 3321 alis

373 3348 507 3417 Suscipiat
520 3347 634 3403 famulos
647 3351 769 3415 protegat
782 3350 863 3409 etque
878 3340 944 3393 suis.

336 3418 371 3473 Et
401 3435 441 3474 nar
455 3429 584 3489 perpetuo
598 3433 662 3473 erus
677 3421 715 3470 esi
732 3410 885 3467 veneranda
897 3410 1004 3473 decore,

371 3437 435 3544 liaeo
447 3502 553 3558 quoque
563 3495 693 3559 perpetuo
707 3498 756 3538 uos
770 3489 886 3535 tueatur.
901 3479 997 3533 Arnen.
1099 3484 1123 3546 c

383 3602 424 3656 riti
437 3599 599 3657 Christianos
613 3599 714 3654 Dorceu
733 3594 797 3667 qoiii
809 3590 998 3647 Tetrastichon.

338 3713 439 3769 Discite
452 3713 487 3766 ah
498 3711 611 3767 infernis
624 3723 702 3764 sacra
715 3721 782 3763 crux
796 3720 863 3775 quos
874 3702 931 3758 sola
940 3702 1064 3767 redemit,

232 3826 234 3830 ,
375 3783 555 3855 Quadignum
569 3781 693 3851 amplecti
704 3778 739 3832 sit
749 3777 849 3847 pietate
863 3788 981 3828 crucem.

338 3852 405 3908 Cum
419 3858 550 3922 nusquam
563 3846 685 3913 affectus,
711 3847 804 3911 labor,
819 3845 1088 3984 ingeniffl'iriiid'ie'

373 3990 431 4059 iiis,
446 4000 477 4046 ut
491 3998 554 4047 sunt
563 3990 617 4046 isto
628 3997 683 4044 taru
696 3990 765 4044 hene
779 3999 874 4055 sparsa
888 3983 967 4037 libro.

303 4106 336 4162 in
352 4103 456 4160 iuedsrn
479 4103 626 4158 carminum
648 4098 770 4163 Roiani,
793 4093 968 4150 Theodericus
985 4092 1089 4148 Gnoss-

530 4187 645 4238 rtunuus,
660 4170 745 4240 ieqnm
759 4168 860 4221 doctor.

337 4265 465 4320 liehanos
482 4263 596 4329 calamo,
611 4261 711 4317 tabulis
724 4259 833 4314 indulsit
844 4255 951 4326 Apelles
964 4270 971 4309 ε

373 4334 499 4404 spirabat
512 4333 642 4404 quidquid
658 4331 746 4401 pinxit
757 4336 872 4397 uterque
886 4342 979 4381 manu.

336 4403 421 4473 liuius
435 4405 504 4459 edax
520 4404 588 4457 rasit
603 4402 708 4457 tabulas
721 4409 896 4469 quascunque
907 4403 1039 4460 vetustas,

371 4475 445 4530 iliius
457 4483 559 4529 eterno
570 4481 692 4543 tempore
703 4471 775 4525 viret
790 4483 869 4537 opus.

336 4544 509 4600 Carminibus
518 4543 600 4597 vitam
613 4543 693 4611 pictae
703 4540 808 4596 debetis
823 4540 897 4593 ideae.

373 4615 455 4670 Linea
470 4615 492 4669 si
505 4622 610 4683 pereat,
625 4612 746 4667 carmina
761 4624 815 4664 uon
827 4614 952 4679 pereunt.

459 4722 538 4778 Aliud
552 4739 656 4776 cannen
674 4721 789 4792 ejusdem
805 4719 840 4773 nti
850 4716 928 4772 idem.

337 4813 538 4870 Admirabiliter
556 4820 676 4867 tornatos
690 4811 791 4891 inspice
803 4823 897 4864 versus
1024 4809 1026 4812 ’
1104 4825 1131 4886 1)

373 4882 489 4944 ilahani,
506 4882 567 4935 licto
579 4881 602 4935 si
616 4881 719 4949 quises
732 4878 847 4947 ingenio.
946 4938 951 4942 ,

337 4952 582 5020 Quoruodocuuque
592 4949 676 5030 legas,
689 4949 775 5003 uritur
790 4963 850 5000 curn
857 4947 977 5002 carmine
984 4960 1088 5012 sensus,

372 5022 439 5076 liant
453 5021 539 5076 servit
552 5019 642 5074 moltis
656 5019 744 5072 littera
759 5026 871 5086 queque
884 5017 981 5072 modis.

337 5092 468 5162 Quodque
493 5091 579 5161 magis
605 5089 705 5143 mirum
725 5097 786 5151 est,
813 5087 931 5141 uulneris
951 5086 1088 5226 ἷξεὺίιαωτ

964 5166 1051 5211 rruao

367 5230 560 5299 Quarqoc‘suis
572 5245 580 5282 :
594 5228 649 5282 rati
660 5228 718 5282 hcc
730 5241 783 5281 non
797 5223 873 5280 labor
884 5223 953 5279 uiins
967 5171 1053 5280 orarit.

292 5350 296 5355 .
338 5301 406 5356 iiam
417 5301 480 5358 licet
491 5299 562 5355 haud
576 5298 649 5352 iaciii
661 5304 784 5352 constent
799 5297 857 5350 herc
869 5295 991 5350 carmina
1003 5294 1071 5364 lege,

374 5370 420 5426 iiia
440 5380 530 5424 taruen
545 5367 617 5423 iaciii
632 5374 728 5422 cuncta
742 5366 843 5421 decore
853 5362 948 5418 iluunt.

303 5501 455 5572 thio'crr'm
471 5497 599 5554 'ioannis
627 5488 769 5551 Goliintr'rii
790 5491 1026 5569 ‘'Heidelberqmtis
1055 5494 1090 5547 nd

338 5568 646 5696 iggiggizsfflsstmt
671 5567 769 5637 hrum*
783 5563 919 5619 Prienam
944 5562 982 5619 ils
1002 5580 1089 5619 uruca

343 5727 374 5785 Si
407 5711 533 5800 nis'jiiifetf'
548 5712 562 5731 '⁹
604 5711 896 5794 ,dhi'hiisfpbr'cittrire
909 5716 1019 5790 cinari,

352 5802 373 5817 “·
399 5800 578 5880 colonnia,
593 5777 668 5863 diti·
702 5787 977 5883 repugnansque

339 5856 695 6003 hostilitati
716 5850 964 5989 raath.enus

340 5932 536 6065 Nouosimiffm'
583 5991 686 6062 ‘iniaha'⁴
740 6011 761 6067 t,
774 5994 832 6057 iton
889 5993 1005 6067 at‘eiim,

375 6075 410 6131 tit
420 6089 508 6146 usque
521 6075 675 6142 tartessus,
688 6087 738 6130 uec
751 6070 907 6138 libodauus,
921 6084 972 6127 noc
984 6072 1067 6137 Arar,

625 654 655 709 a.
674 648 801 707 nunant
821 644 932 704 nsunt
953 642 1111 703 rncnirr.
1132 643 1285 702 ttoonnr.
1307 627 1449 702 ornnuu
1466 642 1556 700 rans
1575 643 1595 698 t.

1873 650 1926 708 tat

1176 756 1355 830 lionllelenai
1365 755 1498 824 iiammas,
1512 772 1564 811 non
1576 754 1690 825 ipielicis
1701 756 1794 813 Elissae

1208 819 1417 895 Peistiepithie
1431 826 1536 886 ruinns,
1551 820 1756 881 Tantaliilumro
1770 830 1872 885 thoros.

1176 894 1234 949 Non
1247 896 1458 950 sonatindoiniti
1475 895 1603 951 leirentia
1617 893 1624 906 ‘
1637 895 1709 950 raelia
1724 898 1834 963 liartis,

1211 963 1266 1018 Nec
1278 965 1372 1044 probat
1385 965 1466 1019 AEaeis
1478 966 1598 1019 carmina
1612 911 1682 1019 isich
1697 968 1782 1021 niudis
1798 985 1803 1020 :

1176 1034 1259 1088 Sacra
1274 1037 1463 1102 triumphantis
1477 1035 1574 1090 cecinit
1588 1036 1634 1089 sed
1648 1035 1774 1102 stigmata
1788 1037 1898 1105 Christi,

1210 1103 1304 1166 iirma,
1323 1104 1420 1171 quihus
1432 1103 1554 1175 Stygium
1567 1105 1631 1158 vicit
1647 1113 1674 1159 et
1691 1106 1746 1174 ipse
1765 1108 1874 1171 ducem,

1175 1171 1240 1239 Qum
1254 1182 1344 1226 sontes
1358 1173 1437 1228 Erebi
1458 1189 1560 1236 titanes,
1577 1173 1744 1242 tenebrisque
1757 1177 1891 1241 nei'audae,

1211 1243 1356 1296 Tartareus
1366 1242 1443 1299 Pluto
1454 1241 1677 1312 Persephoneque
1692 1253 1818 1300 trernuut.

1140 1356 1181 1409 At
1193 1355 1295 1421 Muros,
1310 1366 1336 1409 ttt
1349 1353 1485 1408 iihhcnnni
1499 1371 1594 1407 corono
1605 1369 1636 1407 es
1649 1355 1767 1408 omnihus
1779 1368 1926 1411 cremorem

1174 1425 1310 1494 genedius
1335 1430 1425 1489 obterit
1447 1424 1488 1475 cin
1507 1432 1619 1543 untguc,
1646 1422 1788 1493 eiepiocnm
1810 1426 1928 1494 ejtrndrrn

1174 1494 1285 1548 ioannis
1298 1494 1455 1549 cicinum
1498 1492 1554 1545 eide
1566 1492 1705 1561 bergensis.

1174 1610 1280 1680 Cingite
1291 1608 1411 1677 virginea
1424 1606 1534 1661 iiahano
1548 1612 1667 1673 tempora
1682 1606 1767 1670 lauro,

1210 1677 1368 1741 Castalides‚
1384 1676 1450 1741 vati,
1462 1673 1629 1745 palladiaque
1642 1690 1728 1729 coma.

1175 1749 1232 1804 Non
1249 1748 1354 1802 hedone
1368 1745 1467 1800 virides
1482 1744 1579 1807 desint,
1596 1759 1647 1799 non
1662 1752 1765 1814 myrtea
1776 1744 1854 1812 siira,

1211 1818 1278 1872 Lilia
1292 1816 1452 1872 conveniant
1467 1828 1660 1884 purpureaeque
1672 1830 1749 1869 rosae.

1174 1888 1315 1952 Cinnanis,
1335 1886 1484 1956 serpillum,
1497 1884 1594 1949 buxus,
1607 1883 1925 1953 narcissus,‘aniotnnm,

1210 1957 1294 2022 liius,
1306 1956 1393 2021 viole,
1408 1956 1516 2017 nardus,
1528 1952 1656 2018 balsama,
1665 1954 1790 2025 myrrha,
1807 1955 1924 2028 thymus,

1175 2022 1233 2082 Huc
1246 2028 1397 2082 terebinthe
1410 2027 1502 2089 adeas,
1514 2023 1664 2093 juglandes,
1680 2039 1776 2093 rosque
1791 2027 1905 2094 marine,

1210 2098 1268 2157 iinr
1278 2112 1337 2156 utrm
1350 2097 1466 2171 Spirano
1479 2104 1517 2159 tu,
1528 2094 1681 2165 Cyparisso,
1695 2095 1764 2148 reni.

1172 2170 1277 2228 Nectite
1288 2170 1427 2226 Panchaeis
1437 2165 1566 2239 «quidquid
1577 2170 1720 2233 generatur
1734 2164 1760 2218 iu
1772 2165 1868 2230 ironis,

1208 2242 1340 2311 Quidquid
1353 2242 1452 2295 hahent
1464 2238 1571 2297 Cilices,
1583 2233 1727 2287 idaliumve
1738 2250 1848 2298 nemus,

1171 2311 1307 2382 Quidquid
1322 2312 1460 2382 Erythraea
1474 2305 1572 2377 quant
1586 2303 1661 2371 niger
1670 2304 1750 2362 ludus
1763 2306 1787 2361 in
1800 2306 1842 2378 rig
1851 2325 1869 2371 t,

1207 2382 1333 2437 Pactolus
1346 2379 1474 2451 quidquid
1485 2379 1526 2432 rei
1538 2378 1630 2448 Tagus
1644 2376 1700 2447 ipsc
1714 2379 1795 2432 vehit.

1173 2452 1231 2507 iluc
1244 2453 1325 2506 etiam
1340 2466 1450 2506 croceos
1463 2456 1584 2519 apportet
1599 2448 1709 2501 Tmolus
1720 2447 1827 2512 odores,

1207 2522 1266 2577 iiuc
1276 2531 1330 2577 eta
1351 2537 1394 2574 um
1411 2517 1525 2591 {lybicos
1540 2516 1668 2572 mellifera
1680 2532 1727 2571 ora
1741 2517 1824 2573 faros.

1173 2593 1230 2647 linc
1242 2537 1367 2662 crystassa
1379 2588 1564 2659 lerantgeiido
1577 2589 1610 2642 dc
1626 2588 1726 2641 vertice
1739 2589 1838 2641 'l'hnnri

1207 2661 1330 2731 Gryphes
1344 2660 1518 2730 ilyperborei,
1530 2658 1723 2726 Caucaseaeque
1739 2658 1809 2712 icnu.

1171 2731 1229 2787 iluc
1241 2734 1340 2786 electra
1352 2730 1441 2784 ierant
1455 2730 1523 2782 nirei
1538 2729 1570 2782 iic
1582 2728 1672 2781 littore
1683 2728 1759 2798 cygni

1208 2801 1317 2856 Eridani
1332 2802 1464 2870 iacrymas
1475 2808 1502 2853 et
1513 2798 1745 2853 Phaetontiadum.

1173 2873 1227 2928 iios
1236 2880 1263 2926 et
1277 2869 1477 2940 Hamadryades
1491 2867 1613 2938 Nappaau
1627 2868 1746 2937 germina
1760 2868 1846 2937 campi

1207 2942 1325 3009 Carpite,
1345 2938 1472 2994 cdoriieri
1489 2939 1617 3007 graminis
1627 2952 1707 2992 omne
1719 2953 1812 3008 genus.

1172 3012 1296 3066 Floribus
1308 3011 1418 3065 intextis
1429 3014 1561 3079 pretiosas
1574 3008 1673 3062 nectite
1684 3022 1812 3077 gemmas,

1208 3082 1341 3152 Tempora
1354 3080 1465 3135 Rabauu
1479 3079 1586 3149 cingite,
1604 3077 1733 3133 Pierides.

1372 3190 1549 3246 iicaosiichon
1563 3188 1688 3257 ejusdem.

1145 3271 1149 3276 ’
1173 3282 1263 3338 indole
1273 3283 1397 3337 [hedaiea
1412 3282 1540 3336 ilabanus
1551 3279 1660 3335 ilamiua
1674 3278 1751 3334 durii
1801 3336 1806 3359 ‚

1208 3352 1242 3404 Et
1253 3351 1434 3419 labyrintheo
1445 3351 1488 3403 iiia
1501 3350 1618 3420 regenda
1631 3351 1718 3405 modo.

1173 3418 1217 3476 Sis
1227 3420 1350 3490 quamvis
1365 3419 1484 3474 Theseus
1495 3419 1626 3473 Ariadnes
1639 3419 1748 3474 numine
1761 3421 1857 3484 iretus,

1208 3490 1332 3546 Dardanius
1342 3490 1459 3558 ingenio,
1474 3490 1596 3543 rersihus
1609 3489 1665 3558 ipse
1680 3489 1762 3544 Maro.

1173 3561 1240 3615 hrte
1255 3570 1343 3614 tauron
1356 3559 1428 3612 nulia
1441 3568 1518 3628 potes
1531 3559 1602 3612 hunc
1614 3573 1722 3627 aequarc
1732 3567 1855 3628 poetam,

1210 3628 1297 3684 Tanto
1313 3629 1394 3698 igitur
1407 3631 1462 3682 rati
1477 3628 1561 3697 gloria
1574 3626 1658 3696 maior
1669 3628 1729 3682 erit.

1140 3738 1194 3794 Pro
1216 3739 1293 3793 leode
1314 3739 1436 3792 carminis
1460 3738 1559 3807 operosi
1583 3746 1606 3790 et
1632 3736 1805 3791 insolentioris
1822 3737 1927 3811 Georgii

1273 3807 1390 3863 Sruirni
1406 3808 1600 3878 ii't'mpinensis,
1615 3807 1641 3861 in
1652 3809 1779 3877 opificem.

1174 3900 1280 3966 Quanta
1294 3899 1455 3969 hioguntinae
1471 3899 1574 3954 Rabaui
1587 3900 1694 3954 nomina
1706 3907 1794 3963 tcrrae,

1172 3988 1182 4007 κ
1211 3969 1335 4034 Nomina,
1349 3978 1505 4039 perpetuam
1521 3984 1593 4024 nunc
1610 3970 1732 4024 habitura
1748 3969 1845 4030 iidem!

1175 4038 1306 4111 Corniger
1318 4039 1442 4094 auriferis
1455 4037 1564 4092 Rhenus
1576 4038 1621 4092 ubi
1635 4039 1734 4094 labitur
1746 4039 1834 4106 undis,

1176 4176 1179 4182 .
1212 4110 1245 4163 Et
1256 4111 1323 4164 rada
1339 4109 1486 4167 Teutonico
1501 4108 1592 4163 littore
1605 4109 1683 4180 Belga
1695 4118 1768 4163 secat
1783 4128 1789 4162 :

1176 4179 1234 4234 Dux
1246 4178 1290 4232 hic
1301 4189 1393 4234 noster
1405 4181 1490 4235 honos
1503 4179 1597 4300 (lingat
1610 4181 1711 4248 majora
1725 4181 1856 4250 retnstas)

1210 4248 1352 4317 Germanis
1368 4249 1476 4303 rutilum
1489 4250 1551 4305 nobi
1563 4251 1675 4319 ibusque
1689 4251 1782 4311 decus,

1177 4319 1265 4374 Edidit
1276 4318 1375 4374 indicio
1390 4320 1453 4388 quid
1464 4327 1565 4383 nostra,
1587 4321 1650 4389 quid
1664 4319 1728 4374 itala
1741 4319 1819 4375 telius

1211 4388 1309 4453 Possit,
1328 4390 1362 4442 ad
1377 4388 1512 4444 insolitam
1529 4391 1591 4443 dum
1602 4390 1667 4445 citat
1677 4389 1721 4444 illc
1733 4389 1839 4460 chelyn.

1177 4459 1265 4515 hurea
1276 4457 1332 4528 iam
1345 4458 1439 4514 sileant
1453 4458 1556 4528 Tarpei
1570 4475 1635 4514 sara
1648 4461 1774 4524 tonantis,

1212 4528 1246 4584 Et
1261 4528 1413 4585 Ptolcmaete
1424 4529 1545 4584 machina
1557 4530 1628 4585 dicta
1643 4531 1720 4599 phari
1734 4548 1740 4583 :

1176 4598 1281 4653 Dehinc
1291 4597 1378 4653 Crete
1392 4600 1470 4654 sileat
1482 4607 1510 4652 et
1522 4598 1717 4655 inextricabilis
1731 4615 1821 4664 error,

1213 4669 1277 4733 Qum
1289 4670 1407 4738 potuisse
1423 4670 1513 4725 ierunt
1523 4666 1714 4740 Daedalcasque
1726 4685 1834 4725 inanius.

1178 4737 1227 4793 iiic
1242 4739 1289 4793 tibi
1308 4739 1362 4793 sint
1376 4754 1472 4794 resono
1484 4739 1613 4794 miracula
1629 4739 1723 4807 juncta
1741 4741 1858 4805 theatro,

1213 4807 1349 4878 Pamaquc
1363 4809 1395 4863 de
1408 4809 1519 4864 thermis
1535 4809 1720 4865 concelebrata
1734 4818 1821 4865 retus.

1179 4877 1207 4931 Si
1224 4879 1315 4947 cupies
1326 4877 1448 4949 Smyrna)
1460 4893 1617 4947 suspensam
1631 4882 1719 4934 dicere
1734 4879 1853 4950 molem„

1214 4949 1280 5003 Cum
1293 4964 1397 5003 sessore
1410 4949 1485 5020 gravi
1497 4949 1707 5020 bellerophontis
1722 4962 1833 5020 equum,

1179 5018 1242 5073 Sire
1251 5017 1358 5086 Ephesi,
1369 5033 1416 5072 seu
1426 5020 1465 5071 ris
1473 5019 1582 5075 llirodiae
1596 5021 1749 5076 meminisse
1762 5018 1904 5088 columnae,

1215 5088 1263 5142 Est
1277 5104 1343 5159 opus
1355 5089 1406 5143 huc
1419 5089 1524 5142 cunctis
1536 5092 1625 5145 rarius
1639 5091 1763 5161 ingeniis.

1180 5156 1241 5212 iiim
1252 5159 1326 5212 dedit
1341 5159 1367 5212 in
1382 5173 1508 5212 numeros
1521 5159 1558 5213 iiii
1572 5158 1705 5216 formosus
1719 5160 1835 5229 Apollo:

1215 5226 1282 5280 Nam
1294 5228 1391 5282 cecinit
1401 5227 1492 5282 multis
1505 5229 1549 5282 ris
1564 5229 1694 5284 imitanda
1711 5231 1788 5287 viris.

1180 5295 1277 5350 hudini
1291 5297 1370 5351 liceat
1383 5298 1515 5353 ntirabere
1524 5297 1625 5368 plectra
1639 5301 1784 5356 cothurni:

1214 5366 1344 5435 ignorare
1358 5375 1434 5435 potes
1446 5367 1532 5434 miuus
1544 5376 1572 5423 et
1582 5369 1672 5425 iliade.

1178 5435 1314 5491 hccedanr
1327 5435 1434 5500 Thebc,
1449 5437 1624 5495 ciriiiabusta
1638 5436 1707 5496 Phili
1728 5440 1766 5510 pi,

1204 5503 1338 5586 ΙᾺὴᾑίῐκιΙ,
1350 5514 1382 5558 'et
1397 5507 1552 5563 cultae'iaus
1565 5456 1789 5580 Venusinaiprae.
1886 5568 1889 5573 ,

1178 5574 1220 5627 liii
1233 5584 1295 5640 erit,
1308 5577 1341 5628 ad
1354 5583 1474 5630 nostram
1486 5593 1652 5649 quaecunque
1665 5581 1760 5636 tulisse
1768 5567 1933 5649 morian,

1209 5645 1369 5700 ¹Concedunt
1382 5647 1435 5701 iilis
1448 5648 1553 5720 singula
1564 5651 1735 5720 imaginibus.

1372 5755 1698 5826 ujmteinturastetton.

1177 5853 1295 5907 Debetur
1305 5862 1398 5909 nostro
1409 5853 1469 5911 laus
1479 5857 1537 5913 haec
1547 5859 1675 5929 primaria
1687 5859 1754 5924 rati,

1206 5922 1284 5978 'iitiic
1296 5922 1469 5986 Christicolis
1479 5930 1555 5995 quod
1566 5928 1694 5998 patefecit
1702 5940 1771 6002 opus
1786 5969 1793 5983 .

1177 5993 1308 6117 Ειέῇηιίι
1321 6004 1403 6074 roseo
1412 5997 1517 6051 cunctis
1530 5998 1681 6055 'veneranda
1693 6007 1792 6057 cruore

1234 6076 1409 6134 quaerum,
1424 6066 1521 6123 summi
1535 6067 1714 6141 militiamque
1727 6069 1793 6135 tici,
