4509 6850
607 629 790 689 (ἶΟΆΙΜΕΝΤ.ι
801 631 834 685 ΙΝ
854 630 1070 686 ttt'rTitAEutt.
1090 662 1125 672 -
1137 632 1208 687 titt.
1227 631 1249 688 i,
1685 633 1742 688 'ite

213 745 282 802 dunt
307 744 436 798 lsitorenr.
463 744 496 798 Et
519 760 570 797 nun
595 745 703 807 mirum,
731 759 792 798 cum
817 747 902 813 nangis
916 749 939 806 Α
954 744 980 798 in
1007 745 1064 812 ipso
1093 744 1235 814 Evangelio
1253 745 1303 799 sair
1326 742 1435 799 rrotuine
1460 742 1577 800 llattiraei
1603 745 1736 808 titulatum

216 835 272 892 sint
288 833 375 888 aliena
398 835 528 897 lacerare,
545 850 625 903 apuam
642 834 748 905 propris
768 824 900 903 'opuscula
953 834 1057 902 regern
1084 833 1210 897 aiterum,
1237 849 1317 904 quem
1341 834 1405 890 iruic
1425 834 1501 903 operi
1527 838 1737 904 praeponendum

212 939 242 981 e.
257 922 376 991 Qtorum
391 923 453 990 qtria
477 938 556 976 tremo
580 932 668 990 potest
689 923 850 977 calumniam
875 933 901 976 et
952 922 1186 976 rrrtritcrcnudidi.
1210 923 1283 988 Quos
1308 923 1400 990 ntirpm
1424 922 1571 987 coloribus,
1593 939 1626 976 ee
1647 925 1740 980 condr-

213 1027 340 1070 auersus
358 1014 498 1077 deuitare,
516 1014 565 1065 nisi
580 1015 624 1081 qui
637 1014 746 1067 ortrrrino
759 1012 824 1066 niiail
835 1013 902 1066 scri·
951 1012 1053 1065 sionem
1073 1010 1167 1064 lectori
1181 1009 1310 1073 iacerent,
1323 1012 1487 1082 distinguere
1501 1012 1604 1075 curari,
1619 1013 1736 1081 priorem

213 1104 271 1176 agis
283 1103 353 1172 eligo
366 1118 462 1155 sartam
481 1103 561 1155 surda
577 1118 642 1155 anre
655 1103 819 1172 prrrtransirc
836 1118 902 1170 qne-
952 1111 1112 1164 atramentn‚
1125 1101 1239 1154 alterurn
1256 1102 1340 1154 rninin
1355 1104 1538 1156 rorrsrriirens.
1553 1103 1627 1156 iilum
1642 1117 1737 1171 nempe

214 1207 372 1262 mquam
394 1192 482 1245 otiose
507 1201 615 1260 torpens
640 1192 739 1246 Cirristi
767 1192 901 1262 negligere
951 1192 1211 1261 nithocpnnensut
1227 1192 1249 1246 si
1269 1193 1413 1261 qrrislorte
1429 1194 1600 1264 i·,sangciirnn
1624 1194 1736 1264 legens,

213 1297 239 1348 ι,
253 1281 297 1338 etl
319 1280 367 1335 soii
391 1279 496 1349 placere
516 1288 649 1349 optantes
664 1295 747 1334 rarius
763 1281 900 1334 intrrdnum
952 1281 1085 1335 inverterit
1098 1283 1259 1336 sententiam
1273 1280 1349 1348 errius
1360 1282 1515 1350 allegoriam
1527 1285 1655 1352 ignorans
1667 1284 1737 1337 seire

213 1371 292 1430 edes
305 1371 380 1428 nitidi
407 1367 540 1424 ducimus.
561 1371 719 1440 Aggrcgatis
742 1371 823 1441 igitur
838 1371 900 1424 irinc
951 1371 1098 1430 desideret.
1112 1379 1187 1426 nomi
1200 1372 1344 1440 carduilum
1360 1374 1431 1441 qrrod
1452 1374 1478 1426 iu
1495 1376 1615 1443 margine
1633 1376 1737 1443 gragirne

213 1460 380 1534 dignissimis
394 1474 478 1514 sacrae
492 1458 615 1513 lectionis
638 1468 719 1528 stipite
737 1460 902 1530 dignissimis
951 1462 1036 1516 eidem
1053 1462 1191 1516 mittentia
1204 1464 1389 1533 prescriptum
1413 1472 1464 1526 est,
1487 1473 1514 1517 ct
1537 1464 1628 1517 statim
1644 1478 1737 1516 recur-

214 1553 282 1620 itus,
308 1550 373 1621 quid
387 1551 416 1603 in
428 1549 564 1618 opusculis
578 1550 636 1604 suis
649 1550 678 1603 in
689 1550 759 1606 beati
784 1550 900 1604 liattiaaei
952 1566 1014 1607 rens
1028 1553 1061 1606 ad
1077 1561 1231 1616 tractatum,
1255 1553 1376 1608 resolvat
1400 1553 1512 1616 iiirrum,
1536 1564 1564 1607 et
1582 1563 1686 1623 errarat
1701 1554 1737 1608 iiri

215 1641 362 1705 mserint,
377 1641 441 1711 qrrid
454 1641 583 1705 dixerim,
596 1640 752 1710 diligentins
768 1642 901 1711 inspicere
951 1643 1038 1711 ipsum
1051 1642 1196 1711 capitulum
1210 1643 1283 1711 qnod
1295 1654 1358 1698 ante
1373 1645 1398 1697 in
1423 1644 1567 1712 Erarrgeiio
1585 1643 1711 1698 adnotari
1728 1683 1737 1707 ,

217 1717 402 1804 austrenum
417 1731 477 1785 dieo
489 1738 570 1799 etque
584 1731 736 1794 Eusebium,
749 1731 898 1797 iiiiariunt,
951 1725 1030 1786 etsie
1045 1733 1104 1786 sine
1121 1731 1176 1785 ulia
1190 1748 1266 1786 tustra
1280 1734 1398 1786 inveniet
1415 1734 1488 1802 quod
1503 1733 1674 1788 desiderarit.
1692 1731 1739 1786 Se-

214 1823 294 1889 m,
308 1822 511 1893 Hieronymum,
519 1822 707 1891 Augustinmn,
721 1823 900 1893 Frigeridum,
951 1839 1036 1893 quens
1048 1838 1114 1879 reru
1127 1824 1305 1893 mpiutlomm
1316 1825 1392 1888 orde,
1414 1824 1462 1892 qud
1473 1824 1556 1878 aninlo
1575 1825 1689 1893 sparsim
1710 1824 1737 1876 in

214 1927 300 1977 eun,
327 1911 566 1976 i'orturtatiantrru,
588 1913 736 1978 Oresium,
761 1913 899 1979 Lentem,
951 1917 1086 1972 aralurrtine
1100 1917 1269 1986 conscriptus
1290 1925 1341 1980 est,
1365 1918 1399 1971 ad
1421 1916 1654 1985 superliminarem
1666 1914 1739 1984 pagi-

214 2007 272 2062 hu
284 2005 484 2062 Nazianzenunt
499 2046 507 2069 ,
521 2007 682 2075 Gregoriure
693 2021 790 2075 papam
804 2007 901 2064 ilonea·
952 2023 1015 2064 narn
1039 2007 1202 2077 respondet,
1218 2021 1298 2077 qtram
1317 2008 1343 2060 in
1368 2007 1455 2076 eapite
1474 2005 1555 2074 inuitas
1570 2006 1678 2076 operis,
1704 2003 1740 2058 olt

214 2115 380 2170 auremque
390 2099 658 2170 chrysostomumet
669 2110 782 2156 caeteros
793 2101 897 2168 Patres,
913 2109 935 2167 Β
949 2097 1137 2165 conpendium
1162 2097 1299 2165 qrtaerendi
1314 2105 1341 2150 ct
1352 2097 1492 2152 corrituoie
1510 2095 1681 2157 invenienti,
1698 2095 1738 2148 di-

214 2189 338 2243 ruostine
352 2189 449 2256 scripte
468 2197 528 2241 sunt
541 2188 568 2240 in
583 2186 649 2240 libro
663 2189 721 2241 cine
745 2186 827 2258 (Pieri.
850 2191 897 2258 rr).
950 2189 1065 2260 iigenter
1088 2187 1182 2241 lectori
1205 2201 1266 2240 eunt
1295 2185 1408 2253 singulis
1436 2185 1563 2254 capitulis
1586 2184 1737 2240 distinctim

237 2291 302 2350 crgo
319 2279 427 2334 lectioni
451 2279 591 2343 intentus,
607 2287 737 2349 quantum
756 2281 821 2334 milti
844 2294 900 2350 prae
949 2281 1106 2335 ordinantes
1129 2277 1347 2349 proposuimus,
1374 2283 1404 2330 ut
1428 2291 1488 2344 quae
1516 2275 1570 2331 iilic
1589 2285 1736 2346 perarmato

214 2370 261 2426 tels
282 2371 439 2425 monasticae
460 2371 599 2426 servitutis
626 2372 783 2427 retinaculis
801 2372 896 2436 licuit,
950 2381 1022 2437 sunt,
1045 2385 1140 2425 eorem
1167 2369 1266 2424 indicio
1284 2369 1311 2422 in
1327 2369 1396 2422 libro
1409 2367 1565 2436 emiseripta
1585 2365 1755 2436 reperiare·

228 2461 396 2516 nutrimento
418 2462 601 2530 parvulorum,
625 2464 697 2531 quod
713 2479 767 2518 non
787 2480 898 2534 parvam
950 2462 1045 2520 mnan
1060 2475 1126 2520 rere
1140 2460 1173 2515 ed
1186 2460 1329 2514 utilitatem
1344 2457 1460 2512 iratruru
1473 2467 1499 2512 et
1514 2457 1548 2512 ad
1564 2456 1740 2511 cornmodita-

214 2553 301 2625 egerit
316 2551 465 2609 molestiam
478 2563 505 2607 et
519 2552 644 2609 lectionis
663 2553 728 2610 lacit
747 2555 873 2626 iniuriam
892 2596 898 2621 ,
950 2563 1003 2610 wan
1018 2553 1271 2624 legentirtmparare
1286 2548 1440 2618 sategimus.
1456 2554 1580 2615 optantes
1594 2554 1624 2630 nt
1636 2546 1668 2600 ad
1683 2544 1740 2614 pin·

214 2643 249 2700 dai
260 2643 377 2700 mentor
398 2645 492 2709 sirmii,
515 2654 543 2699 et
568 2647 689 2701 noerius
705 2687 712 2711 ,
730 2656 758 2703 et
773 2647 900 2704 librarius
950 2645 1079 2699 rimorum
1092 2641 1249 2711 perveniant
1269 2637 1430 2707 proiectum,
1443 2635 1472 2692 Si
1487 2635 1548 2704 ortis
1560 2633 1630 2690 litate
1650 2634 1739 2702 dcsgd-

218 2751 243 2801 ι,
257 2733 285 2790 ἱιι
300 2735 435 2790 schedulis
448 2751 479 2789 ea
491 2737 619 2792 ntandare
632 2738 725 2792 curari
739 2753 799 2808 quoe
811 2739 846 2794 ab
859 2740 900 2795 eis
950 2736 987 2790 eit
1001 2735 1071 2789 hirtae
1087 2729 1206 2785 laborem
1225 2736 1346 2784 uestrum
1368 2726 1445 2794 quasi
1468 2722 1629 2794 superfluum
1644 2762 1651 2786 s
1675 2736 1738 2776 (¹¹¹¹ss

215 2839 230 2880 ι
252 2834 326 2890 eunt,
344 2825 386 2880 rel
406 2826 471 2894 ipsis
490 2842 583 2880 corum
606 2827 737 2897 syllabis,
764 2829 804 2883 rei
826 2838 899 2886 certe
950 2826 1026 2883 multi
1051 2823 1157 2895 plenius
1174 2830 1201 2874 et
1220 2818 1366 2890 perfectius
1383 2817 1417 2870 de
1437 2817 1531 2870 iisdem
1547 2813 1628 2872 rebus
1641 2820 1738 2865 traria·

215 2915 329 2974 minerii
342 2932 423 2971 causa
437 2918 617 2972 sermonibus.
633 2917 752 2984 Quorum
775 2919 900 2974 vilelicet
949 2917 1047 2980 verint,
1060 2914 1132 2988 ligat
1146 2927 1179 2968 ea
1202 2927 1263 2982 quae
1276 2910 1326 2964 silai
1337 2906 1459 2980 degerit,
1484 2904 1667 2973 ¹i⁰l¹ffi¹¹¹¹¹ii¹¹⁰
1688 2903 1737 2956 (Μ’

215 3019 331 3062 musena
356 3017 415 3061 erat
430 3007 558 3062 vocabula
587 3008 749 3064 interserere
772 3024 821 3079 per
843 3010 898 3063 sitr-
949 3017 1054 3066 etorum
1068 3003 1244 3077 amplissimis
1257 3002 1393 3057 relicimur
1403 3000 1497 3063 renis,
1509 3008 1536 3052 ct
1550 2998 1667 3052 dimitett
1680 2995 1737 3048 itae

216 3096 303 3167 tquid
325 3112 340 3150 a
360 3113 414 3167 quo
435 3105 545 3152 auctore
564 3098 600 3151 sit
614 3098 714 3153 diruam
738 3099 898 3154 nondttmiur
949 3111 1052 3166 nostra,
1068 3099 1132 3155 iicet
1154 3095 1335 3169 paupercula,
1350 3094 1403 3149 illis
1427 3093 1473 3163 qui
1488 3089 1668 3161 perlectorum
1684 3101 1737 3139 non

215 3203 263 3255 tre,
278 3193 449 3246 eomtnmmm
463 3193 527 3248 duri
546 3193 652 3247 eminus
667 3209 682 3247 e
699 3192 783 3249 latere
797 3196 898 3265 primas
948 3200 1061 3263 possunt
1076 3205 1173 3261 capere
1186 3189 1296 3255 clitum,
1318 3201 1434 3257 quorum
1451 3201 1504 3240 raon
1518 3190 1613 3238 t-entcr
1632 3179 1738 3250 pingui·

215 3296 249 3337 nrt
264 3281 370 3337 litteras
387 3282 564 3352 imprimere,
584 3298 685 3352 perque
707 3285 757 3338 iras
775 3285 897 3349 viritim,
949 3286 999 3341 iaus
1012 3283 1130 3354 repletus
1142 3283 1284 3338 hortorum
1295 3279 1399 3336 fastidit
1410 3278 1493 3342 olera,
1507 3276 1555 3332 sed
1572 3273 1736 3346 leguminum

215 3385 298 3444 esque
308 3371 418 3427 Patrem
431 3372 551 3443 incipiat,
562 3374 606 3428 ulti
618 3388 708 3429 serron
717 3389 796 3443 qttcm
810 3384 897 3431 trans-
949 3375 1081 3433 assuescit
1095 3374 1236 3431 comedere
1250 3371 1354 3429 olitaria
1370 3389 1376 3425 :
1391 3370 1459 3426 sciat
1472 3377 1560 3422 tarraen
1572 3380 1665 3419 rerum
1678 3377 1738 3418 esse

215 3464 298 3531 tinet,
315 3466 459 3530 intimare,
481 3465 613 3520 mliieitus
626 3481 674 3534 per
685 3467 776 3523 orrruia
791 3482 825 3522 ue
840 3457 934 3521 rna-C
951 3467 1014 3525 idud
1035 3466 1118 3538 vulgo
1139 3464 1335 3537 proverbium,
1356 3463 1429 3533 quod
1455 3460 1545 3516 utilior
1570 3467 1613 3515 est
1634 3457 1737 3511 sitienti

215 3554 280 3617 litte
293 3555 378 3611 iurari
388 3563 415 3611 et
426 3557 484 3611 iaaec
498 3557 575 3626 quasi
591 3572 650 3611 teca
664 3558 772 3628 propria
786 3573 897 3627 compo-
948 3561 1045 3627 [mnus
1059 3571 1134 3626 purte
1147 3572 1224 3626 aquae
1236 3556 1369 3619 ernustus,
1389 3568 1469 3623 quarn
1489 3548 1631 3631 nauseanti
1642 3547 1737 3619 largis-

215 3644 290 3705 letr.
312 3644 478 3716 llultunrque
493 3649 608 3705 obscero
632 3655 659 3702 et
686 3663 735 3717 per
755 3647 896 3703 Dorninum
947 3649 1016 3704 sina
1030 3648 1131 3703 cnrrditi
1147 3648 1200 3701 riui
1216 3646 1322 3717 poeula.
1338 3646 1376 3700 lie
1391 3654 1489 3700 caetero
1504 3657 1610 3713 quoqne
1624 3641 1737 3696 oltsemo

216 3736 362 3793 sebtestor
375 3747 404 3791 ut
417 3738 439 3792 si
457 3738 502 3806 qui
525 3736 596 3791 lorte
611 3744 703 3791 nestra
728 3737 804 3801 laec,
831 3752 898 3806 qua·
947 3741 1149 3797 uenerationem
1171 3749 1264 3805 tuam,
1289 3738 1439 3793 aratistitum
1470 3735 1645 3796 charissime,
1665 3743 1694 3786 nt
1713 3732 1737 3787 si

216 3842 253 3885 ιο
264 3828 329 3894 stat,
346 3830 474 3901 opuscula
492 3829 700 3898 transcriptione
713 3829 799 3901 digna-
809 3829 896 3883 dexe-
947 3845 1066 3899 presens
1079 3844 1148 3899 opus
1159 3829 1270 3901 dignum
1285 3828 1378 3883 habitu
1399 3827 1503 3890 drreas,
1528 3823 1562 3879 ab
1581 3825 1633 3879 itoe
1645 3836 1738 3876 exem-

216 3929 337 3979 mnu
348 3937 455 3991 quoque
469 3922 608 3976 nominum
622 3923 709 3993 signa,
721 3930 751 3975 ut
762 3922 790 3974 in
804 3929 897 3975 nostro
945 3921 1014 3991 pieri
1027 3961 1035 3985 ,
1049 3919 1119 3990 qttod
1136 3919 1184 3975 tilti
1199 3919 1346 3984 transmisi,
1357 3916 1512 3981 ,rescribere
1532 3914 1597 3968 iilud
1616 3912 1713 3984 jarbeas
1727 3951 1734 3973 ,

216 4010 255 4066 tri
277 4012 440 4082 reperiunt,
466 4011 575 4082 affigere
598 4011 780 4067 meminerint.
796 4009 898 4065 Pretur
946 4020 974 4066 et
989 4011 1149 4091 rescriptum
1167 4009 1322 4080 diligentius
1345 4007 1483 4075 requirere
1503 4002 1599 4066 iacias,
1616 4017 1649 4056 ue
1663 3999 1737 4055 Scri·

216 4116 294 4175 teque
316 4105 464 4171 nonnulla,
481 4113 511 4159 ut
525 4103 583 4159 sine
595 4105 707 4160 laesione
721 4104 835 4158 aliorum
856 4103 896 4158 di·
945 4101 1032 4172 pteris
1043 4101 1138 4155 sitium
1150 4099 1290 4156 dictatoris
1315 4097 1488 4166 dereputetur
1501 4093 1599 4156 errori,
1613 4091 1661 4146 sed
1674 4104 1734 4143 ma-

216 4208 255 4251 en
269 4195 336 4251 milri
358 4205 452 4251 auctor
475 4195 543 4252 lucis
566 4196 673 4267 aperire
696 4196 894 4265 dignatusest,
946 4193 986 4262 gis
1004 4192 1049 4261 qui
1074 4189 1210 4255 seminat,
1237 4187 1317 4244 simui
1344 4187 1481 4259 gaudeat,
1512 4192 1541 4239 et
1573 4183 1618 4253 qui
1659 4181 1738 4235 metit

222 4285 329 4343 sudoris
347 4286 445 4343 indicia
465 4302 515 4357 per
539 4295 617 4342 notas
634 4285 757 4341 vocabuli
776 4286 897 4356 agnomi·
946 4280 1114 4353 (loen-wi,
1130 4279 1302 4351 leuatumque
1316 4278 1417 4349 pariter
1431 4284 1595 4347 congregent
1608 4274 1637 4329 in
1651 4272 1735 4327 vitam

228 4378 292 4446 net,
306 4380 351 4435 ulti
368 4388 549 4451 opportunum
580 4380 735 4443 ridebatur,
754 4379 895 4446 adnexrri,
945 4381 1085 4427 acernam.

216 4482 326 4540 neopus
341 4470 367 4524 in
381 4469 465 4524 libros
486 4479 548 4525 octo
562 4469 683 4533 distinxi,
700 4469 765 4524 iiind
779 4469 896 4524 ursxime
980 4465 1109 4522 Orontem
1128 4479 1178 4535 pro
1191 4465 1270 4520 trohis
1282 4471 1402 4519 sanctam
1413 4459 1604 4531 paternitatem
1615 4464 1736 4511 uestram

216 4559 430 4628 rut,ubieuuque
442 4560 528 4627 potui,
541 4568 571 4614 ut
584 4560 628 4614 nbi
650 4559 814 4630 evangelista
839 4573 896 4612 ser·
945 4557 1032 4629 gratia
1044 4555 1334 4628 superni-Protectoris
1349 4566 1510 4609 cotaserrare
1532 4559 1613 4620 atque
1631 4547 1665 4601 ad
1690 4546 1737 4600 dc-

227 4650 334 4707 iiomini
348 4659 549 4706 eonsummatos
562 4666 622 4706 esse
636 4652 791 4717 referebat,
809 4650 846 4706 liti
867 4651 897 4703 li·
945 4649 1101 4705 tensionem·
1109 4647 1237 4704 Ecclesiae
1249 4662 1304 4702 suae
1321 4653 1421 4701 sancte
1433 4658 1541 4715 semper
1557 4639 1737 4699 corroborare

217 4730 364 4797 tornines
378 4741 581 4795 constituerem.
605 4740 729 4811 Disposui
754 4741 834 4796 etiam
849 4755 898 4809 per
947 4745 1084 4815 dignetur.

217 4832 278 4889 eres
288 4832 356 4888 duos
370 4833 479 4887 ordines
492 4833 670 4901 capitulorum
685 4852 692 4887 ε
711 4849 803 4897 unum,
814 4847 894 4902 quem
909 4815 933 4873 D

217 4949 367 5016 amanum,
391 4955 420 5003 ut
444 4949 528 5003 moris
542 4957 583 5003 est
597 4949 693 5013 nostri,
707 4949 788 5018 capiti
798 4948 896 5017 crriqrre
915 4959 992 4999 suurn
1005 4941 1210 5015 praeposuimus.
1226 4939 1304 4995 Eorr.

821 5188 1021 5251 incipiunt

244 5346 251 5363 ’
353 5359 870 5475 commentitum
911 5356 983 5470 IN
1027 5348 1478 5466 MATTHAEUM.

761 5557 1048 5574 *¹—

731 5635 877 5711 tinuit
915 5631 1122 5709 Pitttttts'.

803 5774 1037 5790 -ffl

393 5832 600 5890 euoOEtnun.
946 5830 1071 5885 intimare
1091 5842 1173 5899 quant
1194 5826 1230 5882 ob
1244 5839 1353 5882 eausam
1377 5825 1447 5879 idem
1463 5823 1631 5893 evangelista
1648 5821 1735 5891 ipsum

218 5920 342 5981 titionem
375 5926 526 5995 scripturus
556 5927 583 5980 in
613 5925 787 5995 Evangeiinm
820 5924 893 5979 beati
946 5924 1246 5993 Evangelinmerersus
1263 5920 1299 5975 sit
1317 5918 1446 5981 scribere,
1470 5925 1498 5972 et
1518 5915 1690 5986 qneiingna,
1708 5919 1739 5970 et

218 6014 233 6083 i,
245 6025 426 6088 opportunum
449 6033 508 6072 csse
528 6016 658 6086 judicari,
672 6018 765 6086 paucis
777 6017 893 6086 primum
946 6030 999 6084 qrro
1012 6014 1117 6078 ordine,
1133 6021 1164 6067 ut
1174 6012 1212 6067 ilii
1222 6012 1267 6083 qui
1281 6009 1474 6082 aggrediuntur
1488 6008 1540 6064 lroe
1552 6023 1619 6078 opus
1632 6005 1733 6076 tenen,
