4509 6850
317 646 369 700 batt

794 638 971 696 conabar.
992 638 1027 695 tu
1047 634 1266 694 MATTHAEUM.
1285 664 1321 677 -
1337 635 1402 691 Lili.
1421 635 1464 692 ltl.
1526 657 1530 666 ·

1898 644 1950 700 870

316 758 388 827 bicgo
410 754 548 808 scien-lum
570 763 611 806 est
628 750 698 821 quod
716 749 794 802 rerba
816 751 967 804 daemonum
990 762 1051 818 qnae
1066 747 1109 802 ‘di-
1123 751 1149 810 Α
1162 744 1337 800 nibilominus
1351 757 1381 799 se
1399 744 1503 813 putarit
1517 743 1658 814 praeseutia
1671 748 1789 815 gravari.
1805 749 1875 813 ohta
1889 755 1953 807 rrribi

314 862 393 902 nerse
406 847 440 899 ab
452 843 623 915 evangelistis
635 843 687 898 boe
697 843 724 897 iu
738 842 798 897 loeo
811 843 882 897 dicta
895 849 973 906 sunt,
989 855 1042 894 non
1057 839 1107 893 ba·

313 940 377 993 beat
392 933 493 1004 aliquid
512 933 647 1003 scrupuli,
662 947 723 987 cum
737 931 781 985 rel
797 931 831 985 ad
848 946 928 984 onam
945 929 1049 998 possint
1062 942 1106 982 re-

312 1027 366 1097 digi
379 1025 551 1088 sententiam,
564 1023 606 1078 rel
617 1022 707 1077 omnia
718 1022 790 1077 dicta
801 1022 905 1092 possint
918 1018 1039 1090 intelligi.
1052 1017 1107 1073 Nec

312 1117 376 1187 quia
399 1116 540 1187 pluraliter
561 1114 631 1184 apud
656 1114 819 1178 llatthaeum,
841 1113 911 1183 apud
934 1113 994 1167 illos
1015 1121 1104 1167 autem

312 1209 487 1280 singulariter
500 1207 628 1277 loquitur,
651 1221 713 1260 cum
732 1214 760 1260 et
777 1204 828 1273 ipsi
851 1209 963 1257 rrarraut
977 1202 1049 1271 qnod
1065 1202 1106 1257 in-

311 1310 463 1373 terrogatus
477 1301 523 1369 qui
537 1304 691 1362 uocaretur,
714 1295 847 1366 legionem
866 1308 895 1348 se
915 1308 975 1348 esse
995 1308 1106 1362 respon-

312 1394 363 1459 dit,
375 1408 409 1448 eo
429 1393 501 1462 qaod
521 1390 605 1445 multa
618 1396 709 1443 essem
721 1386 862 1442 daemonia.
878 1384 933 1440 lieo
951 1385 1021 1455 qnod
1036 1384 1105 1438 llar-

311 1500 361 1539 cus
382 1483 450 1539 dixit
472 1482 546 1538 eirca
570 1488 689 1533 montem
713 1476 795 1531 luisse
816 1490 924 1546 gregem
948 1489 1103 1544 porcorum,

311 1575 399 1630 Lucas
410 1584 507 1646 ¹autem
530 1573 558 1627 in
579 1579 685 1635 monte,
702 1567 848 1639 quidquam
871 1576 1002 1637 repugnat
1016 1584 1023 1620 :
1038 1580 1104 1636 grex

310 1665 383 1720 enim
397 1680 541 1734 porcomm
560 1673 614 1717 tam
628 1675 740 1731 magnus
752 1659 811 1723 luit,
826 1668 857 1713 nt
871 1658 952 1728 aliqui
968 1665 1061 1712 essent
1076 1657 1103 1710 in

311 1765 415 1822 monte¹
426 1755 470 1809 alii
483 1754 527 1824 qui
543 1754 615 1808 circa
630 1759 758 1807 montena.
771 1735 856 1804 lirant
870 1748 942 1804 enim
953 1748 1007 1803 duo
1020 1747 1102 1802 millia

310 1864 463 1918 percorum,
478 1848 547 1902 sicut
561 1847 667 1901 llareus
678 1846 811 1914 expressit

346 1939 381 1992 lje
404 1940 440 1992 ait
461 1938 548 2004 Jestts,
573 1937 623 1991 lte.
646 1934 780 2008 illierorr.)
804 1933 866 1988 ideo
887 1932 1011 2003 permisit
1030 1933 1101 2002 quod

307 2031 437 2099 petebant
453 2030 630 2092 damonum,
650 2036 681 2082 ut
700 2041 749 2096 per
769 2023 983 2081 interiectionem
1005 2013 1102 2094 poteo-

1160 847 1186 891 ct
1204 837 1268 900 tibi,
1295 836 1396 905 inquit,
1418 835 1458 890 eir
1478 835 1547 890 Dei?
1566 836 1696 907 ingressas
1713 854 1740 891 cs
1759 838 1794 891 ad
1817 856 1856 894 nte
1871 854 1897 895 at
1913 861 1954 898 rr-

1159 935 1368 980 memorarentur
1394 926 1545 997 iniquitates
1569 943 1633 981 nicee
1658 938 1681 982 et
1708 930 1838 984 occideres
1866 932 1952 1000 filicem

1158 1031 1244 1070 mcum
1254 1015 1267 1068 ‚⁹
1277 1014 1337 1087 (tlt
1348 1014 1412 1087 lieg.
1424 1016 1503 1085 xrrr.)
1515 1015 1625 1087 llystice
1639 1026 1728 1072 autem
1740 1019 1811 1088 quod
1822 1018 1952 1076 Geraseni

1158 1106 1291 1177 prodeunt
1302 1107 1395 1162 ridere
1409 1099 1481 1176 quod
1495 1106 1594 1163 lactum
1608 1118 1660 1173 est,
1674 1110 1854 1166 etinveniunt
1868 1113 1955 1169 homi·

1158 1213 1219 1252 nem
1233 1198 1376 1263 restitum,
1398 1209 1426 1253 et
1445 1205 1535 1253 mente
1554 1213 1617 1252 sana
1634 1200 1729 1254 seriem
1743 1201 1776 1256 ad
1790 1202 1872 1271 pedes
1888 1202 1952 1259 lesu

1158 1287 1200 1360 (ut
1213 1288 1300 1344 ereas
1314 1288 1400 1359 dicit),
1414 1299 1442 1345 et
1456 1299 1649 1361 cognoscentes
1662 1291 1726 1361 quid
1747 1292 1848 1348 lactum
1862 1295 1898 1349 sit
1911 1311 1953 1350 ro·

1157 1389 1222 1448 gant
1232 1377 1324 1435 iesum
1347 1390 1378 1434 nt
1391 1379 1425 1434 ab
1438 1382 1478 1435 eis
1493 1380 1643 1436 discederet
1665 1397 1762 1453 magno
1776 1384 1873 1441 timore
1894 1400 1953 1457 per·

1157 1469 1235 1533 culsi,
1250 1469 1384 1539 significat
1406 1469 1605 1524 multitudinem
1623 1478 1754 1527 retrrstam
1777 1488 1824 1528 sua
1840 1474 1895 1530 rita
1907 1476 1972 1532 de.

1157 1559 1282 1613 lectatam
1294 1560 1430 1615 bonorare
1440 1561 1614 1631 qrrirlenr‚sed
1624 1561 1695 1617 nolle
1704 1563 1760 1631 pati
1768 1562 1951 1620 Christianam

1157 1645 1260 1717 legem,
1275 1647 1339 1702 dom
1358 1649 1452 1704 dicunt
1465 1650 1537 1719 quod
1555 1666 1614 1706 cam
1629 1651 1742 1721 impiere
1756 1668 1809 1706 non
1827 1662 1950 1723 possunt,

1156 1734 1324 1791 admirantes
1346 1744 1435 1792 taurea
1458 1737 1564 1792 fidelem
1585 1739 1743 1810 populuma
1767 1741 1878 1810 pristina
1893 1757 1951 1812 per-

1141 1825 1212 1880 -dita
1225 1828 1432 1882 conuersatione
1446 1837 1582 1884 sanatum.

1462 1961 1576 2016 CAPUT
1595 1962 1639 2016 tlt.

1157 2052 1242 2110 Sanat
1256 2053 1333 2108 Jesas
1348 2055 1424 2124 paral
1453 2055 1533 2116 irunt,
1552 2054 1723 2109 mulieraria
1741 2057 1868 2125 profiteria
1887 2075 1950 2111 san·

309 2138 368 2177 rum
396 2122 551 2176 bominibus
581 2120 675 2177 salutis
697 2119 805 2174 occasio
830 2119 1006 2188 preberetur.
1032 2114 1141 2174 Ero-li
1188 2123 1285 2203 guinis.
1305 2122 1385 2177 Vocet
1430 2124 1783 2193 attineamsarcitatplium
1798 2127 1950 2197 archisyna-

308 2211 402 2268 bescat
424 2212 614 2267 blauicbaens:
639 2211 715 2266 side
730 2211 826 2266 eaden
849 2209 999 2265 substantia
1021 2219 1049 2263 et
1068 2224 1102 2263 ex

307 2304 404 2361 eodem
418 2313 529 2360 auctare
541 2304 680 2359 hominum
694 2303 895 2370 bestiarumque
918 2308 981 2355 suant
994 2300 1100 2362 animae,

308 2398 444 2468 quornodo
461 2396 495 2451 oh
509 2396 587 2449 tinius
606 2393 722 2449 bominis
742 2392 856 2448 salutem
873 2393 926 2447 cluo
943 2392 1026 2446 millia
1042 2408 1103 2462 par-

309 2503 403 2542 carum
421 2485 605 2541 sirlbrcantur?
623 2482 729 2555 (Beda.)
751 2481 780 2537 ln
797 2498 912 2552 quorum
930 2492 1020 2537 tarrren
1036 2483 1103 2537 iute-

310 2578 365 2632 ritn
381 2576 528 2648 figuraliter
549 2575 672 2629 bornines
694 2573 824 2628 immundi
848 2574 920 2629 roris
939 2582 967 2629 et
990 2573 1103 2628 rationis

308 2679 434 2739 expertes
448 2668 611 2733 indicantur,
625 2667 682 2737 qui,
698 2667 725 2721 in
740 2674 830 2721 monte
841 2664 975 2735 superbiae
989 2679 1103 2733 pascen-

309 2770 361 2825 tes,
376 2760 515 2815 lntnlentis
529 2759 700 2815 oblectantur
717 2758 744 2813 in
762 2758 878 2820 actibus.
899 2756 1008 2812 Talibus
1029 2756 1101 2811 enim

307 2867 356 2923 per
367 2852 455 2907 cultus
465 2851 596 2906 idolorum
610 2858 723 2921 possunt
734 2850 865 2913 demonia
877 2848 1019 2904 dominari.
1035 2847 1102 2904 llam

308 2945 360 3000 nisi
375 2945 435 3014 qais
449 2944 524 3013 porci
547 2957 622 2997 more
645 2942 760 3007 riserit,
784 2956 839 2996 non
862 2940 889 2995 in
903 2954 965 2996 enm
980 2938 1102 2994 diabolus

309 3038 424 3107 accipiet
437 3044 609 3107 potestatem,
626 3043 672 3089 anu
686 3031 899 3103 adprobandum
917 3038 1033 3095 tanturm,
1047 3045 1100 3086 non

307 3137 397 3183 nartem
413 3126 447 3180 ad
458 3126 627 3196 perdendum
639 3123 763 3194 accipiet.

1191 2208 1265 2264 gage,
1282 2202 1334 2247 ete.

1191 2300 1236 2374 [1.]
1258 2301 1293 2356 Et
1308 2303 1450 2358 ascarideas
1465 2303 1613 2358 nauiculam
1632 2306 1829 2375 transfretavit,
1843 2319 1867 2362 et
1883 2311 1950 2363 ecrit

1153 2394 1183 2449 in
1202 2394 1332 2448 ciuitatem
1352 2411 1438 2449 raum.
1462 2394 1556 2449 Oritur
1577 2396 1659 2467 igitur
1682 2397 1727 2452 bic
1747 2398 1860 2466 quaetio
1881 2398 1953 2452 iuter

1155 2482 1275 2538 hiarcam
1289 2492 1317 2539 et
1327 2483 1493 2552 llattbaeum,
1505 2487 1640 2555 quoruodo
1653 2486 1795 2542 llattbaum
1809 2488 1844 2542 ita
1856 2489 1953 2544 scribit

1155 2582 1283 2643 tanquam
1307 2574 1334 2628 in
1352 2574 1462 2630 civitate
1486 2574 1593 2631 Domini
1608 2575 1708 2631 iactum
1724 2578 1776 2644 sit,
1792 2594 1874 2648 quam
1897 2579 1949 2635 Na-

1155 2668 1249 2722 zareth
1262 2682 1323 2722 esse
1335 2667 1444 2736 quidam
1455 2667 1559 2734 ruunt,
1571 2667 1679 2724 llarcus
1689 2677 1778 2724 atatem
1792 2670 1820 2724 in
1832 2669 1950 2740 Caphar-

1153 2773 1246 2814 naum.
1265 2757 1331 2825 Quae
1346 2757 1480 2814 dillicilius
1493 2759 1697 2827 solveretur,.si
1715 2760 1856 2818 Matricem
1868 2761 1951 2816 etiam

1154 2849 1291 2906 Nazareth
1309 2851 1485 2908 nontinasset.
1503 2852 1579 2909 Nune
1590 2867 1656 2908 rem
1672 2868 1733 2908 cam
1754 2855 1872 2924 potuerit
1892 2854 1951 2923 ipsa

1154 2944 1266 3002 Galilaea
1282 2946 1335 3001 dici
1350 2945 1449 3001 ciuitas
1458 2944 1570 3010 Christi,
1584 2947 1646 3016 quia
1661 2947 1688 3001 iu
1702 2945 1812 3002 Galilaea
1825 2956 1886 3002 erat
1899 2945 1952 3002 Na-

1154 3038 1260 3102 zareth,
1281 3037 1353 3092 sicot
1373 3037 1529 3092 uniuersum
1549 3052 1664 3108 regnum
1685 3038 1713 3091 in
1734 3045 1774 3092 tot
1796 3037 1952 3093 ciritatibas

1153 3131 1331 3186 constipatum
1350 3130 1449 3185 dieitur
1462 3130 1585 3185 Romana
1600 3130 1696 3185 civitas
1712 3149 1718 3183 z
1736 3145 1851 3199 cumque
1869 3130 1896 3185 in
1912 3137 1953 3184 tot

345 3216 430 3270 Erilli
450 3226 572 3271 creantes
589 3215 710 3269 abierant
728 3215 755 3268 iu
773 3230 875 3285 parcos,
893 3224 917 3268 et
935 3229 994 3268 ecce
1007 3227 1101 3282 aragne
1153 3219 1279 3291 gentibus
1298 3220 1444 3275 constituta
1457 3220 1493 3275 sit
1510 3220 1609 3276 civitas
1623 3220 1656 3276 de
1670 3235 1723 3289 qua
1739 3220 1868 3290 scriptum
1885 3227 1925 3275 est
1943 3239 1949 3273 :

306 3312 403 3381 impeta
418 3311 482 3364 atta
497 3318 565 3362 totas
578 3323 641 3377 pree
652 3323 698 3376 per
711 3322 824 3377 precept
841 3306 869 3359 ia
883 3321 956 3359 utam
967 3314 991 3359 el
1005 3303 1102 3358 morlai
1153 3308 1671 3375 Gloriariasimadictaaaatdete,chima
1677 3308 1950 3384 DeiiPsai.zxzxrr);

305 3414 366 3459 sant
381 3404 409 3458 ia
425 3401 509 3474 aare.
523 3400 614 3473 (lag.)
629 3398 705 3467 erod
719 3408 809 3454 autem
824 3399 851 3453 in
866 3405 991 3468 stagnum
1007 3395 1102 3466 breci-
1154 3410 1254 3458 etcum
1268 3402 1325 3471 ipsc
1339 3402 1412 3473 prior
1425 3401 1540 3474 populos
1551 3402 1598 3458 Dei
1614 3402 1640 3457 in
1655 3409 1695 3458 tot
1706 3401 1861 3457 ciuitatibus
1872 3402 1951 3458 babi-

306 3495 385 3567 pitati
400 3501 464 3547 snat
476 3493 561 3562 groeci,
580 3490 715 3561 siguificat
726 3488 799 3560 quod
820 3487 875 3556 iam
891 3486 1037 3543 clarificata
1051 3466 1139 3541 tac-C
1156 3502 1225 3558 tans,
1242 3494 1324 3549 etiam
1337 3509 1390 3548 una
1407 3494 1503 3550 domus
1514 3495 1604 3550 dictus
1616 3494 1763 3549 sitiemus
1781 3493 1875 3563 lsrael,
1890 3495 1953 3564 quis

292 3580 408 3649 siwia.
431 3592 460 3639 θῑ
483 3583 598 3637 liberali)
622 3579 719 3651 b⁰b¹¹l⁰
736 3580 856 3651 flentium
881 3594 897 3632 ²
919 3576 1102 3633 t¹⁰m5¹¹³ll⁰¹0
1155 3585 1319 3642 dubitaverit
1332 3586 1360 3640 in
1375 3587 1485 3642 civitate
1508 3601 1557 3641 sua
1579 3587 1631 3643 boc
1654 3585 1751 3643 iecisse
1769 3586 1875 3653 lesum,
1889 3602 1951 3643 com

306 3677 513 3739 demoniorum,
530 3675 555 3727 in
569 3673 667 3729 abditis
682 3680 766 3743 agunt
786 3670 932 3741 sacrilegos
946 3670 1013 3724 ritus
1026 3683 1100 3734 snos,
1153 3675 1207 3732 boc
1231 3676 1325 3732 feeerit
1348 3677 1376 3731 in
1398 3676 1589 3748 Capharnaum
1609 3677 1719 3732 civitate
1740 3676 1870 3742 Galilaeae,
1896 3693 1950 3747 qun

307 3769 354 3839 qui
370 3767 478 3822 cbristo
499 3765 611 3821 credere
635 3762 794 3826 noluerunt,
818 3775 890 3816 caect
916 3769 944 3815 et
969 3759 1101 3829 protunda
1136 3768 1338 3825 transfretanda
1359 3769 1477 3824 redierat
1499 3769 1535 3824 ‹le
1556 3768 1665 3841 regione
1682 3767 1898 3833 Gerasenomm‚
1921 3778 1951 3823 ut

307 3859 464 3917 curiositate
490 3856 635 3912 submersi·
662 3855 696 3909 Et
723 3853 871 3909 reundum
894 3851 965 3921 (ruod
991 3851 1102 3921 spiritus
1152 3860 1308 3938 renierrsirg
1317 3857 1475 3924 Galilaeam,
1489 3859 1868 3916 reereaiecretnrrennsein
1883 3859 1950 3914 ciri-

310 3953 440 4008 itnntttttdi
456 3966 506 4005 nec
519 3949 546 4003 in
559 3963 656 4018 porcos
671 3947 751 4011 irent,
768 3945 820 4001 taisi
838 3944 889 4000 hoc
905 3943 957 3998 illis
969 3943 1102 4014 benignus
1153 3958 1237 4006 tatem
1259 3965 1347 4018 sltem,
1373 3951 1401 4005 ill
1423 3965 1585 4021 quocunque
1606 3953 1705 4021 oppido
1725 3962 1800 4007 osset
1821 3951 1949 4015 Gniilaeae,

308 4046 368 4115 ipse
390 4044 514 4099 salrator
540 4041 708 4112 petentibus,
733 4054 802 4109 quos
824 4045 900 4094 recte
921 4037 948 4091 in
975 4036 1101 4107 abyssum
1152 4041 1303 4111 praesertim
1318 4041 1381 4109 quia
1394 4043 1492 4111 etipsa
1505 4039 1695 4108 capharnaum
1709 4041 1745 4094 ita
1757 4041 1907 4096 excellebat
1921 4043 1948 4096 iu

306 4144 398 4207 posset
419 4134 554 4204 relegare,
575 4130 735 4187 eoncederet
752 4147 760 4183 z
780 4144 837 4184 rem
853 4127 1033 4183 necessariam
1052 4126 1101 4181 do·
1152 4131 1273 4196 Galilaea,
1288 4138 1319 4185 nt
1332 4139 1461 4199 tanquam
1479 4130 1636 4199 metropolis
1650 4130 1807 4187 habereutr.

309 4243 372 4285 cere
385 4243 433 4282 nos
446 4227 549 4290 rolens,
565 4234 596 4279 ut
609 4223 713 4279 scilicet
728 4220 942 4276 noverimuseos
955 4216 1040 4272 multo
1054 4215 1103 4270 mi·
1190 4218 1224 4273 Et
1238 4236 1297 4275 ecce
1308 4218 1458 4274 obtulerant
1468 4220 1492 4274 ei
1504 4219 1679 4291 paralyticam
1687 4222 1821 4291 jacentem
1832 4222 1860 4276 in
1871 4221 1947 4276 lecto.

308 4336 362 4375 rrus
373 4334 452 4390 passe
471 4332 520 4372 sua
542 4323 676 4385 potestate
689 4326 789 4368 nocere
802 4309 967 4373 horninibus,
982 4307 1029 4377 qui
1052 4322 1102 4361 nec
1153 4311 1262 4385 (Reae.)
1276 4313 1387 4369 Curatio
1399 4313 1541 4384 paralytici
1557 4313 1638 4383 hujus
1649 4314 1747 4370 animae
1762 4322 1825 4385 post
1842 4315 1948 4371 dintur-

307 4411 451 4482 pecorihus
476 4408 707 4479 qualibuscunque
728 4409 884 4473 potuerant.
907 4399 983 4455 Hanc
1011 4406 1102 4454 butem
1152 4421 1215 4461 nam
1240 4406 1374 4461 illecebrae
1388 4405 1505 4461 cannulis
1519 4405 1645 4461 inertiam
1663 4407 1697 4462 ad
1708 4405 1848 4462 Christum
1860 4409 1948 4478 suspi-

307 4510 470 4574 potestatem
487 4502 557 4555 Deus
571 4499 656 4553 bonus
671 4495 776 4551 metilia
787 4491 891 4561 ἱΰδῑῑῑῑθ
905 4493 931 4546 in
947 4491 1024 4546 ¹¹01>ss
1037 4489 1102 4545 (¹²¹2
1153 4500 1250 4564 rantis,
1264 4498 1442 4553 salvationem
1457 4496 1568 4552 indicat.
1584 4496 1649 4564 Quae
1664 4496 1883 4568 primoomnium
1898 4498 1948 4551 mi-

308 4602 408 4666 potest,
423 4592 521 4660 iniusta
533 4605 585 4645 noar
598 4596 697 4660 potest.
1153 4591 1246 4646 nistris
1263 4590 1308 4659 qui
1327 4603 1387 4644 cam
1407 4588 1548 4644 suhlorent
1560 4596 1588 4644 ot
1599 4587 1709 4644 Christo
1721 4587 1852 4655 aderant,
1868 4589 1949 4644 idest

346 4684 469 4738 Pastorra
484 4692 572 4736 natent
590 4680 727 4750 superum,
742 4687 767 4732 εἰ
784 4677 911 4731 venient&
926 4675 954 4729 5³⁸
972 4674 1102 4729 civilatem
1153 4680 1232 4736 honis
1245 4678 1408 4743 doctoribus,
1423 4678 1469 4748 qui
1493 4692 1569 4748 spem
1592 4678 1740 4734 sanationis
1759 4693 1892 4748 opemque
1907 4679 1948 4733 in·

309 4775 494 4831 nuntiauerant
509 4766 1101 4841 amerinaedelinquidamoniahahncrant.
1155 4771 1328 4828 concessionis
1350 4777 1511 4842 suggerant,
1535 4769 1644 4839 indiget.
1671 4767 1722 4835 Qut
1748 4768 1833 4835 hene,
1857 4767 1948 4823 llarco

308 4867 386 4935 Quot
401 4873 524 4936 pastores
537 4878 681 4932 porrorum
695 4861 828 4932 fugientes
839 4860 890 4915 581³
904 4858 1046 4923 nuntiant,
1062 4859 1101 4914 Si·
1114 4818 1142 4878 D
1156 4874 1293 4931 narrante,
1314 4873 1430 4935 quatuor
1446 4861 1529 4917 luisse
1541 4862 1721 4933 reperiuntur,
1737 4862 1794 4917 sire
1804 4862 1867 4932 qaria
1881 4878 1948 4933 qna-

309 4956 422 5027 ttttifical
446 4954 576 5022 quosdam
603 4952 685 5006 eiiam
710 4953 840 5022 primates
865 4950 1029 5020 impiorum,
1056 4950 1102 5019 tibi
1156 4966 1218 5013 tuor
1230 4956 1382 5029 Erarrgeliis
1393 4953 1483 5010 omnis
1501 4952 1705 5023 predicantium
1720 4952 1806 5008 virtus
1818 4962 1846 5009 et
1859 4954 1948 5010 earnis

307 5065 464 5121 quanquam
478 5047 659 5103 Christianam
674 5045 759 5115 legem
774 5044 884 5116 lugiant,
902 5044 1050 5115 potentiam
1066 5052 1104 5099 ta·
1156 5062 1246 5104 sermo
1262 5047 1393 5109 brunater,
1408 5046 1465 5100 sire
1479 5044 1542 5114 qaia
1557 5051 1673 5113 quatuor
1685 5051 1748 5098 sunt
1761 5042 1876 5098 viantes
1889 5043 1949 5111 qoi-

309 5156 372 5196 rnen
386 5140 445 5209 ejas
457 5153 505 5209 per
518 5145 611 5208 gentes
630 5135 761 5205 stupendo
773 5144 801 5190 et
815 5135 938 5190 mirando
954 5134 1102 5205 predicare
1156 5141 1207 5196 bns
1220 5137 1253 5192 ad
1266 5135 1453 5192 remerendam
1469 5135 1625 5207 sospitatem
1646 5134 1743 5190 fiducia
1758 5135 1856 5189 mentis
1868 5134 1949 5204 erigi-

310 5251 363 5291 nnn
379 5240 496 5289 cessant.
513 5231 547 5286 Et
562 5243 619 5285 cccc
632 5237 686 5283 tata
700 5228 788 5282 ciritae
798 5226 862 5282 exiit
876 5227 976 5281 niumm
989 5225 1065 5291 Jesa,
1078 5234 1101 5279 ct
1157 5242 1211 5288 rur.
1234 5229 1272 5284 De
1290 5229 1389 5299 quihus
1405 5229 1432 5282 in
1447 5235 1555 5284 meme
1569 5227 1713 5298 Sapientiae
1731 5226 1810 5282 laude
1822 5226 1946 5282 elicitur.

285 5358 291 5365 ·
309 5329 364 5383 riso
373 5343 404 5381 co
414 5325 541 5396 rogabant
552 5333 580 5377 at
592 5323 714 5377 transiret
725 5337 741 5374 a
751 5320 846 5389 finibus
855 5336 955 5373 earnm.
967 5316 1103 5388 (llicran.)
1158 5320 1328 5377 sobrictatem
1343 5318 1413 5371 eninr
1428 5328 1453 5371 et
1463 5318 1619 5387 sementinae
1633 5318 1718 5383 dora,
1731 5327 1756 5371 et
1765 5317 1910 5386 jactatam,
1923 5326 1948 5369 ct

310 5418 362 5487 Qui
376 5423 473 5487 rogant
486 5424 516 5470 ut
532 5421 652 5470 trauseat
664 5412 731 5467 sines
744 5425 848 5474 eonrm,
864 5426 916 5471 non
930 5411 963 5464 cle
980 5408 1104 5479 superbia
1124 5433 1129 5441 ·
1155 5415 1292 5474 arealem,
1312 5408 1405 5479 quibas
1425 5406 1516 5461 atilios
1536 5406 1602 5460 scibit
1619 5416 1657 5461 eat
1680 5409 1709 5461 in
1726 5407 1780 5459 zita
1800 5405 1947 5459 haminibus

310 5518 363 5571 boc
378 5513 490 5577 laniunt,
508 5520 539 5566 ut
554 5511 674 5567 nonnulli
692 5510 871 5573 arbitrantur,
887 5509 933 5563 sed
947 5508 980 5562 tle
994 5505 1103 5562 lrunrili-
1157 5499 1318 5577 (Snp.rrrr);
1333 5514 1401 5565 arras
1414 5496 1545 5559 nonnulli,
1559 5497 1645 5553 uersis
1657 5495 1822 5560 nominihus,
1835 5494 1948 5564 pruden-

312 5618 378 5674 tate,
393 5605 495 5662 conscii
515 5603 668 5673 tragilitatis
682 5618 747 5657 srrae.
768 5600 898 5656 Geraseni
918 5601 1060 5669 prasentia
1075 5614 1105 5654 se
1158 5598 1234 5662 tiam,
1250 5592 1444 5655 lentitudinem,
1459 5589 1664 5658 temperantiam
1675 5596 1702 5642 et
1711 5585 1845 5655 justitiam
1858 5585 1948 5654 appel-

311 5698 417 5754 llnminl
438 5696 596 5769 judicabant
615 5693 747 5764 indignos,
771 5707 823 5746 non
838 5692 976 5762 capientes
992 5690 1103 5744 rerbum
1155 5690 1220 5744 lant.

314 5792 372 5854 llei,
387 5806 437 5845 nee
450 5786 558 5842 infirma
572 5785 660 5840 adhue
673 5793 762 5838 mente
780 5782 885 5852 poncias
903 5781 1041 5851 sapientiae
1059 5796 1104 5835 su·
1192 5783 1226 5837 Et
1252 5781 1338 5835 rideas
1359 5777 1437 5833 Jeras
1459 5775 1537 5845 paen
1559 5773 1676 5840 illoram,
1696 5772 1763 5827 dizit
1783 5769 1944 5842 paralytico.

312 5885 414 5939 stinere
427 5881 557 5935 ualentes.
580 5877 656 5945 Quod
677 5883 704 5931 et
725 5877 804 5931 Petm
827 5876 887 5945 ipsi,
911 5876 970 5929 riso
990 5873 1104 5944 piscium
1156 5872 1276 5941 Carrfidc,
1296 5870 1346 5939 fiii,
1364 5871 1531 5924 rearittnntnr
1547 5865 1594 5919 tibi
1613 5872 1720 5935 peccata
1740 5872 1796 5916 tan.
1812 5858 1947 5931 (Hieran.)

312 5973 454 6038 miraculo,
470 5971 615 6038 contigisse
628 5969 726 6023 dieitur
737 5965 812 6041 (Lac.
829 5966 866 6036 ι).
882 5966 914 6020 Et
927 5966 1006 6019 ridna
1021 5963 1104 6020 Sara·
1156 5962 1261 6019 Omlra
1280 5959 1433 6014 luunilitas!
1454 5956 1631 6025 Despectam,
1644 5960 1673 6009 et
1686 5951 1815 6013 debilem,
1831 5948 1950 6017 totisque
2003 5950 2007 5959 “

313 6067 415 6133 prbana
428 6057 500 6115 beati
514 6056 586 6120 Elias,
603 6053 679 6123 caius
691 6073 721 6113 se
733 6058 819 6113 sensit
835 6056 953 6129 bospitio
971 6056 1103 6124 haeredici,
1157 6056 1238 6109 rnernl
1249 6066 1341 6107 rorum
1360 6048 1533 6121 compagibus
1554 6044 1729 6108 dissolutum,
1753 6041 1838 6097 tilium
1858 6049 1948 6102 rorat,
