4509 6850
204 583 207 588 Δ
306 625 373 677 isitii

624 620 654 673 ii.
671 615 796 672 uttsshiit
817 612 925 669 itttt'tti
946 609 1104 665 nittilttit’.
1126 604 1279 663 libebit.
1300 599 1442 659 orbabat
1462 600 1555 655 Pius
1573 599 1593 654 1.
1862 598 1931 651 titio

303 742 397 796 ralitcr
410 752 503 793 omncs
518 734 614 789 mortni
638 738 789 801 resurgent,
811 728 866 797 ipsc
882 721 1089 780 resurrectionis
1103 726 1127 784 Α
1141 728 1220 789 gutur
1238 718 1271 772 ad
1285 716 1423 772 consilium
1438 712 1608 769 sacerdotum
1620 712 1690 782 quod
1704 710 1860 766 habuerunt
1875 721 1933 766 tra-

304 847 360 889 sum
373 830 453 885 iaciat
471 843 530 884 csse
543 825 696 895 participes.
716 818 916 877 consummatis
930 817 1010 888 igitur
1029 829 1088 869 sor·
1140 818 1245 864 ctatttcs
1260 808 1294 862 de
1316 822 1381 862 nece
1400 806 1514 861 liotttini.
1531 803 1666 876 (iiieron.)
1682 803 1736 860 Sed
1752 804 1934 859 consideran-

305 920 429 977 monibus
443 919 476 972 tic
487 918 531 971 die
542 914 646 985 judicii,
662 912 784 982 sequitur
797 908 947 972 biatthaens,
962 914 990 959 et
1003 904 1068 959 dicit
1081 920 1087 955 :
1141 897 1204 952 duttt
1220 896 1290 965 quod
1315 910 1445 965 passurus
1461 909 1510 964 pro
1522 892 1596 947 omni
1617 893 1718 946 mundo
1738 893 1883 956 Dominus,
1908 902 1937 946 ct

341 1012 375 1067 Et
391 1009 488 1080 [netum
509 1017 557 1071 est,
571 1022 629 1060 cum
650 998 943 1059 consommosutieoas
959 1011 1090 1053 sennense
1142 987 1281 1041 uttirersas
1306 986 1429 1039 nationes
1448 983 1638 1054 suosanguine
1658 985 1858 1053 redempturus,
1880 998 1939 1040 rne-

305 1104 352 1157 itor
365 1114 453 1155 otttner
465 1113 473 1150 :
487 1096 596 1152 Scilicet
609 1110 703 1149 omnes
721 1108 789 1162 quos
804 1092 837 1147 de
858 1088 1092 1146 consummatione
1140 1084 1219 1131 iiiut
1242 1077 1268 1130 iii
1283 1075 1422 1138 Bethania,
1442 1075 1469 1128 in
1486 1075 1566 1128 domo
1579 1074 1747 1140 obedientie,
1764 1090 1826 1144 (11¹ae
1848 1088 1938 1144 (tuitii-

306 1192 409 1255 mundt,
422 1189 465 1243 vci
480 1188 513 1243 nc
527 1182 788 1251 discretionoindicti
799 1180 964 1251 proterebat.
977 1175 1092 1247 (iiiior.)
1143 1168 1205 1222 datu
1225 1166 1275 1220 snit
1301 1164 1419 1221 Simonis
1435 1164 1544 1235 leprosi.
1572 1164 1630 1220 tion
1650 1166 1721 1234 qnod
1738 1166 1865 1236 leprosus
1891 1168 1939 1222 iiio

306 1280 369 1336 Sive
380 1279 468 1342 aliter,
482 1290 576 1330 omncs
588 1288 727 1329 sermones
737 1286 805 1340 quos
817 1270 852 1324 ab
866 1268 943 1322 initio
955 1264 1092 1334 Evangelii
1144 1263 1264 1325 iimbffl'e
1287 1262 1468 1324 feminilem,
1490 1254 1537 1309 sed
1556 1254 1601 1325 (itii
1622 1263 1685 1309 anie
1701 1254 1826 1325 leprosus
1841 1266 1938 1326 postea

306 1369 346 1423 sui
371 1382 456 1436 usqne
485 1365 519 1420 ad
542 1374 647 1433 tempus
665 1361 797 1431 passionis
817 1373 872 1414 sute
896 1355 1018 1411 docendo
1036 1355 1093 1409 sive
1143 1365 1159 1403 a
1182 1348 1323 1404 Salvatore
1346 1348 1556 1411 mundatusest,
1572 1348 1681 1403 nomine
1702 1349 1939 1419 pristinopcrma-

305 1456 483 1517 erbortando,
507 1469 553 1508 sen
567 1454 649 1509 ctiam
663 1451 752 1505 lutura
774 1446 945 1519 praedicendo
959 1446 986 1499 in
1000 1445 1093 1498 auditu
1143 1451 1235 1508 uente,
1249 1450 1278 1495 ut
1289 1442 1373 1496 virtus
1383 1441 1503 1496 curantis
1516 1450 1654 1511 appareat.
1669 1440 1735 1496 Natu
1750 1452 1778 1498 et
1792 1443 1821 1497 in
1832 1444 1941 1498 catalo-

305 1547 508 1615 tiiscipaloruru,
521 1553 565 1598 aut
581 1542 719 1596 turbarum
730 1536 1041 1597 corisummaverat‚boe
1053 1542 1096 1589 cst
1144 1548 1179 1605 go
1196 1532 1376 1603 apostolorum
1397 1546 1459 1587 eunt
1471 1533 1586 1602 pristino
1601 1533 1666 1587 titio
1694 1532 1839 1589 iiattheus
1853 1534 1943 1603 pubii-

307 1635 430 1688 i'arictnio
447 1642 473 1686 ct
482 1631 652 1701 predicando
663 1610 853 1699 compiet'erat.
1144 1638 1229 1679 canus
1243 1624 1405 1694 appellatur,
1416 1624 1461 1694 qui
1476 1633 1549 1679 certe
1562 1624 1720 1694 publicanus
1734 1641 1796 1679 esse
1809 1625 1942 1680 desierat.

344 1723 416 1777 Tunc
428 1724 494 1777 dicit
504 1721 638 1792 discipulis
655 1722 710 1775 suis
721 1734 729 1771 :
741 1718 819 1775 Scitis
835 1719 898 1789 qnia
912 1727 968 1788 post
988 1716 1095 1771 biduum
1146 1711 1261 1780 Quidam
1289 1714 1426 1770 Simonem
1449 1701 1595 1784 leprosum,
1609 1714 1701 1769 roluut
1713 1715 1867 1786 intelligere
1880 1731 1944 1786 par·

308 1811 412 1866 Pascha
426 1811 478 1881 liet.
498 1809 589 1881 (rincy.)
604 1809 638 1866 Ut
651 1819 711 1881 post
725 1820 944 1875 sermonemque
957 1820 986 1860 se
1002 1813 1097 1859 ventu·
1146 1818 1201 1862 tctn
1216 1808 1305 1878 populi
1325 1824 1386 1879 qaae
1401 1806 1546 1863 crediderit
1561 1805 1684 1872 bomine,
1703 1811 1730 1860 et
1744 1807 1779 1861 ab
1796 1821 1832 1861 co
1848 1816 1944 1862 curata

307 1917 366 1956 rum
381 1901 409 1955 in
425 1899 512 1954 reditu
526 1898 657 1954 cimiteriis
679 1896 846 1959 ostenderat,
867 1909 939 1949 nune
953 1906 1096 1962 passurum
1146 1894 1299 1953 gitjsimon
1314 1912 1421 1968 (petoque
1434 1896 1556 1952 obedient
1573 1895 1680 1950 dicitur.

308 2008 337 2048 se
358 2006 418 2047 esse
443 1991 600 2055 arimoncat;
629 1995 762 2059 quatenus
787 1995 987 2043 sacramentum
1008 1985 1097 2041 crucis
1182 1990 1296 2043 Accessit
1309 1989 1412 2042 adeunt
1425 1986 1624 2042 malierhahens
1638 1986 1802 2040 alabastrum
1818 1989 1947 2058 unquenti

308 2086 453 2139 admistum
469 2081 630 2153 cssegloriae
647 2080 807 2135 aeternitatis
821 2085 1008 2149 agnoscerent.
1022 2076 1098 2131 Sicut
1113 2081 1273 2151 Byretiosi‚
1298 2089 1323 2133 et
1344 2080 1436 2149 eyirrdit
1456 2095 1534 2149 super
1553 2087 1630 2149 cnpm
1652 2077 1734 2148 ipsius
1757 2079 1944 2134 recumbentis.

307 2187 372 2241 ergo
385 2185 418 2225 ex
432 2168 543 2224 ioannis
559 2169 717 2223 narratione
738 2169 883 2239 colligitur,
898 2178 961 2222 ante
980 2169 1098 2222 seruies
1154 2170 1257 2243 (ιιιι.)
1283 2170 1379 2226 iluher
1400 2170 1451 2225 ista
1475 2168 1558 2224 ilaris
1582 2177 1641 2224 crat
1663 2169 1842 2241 hiagdaienc,
1869 2187 1948 2226 saror

310 2264 423 2320 Paschae
437 2262 511 2319 venit
524 2260 604 2317 iesus
615 2262 642 2316 in
655 2260 825 2326 Betltaniam,
838 2260 928 2328 ibique
941 2257 1042 2313 iactum
1059 2264 1101 2313 est
1151 2264 1259 2331 Laiari,
1273 2278 1354 2335 quiem
1368 2264 1547 2319 suscitaverat
1557 2261 1635 2318 iosus
1649 2277 1664 2315 a
1680 2264 1807 2329 mortuis,
1822 2273 1852 2317 nt
1865 2262 1949 2319 ioan.

308 2358 373 2411 iliud
390 2356 554 2418 convivium,
578 2354 624 2407 tilii
639 2354 671 2408 de
687 2360 823 2423 unguento
842 2352 961 2422 pretiose
976 2351 1006 2405 sii
1025 2366 1102 2406 coiti-
1152 2372 1201 2413 nes
1216 2366 1309 2427 aperte
1326 2363 1530 2412 coitimeiiioitii.
1556 2354 1607 2423 Qui
1629 2355 1713 2410 eiiam
1736 2356 1788 2410 hnc
1811 2364 1876 2409 anyto
1900 2372 1946 2409 sog

309 2445 482 2503 tucntoratio.
503 2444 566 2499 inde
580 2443 655 2497 venit
670 2440 881 2513 llicrosolymant
898 2442 995 2497 sedens
1020 2456 1102 2511 super

309 2537 438 2603 asellum;
451 2535 547 2591 deiude
557 2542 649 2604 postea
663 2539 793 2602 geruntur
804 2547 837 2587 eu
848 2547 908 2602 quae
919 2541 1030 2585 narrant
1041 2539 1104 2602 pust

308 2629 381 2683 ituuc
403 2619 549 2689 aeteruum
564 2622 622 2694 ejus
639 2622 833 2695 Hierosolymis
846 2630 922 2695 gesta
940 2621 1034 2696 (ioan.
1050 2621 1100 2697 xi).

309 2714 446 2789 [Hieron]
472 2714 581 2770 Ex'ilIo
603 2728 668 2784 crgo
690 2712 733 2768 die
755 2727 809 2783 quo
834 2713 908 2768 venit
929 2711 1102 2781 bethaniam,

309 2818 393 2880 atque
407 2807 472 2863 illati
489 2808 523 2863 dc
537 2815 673 2879 unguento
687 2805 787 2861 lactum
808 2813 860 2872 est,
873 2819 960 2875 usque
984 2805 1018 2860 ad
1032 2805 1103 2860 diem

241 2910 247 2928 ‘
309 2915 365 2972 quo
386 2898 439 2955 ista
454 2898 545 2953 omnia
561 2905 634 2967 gesta
658 2904 739 2966 atque
758 2894 915 2959 dictasunt,
930 2894 1104 2965 intelligimus

310 2992 394 3048 etiam
412 2987 587 3059 evangelistis
601 3002 655 3042 non
678 2984 955 3046 commemorantibus
978 3000 1103 3040 consum-

311 3092 387 3156 ptuut
411 3082 495 3139 luisse
518 3080 701 3152 quatriduum,
723 3088 753 3134 ut
767 3087 922 3135 occurreret
945 3078 1003 3133 dies
1023 3092 1103 3147 qttem

312 3183 375 3228 ante
391 3173 503 3229 biduum
529 3169 641 3227 Pasebae
662 3170 804 3226 liuttiueus
818 3178 846 3227 et
862 3169 970 3225 Marcus
991 3169 1104 3226 delinie-

313 3272 376 3319 runt
391 3262 488 3337 (liare.
501 3261 568 3334 arv).
582 3261 693 3334 llystice
705 3272 795 3317 autem
816 3269 878 3332 post
888 3262 957 3317 duos
976 3260 1034 3317 dies
1047 3259 1104 3316 cia-

313 3355 416 3411 rissimi
430 3353 542 3411 luminis
557 3351 663 3409 Veteris
676 3370 708 3409 ac
731 3353 798 3409 Novi
811 3353 988 3418 Testamenti,
1008 3367 1104 3407 rerum

1153 2450 1211 2505 dies
1225 2448 1337 2505 Paschae
1353 2447 1451 2504 iactum
1467 2455 1590 2514 testatur,
1608 2447 1694 2518 pridie
1708 2462 1792 2517 quam
1808 2446 1888 2501 asino
1903 2463 1947 2503 se·

1152 2538 1220 2594 dens
1234 2552 1295 2594 eunt
1311 2538 1409 2608 palmis
1430 2545 1457 2593 et
1478 2536 1555 2592 laude
1571 2537 1710 2592 turbamm
1728 2536 1948 2608 liierosoiymani

1153 2630 1267 2684 veniret.
1285 2629 1344 2699 ipsa
1358 2637 1400 2685 est
1413 2639 1514 2694 autem,
1530 2642 1584 2682 non
1600 2627 1661 2693 alia,
1678 2643 1738 2697 quae
1752 2630 1905 2698 quondam,
1921 2639 1951 2684 ut

1153 2720 1241 2774 Lucas
1254 2719 1358 2786 scribit,
1371 2718 1509 2788 peccatrix
1521 2717 1609 2771 adhuc
1619 2717 1731 2772 rettiens
1744 2716 1830 2788 pedes
1843 2717 1949 2773 Domini

1152 2808 1282 2880 iacrymis
1293 2807 1461 2877 paenitenti-e
1474 2807 1571 2878 rigavit
1583 2816 1612 2862 et
1625 2816 1761 2877 unguento
1776 2808 1830 2877 piae
1841 2808 1950 2864 erinis-s-

1156 2899 1240 2954 sionis
1258 2897 1356 2963 linivit,
1368 2907 1395 2953 ct
1412 2898 1476 2968 quia
1491 2896 1606 2953 multum
1620 2896 1724 2963 dilexit,
1736 2897 1887 2953 multorum
1903 2915 1950 2954 rc·

1154 2991 1226 3045 niam
1244 2997 1419 3061 peecatorum
1435 3004 1451 3043 a
1468 2988 1513 3060 pio
1527 2987 1618 3058 judice
1633 2989 1782 3059 promeruit
1797 2988 1875 3062 (Luc.
1888 2992 1949 3063 stt).

1154 3080 1233 3137 Nune
1247 3096 1312 3136 rcro
1330 3080 1479 3150 justificata
1497 3088 1525 3136 et
1544 3078 1685 3136 familiaris
1704 3079 1803 3135 ellecta
1823 3081 1950 3149 Domino,

1155 3185 1209 3226 non
1225 3172 1427 3240 tautumpeties
1440 3171 1509 3241 ejus,
1525 3177 1555 3225 ut
1568 3169 1640 3224 idern
1654 3166 1773 3224 ioannes
1788 3179 1896 3234 narrat,
1907 3186 1951 3225 re-

1156 3275 1216 3315 rum
1226 3261 1308 3315 etiam
1319 3269 1410 3331 caput,
1422 3270 1451 3315 ut
1463 3259 1570 3316 iiarcue
1583 3258 1780 3329 ilatthaeusque
1793 3261 1951 3330 perbibent,

1156 3352 1216 3407 oleo
1231 3360 1325 3406 sancto
1340 3351 1468 3420 periuriit.
1489 3350 1642 3405 Notandum
1657 3358 1749 3404 autem
1763 3351 1838 3421 quod
1853 3352 1888 3407 de
1901 3354 1951 3409 boc

313 3449 473 3520 pmrnuntio
486 3448 590 3504 Pascha
602 3446 763 3502 celebratur.
775 3443 879 3501 Pascha
894 3445 1014 3515 quidem,
1031 3444 1102 3515 quod
1117 3433 1139 3497 C
1156 3450 1293 3514 unguento
1317 3441 1423 3496 Marcus
1447 3442 1484 3495 ita
1509 3440 1611 3496 rciert:
1635 3439 1671 3493 h‘t
1696 3455 1755 3494 curn
1782 3452 1849 3495 esset
1874 3441 1953 3496 iesus

314 3538 447 3592 liebraice
469 3537 568 3593 dicitur
582 3535 679 3603 Phase,
696 3552 748 3592 non
759 3551 774 3591 a
784 3537 923 3608 passione,
937 3542 967 3591 ut
983 3534 1105 3607 plerique

315 3628 491 3691 arbitrantur,
520 3626 606 3683 seda
636 3628 749 3683 transitu
776 3629 942 3683 nominatur.
971 3628 1010 3685 Eo
1032 3627 1105 3699 quoti

263 3731 265 3734 ⁴
314 3718 512 3774 exterminator
532 3718 626 3781 videns
643 3718 802 3788 sanguinem
815 3719 841 3773 in
852 3717 955 3774 loribus
973 3718 1106 3775 israelita·

316 3823 374 3861 rum
387 3806 586 3876 pertransierit,
598 3824 647 3864 nec
659 3809 833 3883 percusserit,
848 3809 890 3864 vei
905 3809 963 3877 ipse
976 3808 1106 3866 Dominus

313 3897 438 3968 praebens
453 3897 583 3952 auxilium
599 3897 698 3969 populo
709 3912 758 3954 suo
774 3898 891 3969 desuper
917 3897 1104 3954 ambulaverit.

314 3989 405 4060 (litu)
419 3988 501 4060 Cujus
515 3996 715 4043 sacramentum
730 3985 853 4043 vocabuli
869 3987 1011 4044 sublimius
1025 4003 1108 4058 cupo-

314 4098 382 4137 nens
405 4080 568 4153 evangelista
598 4079 715 4136 ioannes
744 4079 808 4134 ait:
828 4079 896 4134 date
926 4079 995 4134 diem
1019 4089 1106 4133 autem

314 4172 545 4242 testanteesaia,
566 4170 651 4225 sciens
671 4169 750 4225 deaut
774 4171 837 4241 quia
854 4171 920 4225 uenit
946 4171 1004 4241 cy'us
1029 4171 1104 4235 hora,

313 4272 343 4316 ιιι
366 4271 483 4316 transeut
502 4278 535 4316 ec
552 4262 601 4314 itoc
615 4259 713 4314 mundo
733 4259 768 4314 ati
785 4258 893 4315 Patrem
916 4258 1009 4332 (ioan.
1034 4259 1105 4332 rttt).

314 4352 365 4408 Ubi
379 4349 522 4407 manifeste
535 4350 664 4416 declarat,
680 4351 739 4406 ideo
752 4350 931 4406 solemnitatis
945 4349 1024 4419 hujus
1035 4352 1107 4407 diem

314 4458 362 4512 per
388 4443 475 4515 legem
499 4442 612 4514 mystice
636 4443 780 4496 transitum
802 4452 926 4497 vocatum
944 4457 1016 4508 esse,
1035 4442 1107 4513 quod

248 4556 251 4564 ¹
313 4537 404 4606 Agnus
415 4533 464 4588 liei
475 4534 521 4605 qai
533 4531 601 4587 toiiit
611 4545 718 4604 peccota
732 4533 833 4600 mundi,
847 4535 874 4589 in
888 4549 921 4588 co
936 4533 969 4589 tic
983 4535 1034 4590 boe
1047 4545 1071 4588 ι.
1097 4575 1104 4588 .

1157 3532 1306 3599 bethanie,
1326 3532 1352 3586 in
1371 3532 1448 3587 domo
1465 3532 1581 3588 Simonis
1600 3531 1711 3603 leprosi,
1732 3543 1754 3588 et
1774 3536 1952 3602 recumberet,

1156 3624 1224 3678 uertit
1237 3625 1332 3678 rauiier
1343 3624 1439 3678 itabens
1453 3625 1613 3679 alabastrum
1627 3625 1753 3695 unguendi
1767 3627 1848 3680 nertii
1859 3628 1954 3697 spicati

1156 3717 1277 3788 pretiosi,
1295 3726 1318 3771 et
1334 3717 1418 3787 [ructo
1437 3716 1570 3771 alabastro
1589 3716 1681 3787 effredit
1699 3733 1781 3787 super
1796 3729 1878 3789 caput
1896 3721 1953 3790 ey'us

1158 3807 1253 3878 (liare.
1269 3807 1335 3880 niv).
1359 3808 1477 3864 ioannes
1490 3823 1556 3864 vero
1570 3808 1606 3863 ita
1619 3808 1685 3863 dicit
1699 3824 1705 3861 :
1722 3806 1816 3862 ilario
1828 3826 1893 3880 crgo
1908 3828 1953 3864 ec-

1156 3897 1222 3967 cepit
1234 3896 1327 3950 libraris
1341 3899 1418 3951 nertii
1430 3899 1517 3968 pistici
1530 3899 1647 3968 pretiosi,
1659 3907 1682 3952 ei
1696 3899 1771 3952 uarii
1786 3901 1867 3969 peries
1877 3899 1952 3967 iesu,

1157 3995 1182 4039 et
1195 3986 1300 4040 extersit
1315 3987 1417 4059 capillis
1436 3989 1491 4042 suis
1509 3988 1586 4059 pedes
1600 3988 1666 4057 eius,
1687 3999 1712 4043 et
1731 3991 1828 4046 domus
1844 3992 1952 4063 intpieta

1157 4088 1196 4136 est
1209 4096 1241 4135 er
1253 4078 1333 4135 odore
1347 4074 1482 4151 unquenti.
1499 4081 1550 4136 Ubi
1563 4081 1634 4136 enim
1648 4081 1755 4137 ilarcus
1770 4086 1863 4153 posuit
1876 4085 1953 4139 nardi

1158 4170 1260 4242 spicati,
1278 4170 1315 4226 ibi
1329 4168 1446 4227 ioannes
1460 4171 1543 4227 habet
1556 4172 1632 4226 nardi
1646 4173 1753 4242 pistici:
1769 4189 1893 4244 quorum
1904 4175 1955 4232 dii·

1158 4262 1301 4318 icrentiam
1315 4263 1342 4315 in
1356 4261 1583 4332 subsequentibus
1598 4261 1826 4320 demonstramus.
1844 4265 1896 4322 Est
1907 4282 1954 4322 au·

1159 4360 1212 4409 tem
1229 4352 1394 4407 alabastrum
1410 4366 1495 4422 genus
1509 4352 1655 4407 marmoris
1670 4352 1791 4420 candidi,
1808 4357 1896 4411 variis
1909 4372 1953 4412 co-

1158 4443 1261 4499 loribus
1272 4443 1445 4508 interstincti,
1456 4442 1527 4512 quoti
1541 4443 1575 4497 ati
1585 4457 1650 4496 vasa
1663 4445 1844 4514 unguentaria
1856 4459 1954 4501 cavare

1159 4537 1261 4602 solent,
1281 4551 1314 4591 eo
1328 4535 1399 4606 quoti
1413 4535 1516 4605 optime
1531 4549 1641 4589 servare
1654 4550 1685 4590 ea
1701 4534 1863 4606 incorrupta
1879 4538 1952 4592 dica·

1051 4665 1057 4678 .
1098 4665 1105 4681 .
1158 4636 1211 4682 tur.
1230 4627 1356 4683 Nascitur
1369 4627 1440 4681 cirea
1455 4611 1561 4680 Thebas
1574 4625 1728 4697 AEgyptias,
1745 4635 1774 4680 ct
1789 4628 1953 4684 Damascum

314 4825 367 4860 non
384 4809 520 4877 pavebant
532 4824 594 4864 cum
604 4808 660 4863 beo
666 4818 805 4879 perpetem
820 4811 981 4866 discordiam
993 4814 1106 4869 tenerei
1119 4777 1145 4837 D

314 4897 371 4951 liiic
386 4899 588 4966 trepidaverunt
611 4901 706 4955 timore
724 4901 770 4955 ubi
795 4916 848 4956 non
866 4911 927 4956 erat
941 4902 1030 4957 timor.
1056 4904 1105 4960 Se·

314 4991 389 5059 gittae
399 5004 506 5058 quoque
517 4990 691 5059 parvulorum
705 4991 783 5046 iactre
797 5000 859 5046 sunt
871 4992 955 5064 plagae
963 5009 1066 5051 eorum.

352 5077 407 5150 [ii]
420 5078 484 5133 Cum
496 5087 582 5132 autent
599 5089 664 5133 esset
684 5079 762 5134 iesus
786 5081 811 5134 irt
836 5080 965 5138 bethania
986 5085 1014 5139 in
1027 5087 1104 5142 dorna

316 5171 433 5224 Simonis
446 5170 549 5239 leprosi.
567 5170 657 5245 (Aug.)
671 5171 756 5240 liujus
770 5173 821 5229 loci
839 5176 1022 5232 narrationem
1037 5178 1105 5233 hiat-

317 5260 404 5313 tbreus
415 5267 441 5312 ct
455 5257 572 5325 Marcus,
583 5274 643 5313 ettm
654 5261 710 5330 jam
725 5261 854 5318 dixissent
863 5272 926 5334 post
938 5265 1047 5321 biduum
1062 5268 1074 5320 i
1097 5299 1106 5309 -

316 5358 407 5401 tnrtttn
425 5347 530 5402 Pascha
546 5349 757 5418 recapitulando,
773 5352 806 5406 ad
818 5353 891 5409 ilium
908 5354 978 5408 diem
995 5356 1108 5412 redeunt

316 5437 344 5490 in
358 5435 528 5503 Bethaniam,
542 5438 588 5506 qui
600 5447 659 5494 crat
670 5446 732 5494 ante
742 5456 788 5495 sex
799 5441 857 5497 dies
865 5441 986 5499 Paschae.
1000 5443 1034 5499 Et
1045 5461 1108 5500 nar-

317 5535 377 5582 rant
392 5528 463 5596 quod
475 5528 594 5585 ioannes
604 5530 637 5586 de
648 5545 724 5586 coena
740 5542 767 5587 et
782 5542 918 5605 unguento
929 5533 1023 5603 refert,
1037 5539 1108 5594 unde

316 5628 445 5674 tenturus
457 5630 517 5676 crat
526 5619 605 5676 iesus
615 5619 837 5695 Hierosolymam.
852 5625 934 5695 Cujus
946 5627 985 5683 rei
997 5638 1106 5698 peracta

1159 4719 1260 4792 Syriae,
1286 4719 1392 4773 cacteris
1412 4717 1573 4782 candidius,
1597 4716 1819 4787 probatissimum
1837 4733 1904 4773 sero
1925 4719 1952 4772 in

1156 4809 1241 4867 india.
1254 4810 1359 4865 Nartiae
1372 4824 1437 4863 sero
1454 4817 1496 4864 est
1512 4808 1601 4864 lrutex
1620 4810 1796 4875 aromaticus,
1815 4813 1904 4881 gravi,
1922 4820 1951 4866 ut

1156 4903 1242 4967 aiunt,
1255 4909 1282 4956 ct
1294 4915 1385 4956 crassa
1399 4902 1499 4966 radice,
1509 4902 1556 4955 scd
1568 4901 1643 4956 breti
1656 4911 1681 4955 et
1695 4902 1784 4972 nigra,
1796 4902 1949 4974 iragiiique,

1156 4991 1280 5063 quamvis
1296 4991 1389 5061 pingui
1407 4991 1510 5055 situm,
1530 4991 1684 5056 redolente,
1705 5000 1751 5045 aut
1770 5007 1949 5063 cypressum,

1157 5098 1252 5151 aspero
1265 5095 1371 5152 sapore,
1384 5081 1448 5137 solio
1459 5097 1544 5152 parvo
1557 5083 1703 5152 densoque,
1716 5082 1795 5153 cnjus
1807 5088 1950 5142 cacumina

1155 5165 1182 5222 in
1192 5169 1325 5227 aristasse
1339 5180 1477 5241 spargunt.
1497 5171 1614 5240 ideoque
1628 5173 1733 5243 gemina
1749 5172 1813 5228 dote
1827 5177 1951 5246 pigmen-

1159 5261 1219 5316 tarii
1233 5262 1310 5315 nardi
1325 5262 1414 5332 spicas
1427 5276 1458 5316 ac
1472 5260 1535 5316 iolia
1550 5261 1695 5318 celebrant.
1712 5262 1743 5318 Et
1758 5264 1810 5321 boc
1823 5269 1951 5339 estquod

1158 5352 1196 5406 ait
1211 5351 1332 5418 ilarcus,
1348 5353 1475 5424 unguenti
1490 5354 1567 5408 nertii
1581 5355 1674 5425 spicati
1688 5357 1809 5426 pretiosi,
1831 5361 1898 5429 quia
1911 5361 1951 5414 ri-

1157 5442 1255 5498 tielicet
1269 5451 1433 5514 unguentum
1455 5443 1519 5500 iliud
1534 5445 1604 5514 quoi
1620 5445 1709 5500 attulit
1723 5445 1808 5501 liaria
1824 5447 1950 5516 Dutuino,

1158 5549 1210 5589 non
1221 5534 1311 5589 solum
1327 5533 1360 5589 tie
1376 5535 1466 5591 radice
1481 5534 1632 5589 coniectum
1650 5535 1743 5601 nardi,
1757 5551 1854 5592 verum
1868 5539 1952 5593 etiam

1158 5641 1211 5695 qno
1234 5626 1378 5696 pretiosius
1399 5634 1486 5693 esset,
1505 5628 1640 5698 spicarum
1657 5642 1766 5696 quoque
1780 5637 1808 5683 et
1822 5628 1951 5688 ioiiorutu

317 5712 473 5768 narratione
498 5713 560 5770 ilinc
584 5715 680 5770 iterum
710 5716 823 5770 redeunt
845 5718 915 5773 unde
936 5716 1043 5774 merant
1067 5720 1108 5775 di·
1158 5714 1216 5783 ejus
1229 5716 1389 5787 adjectione,
1400 5716 1492 5771 odoris
1506 5730 1538 5772 ac
1549 5716 1656 5771 virtutis
1668 5715 1740 5772 iilius
1752 5726 1810 5772 erat
1824 5732 1953 5774 accumu-

317 5804 414 5874 gressi,
429 5804 520 5870 idest,
544 5813 574 5860 ut
585 5804 645 5872 jatn'
656 5819 745 5861 sermo
759 5807 863 5862 bomini
887 5818 1012 5865 narretur
1025 5826 1105 5881 quent
1158 5806 1212 5862 lata
1226 5809 1323 5880 gratia.
1342 5809 1460 5863 liuidum
1475 5817 1564 5864 autent
1579 5809 1722 5879 pisticum,
1739 5809 1842 5878 idest,
1862 5809 1951 5877 fidele,

317 5893 412 5948 habuit
425 5901 488 5948 ante
500 5893 610 5949 biduum
625 5892 745 5959 Pasebzu,
756 5905 784 5950 ct
797 5895 896 5950 iactum
909 5895 985 5953 tneo
995 5899 1106 5971 conjnn·
1159 5900 1220 5955 ideo
1233 5900 1342 5967 dicitnr,
1357 5902 1420 5972 quia
1433 5916 1504 5971 supe
1519 5901 1603 5957 soient
1617 5901 1700 5971 aliqui
1715 5903 1887 5960 medicorum
1903 5920 1953 5960 uu·

355 6002 429 6059 attic
444 6007 541 6062 iterum
555 6007 655 6078 aliquid
666 6009 750 6071 deest,
765 6009 834 6079 quod
847 6009 881 6065 ob
894 6013 1105 6083 suprascriptam
1124 6026 1235 6067 causam
1251 6013 1416 6083 deperditum
1430 6022 1480 6070 est.
1500 6012 1602 6069 Eutrott
1622 6012 1808 6069 Cotostrrsts.
