4509 6850
668 605 725 672 ,DE
740 605 964 667 cttnwotutt
983 607 1238 674 instituimus,
1259 606 1334 664 Ere.
1355 637 1391 649 -
1409 605 1473 664 titt:
1494 607 1514 663 l.

928 859 932 866 '
1014 849 1163 915 INCIPIT

512 1041 604 1157 DII
646 1037 1100 1216 dictitet-titt
1149 1038 1663 1162 INSTITUTIONE

890 1276 1043 1358 nvem
1078 1276 1290 1359 enimus,

508 1529 636 1602 'cppqpp
659 1539 806 1599 pfflpffipq,
1077 1521 1162 1585 Auia
1174 1467 1295 1595 legitima
1309 1521 1368 1595 dns
1389 1531 1418 1581 et
1438 1532 1573 1598 praecepta
1592 1541 1653 1601 quat
1675 1532 1853 1592 mandaveras
1874 1535 1908 1592 qq

507 1656 548 1713 De
558 1673 612 1711 nou
628 1653 749 1710 Ecclesia
762 1651 823 1709 iret.
1114 1626 1172 1668 m

296 1771 425 1835 Ecclesia
434 1786 500 1845 ergo
511 1769 560 1827 Dei
573 1749 719 1833 nothelino,
737 1780 798 1837 quae
809 1778 858 1835 per
868 1769 955 1820 totum
968 1764 1061 1820 orbem

261 1869 379 1927 riilatata
393 1863 563 1928 diiiunditur,
577 1858 679 1916 Christi
704 1856 813 1912 nomine
828 1852 970 1911 nobilitata
981 1849 1063 1926 plori-

262 1961 373 2030 dcqtur.
392 1951 486 2015 Omnis
510 1947 584 2009 enim
606 1949 690 2007 horno
714 1945 761 2020 qui
778 1957 862 2005 rectae
886 1945 949 2004 iidei
970 1945 1065 2003 existit

260 2050 413 2126 partIeeps,
438 2053 466 2104 cl
480 2061 559 2103 sacro
572 2043 736 2116 baptismate
749 2047 939 2114 regeneratur,
954 2054 970 2094 a
984 2038 1062 2095 Cirri-

262 2150 306 2199 stc
318 2139 493 2198 Cirristianns
506 2140 629 2200 vocatur,
641 2142 672 2204 et
687 2131 734 2188 liei
745 2130 832 2202 patris
842 2138 924 2200 atque
935 2127 1062 2185 deciesite

262 2230 361 2290 unatris
382 2228 504 2286 noscitur
527 2221 691 2282 esseillius.
719 2219 839 2277 Ecclesia
855 2217 972 2278 ἐκκλησία
985 2216 1061 2273 Gree-

261 2313 395 2384 marest,
416 2315 489 2388 quo'd
510 2311 539 2370 in
551 2309 677 2369 Latinum
692 2309 809 2366 vertitur
824 2306 985 2366 convocatio
1004 2305 1062 2362 sive

261 2418 428 2475 conventus,
448 2421 482 2464 eo
499 2405 573 2478 qnod
595 2415 692 2459 omnes
708 2406 841 2458 convocat
855 2398 888 2454 ad
903 2411 943 2456 se.
962 2396 1063 2454 Catho-

1425 1705 1539 1763 CAPUT
1558 1707 1601 1764 ill.
1700 1734 1702 1738 ·

1336 1789 1376 1848 De
1388 1802 1497 1852 tonsura
1513 1794 1678 1853 clericorum.

1148 1901 1272 1962 'tonsura
1286 1904 1464 1963 ecelesiastici
1489 1922 1554 1964 usus
1568 1923 1585 1963 a
1607 1908 1744 1967 Nazaraeis
1765 1912 1804 1985 (ni
1817 1914 1907 1987 iallor)

1112 2006 1206 2054 exorta
1222 2008 1274 2065 est,
1287 1997 1346 2071 qni,
1365 2001 1442 2071 prius
1454 2002 1530 2057 crine
1542 2011 1661 2070 servato,
1673 2004 1762 2061 denuo
1771 2015 1832 2077 post
1846 2009 1909 2064 vitae

1112 2104 1217 2162 magnvs
1226 2091 1420 2148 continentiam
1433 2091 1577 2149 ‹levetione
1589 2095 1815 2167 completampnt
1831 2100 1910 2157 rade·

1111 2180 1189 2247 itant,
1206 2190 1233 2237 et
1243 2181 1355 2253 capillos
1366 2182 1393 2238 in
1408 2183 1498 2254 ignem
1510 2184 1640 2241 sacrificii
1655 2187 1908 2259 ponerejultcbant,

1111 2270 1216 2327 scilicet
1227 2278 1258 2326 ut
1270 2271 1464 2343 perfectionem
1478 2275 1631 2332 devotionis
1644 2292 1699 2333 suae
1714 2277 1829 2337 Domino
1841 2297 1908 2338 con·

1111 2369 1262 2417 testarent.
1292 2362 1394 2419 llomm
1407 2376 1474 2435 ergo
1494 2365 1626 2437 exemplis
1645 2383 1710 2424 usus
1732 2370 1910 2442 coapostolis

1036 2484 1042 2500 .
1112 2443 1284 2501 introductus
1300 2453 1353 2513 est,
1376 2453 1408 2502 ut
1428 2447 1456 2502 hi
1477 2448 1523 2518 qui
1549 2450 1576 2504 in
1592 2451 1691 2507 divinis
1701 2452 1819 2511 cultilius
1832 2472 1910 2513 trian-

1112 2535 1194 2606 cipati
1208 2538 1322 2594 Domino
1334 2549 1529 2596 consecrantur
1541 2575 1557 2607 ,-
1568 2543 1645 2612 quasi
1658 2542 1791 2614 Nararaei,
1816 2548 1908 2616 idest,

1112 2628 1198 2682 sancti
1217 2627 1265 2682 Dei
1290 2628 1367 2684 cripe
1387 2630 1502 2700 praeeiso
1522 2632 1701 2689 innovantur.
1728 2635 1786 2693 iioe
1809 2640 1908 2710 quippe

585 2772 615 2806 Ἰ,
1113 2716 1247 2773 Ezechieli
1259 2719 1398 2790 prophetae
1408 2720 1529 2792 iubetur,
1544 2722 1650 2781 dioetrte
1662 2725 1908 2801 DomitrozTu‚{iit'

575 2783 690 2846 metit
711 2784 746 2842 II·
841 2871 848 2887 .
1112 2807 1236 2876 imminit,
1250 2825 1324 2866 sume
1335 2810 1384 2866 tiit*
1393 2810 1512 2883 qiudism
1525 2823 1643 2882 acutam,
1662 2825 1686 2872 et
1704 2817 1784 2873 turer
1803 2837 1849 2891 per
1861 2838 1908 2876 co·

444 2878 484 2937 De
499 2879 583 2936 istm
597 2876 734 2935 ordietur
746 2873 882 2932 Eam·
1075 2884 1099 2945 B
1112 2904 1159 2966 put
1173 2905 1248 2950 taum
1262 2907 1287 2953 et
1306 2897 1415 2954 tardant
1426 2899 1535 2971 (Emit.
1549 2900 1591 2973 rvr)
1608 2919 1616 2968 ;
1642 2903 1769 2960 videlicet
1789 2907 1853 2976 quia
1880 2917 1909 2964 et

261 2499 316 2558 lica
330 2483 566 2560 antolianum
579 2491 690 2560 (ficitur,
706 2489 733 2550 id
746 2497 799 2556 cst,
810 2487 985 2554 universalis,
997 2501 1061 2559 qma

262 2591 291 2649 in
316 2601 376 2650 toto
402 2589 505 2648 mundo
528 2601 581 2643 una
604 2592 648 2644 cst
667 2583 790 2676 Ecclesia
812 2580 925 2650 Christi,
954 2575 1062 2678 quaet

263 2699 365 2756 sponsa
380 2679 493 2747 Christi,
507 2687 536 2736 et
546 2691 645 2754 corpus
659 2674 720 2748 eius
731 2680 783 2731 est

300 2997 374 3056 Sunt
396 3004 487 3053 tamen
499 3001 565 3056 ,tres
577 2991 687 3048 ordines
705 2988 733 3044 in
747 2986 880 3045 Ecclesia.
893 2985 1062 3043 conversan·
1113 2984 1172 3054 ipsc
1183 2999 1215 3039 cx
1229 2987 1392 3043 sacerdotali
1408 3003 1508 3060 genere
1523 2990 1578 3047 ileo
1596 2992 1624 3047 in
1641 2993 1793 3051 ministerio
1806 2999 1909 3054 sancti·

265 3089 344 3148 turm.
360 3086 447 3142 idest
466 3083 610 3148 laicorum,
632 3079 827 3136 monachorum
850 3083 879 3132 et
888 3076 1059 3132 clericmum.
1113 3072 1248 3131 iicationis
1273 3076 1454 3136 deserviebat.
1473 3079 1531 3136 line
1556 3090 1585 3137 et
1602 3081 1746 3140 Nazaraeos
1765 3084 1826 3141 illos
1849 3086 1909 3144 Pri·

264 3178 389 3247 Quorum
400 3174 516 3247 primus,
530 3172 558 3228 id
576 3179 619 3228 est
630 3171 717 3227 laicus
729 3169 809 3235 ordo,
822 3165 961 3239 popularis
977 3163 1062 3224 inter·
1114 3166 1219 3224 scillam
1234 3178 1263 3225 et
1283 3169 1410 3240 Aquilam
1425 3173 1454 3228 in
1470 3173 1584 3232 Actibus
1609 3177 1791 3248 apostolorum
1807 3182 1910 3251 primns

265 3278 400 3342 premium
418 3268 491 3324 Laos
505 3267 568 3328 ieie
579 3264 651 3321 enim
664 3261 770 3326 Graece,
786 3258 901 3331 populus
912 3256 1007 3312 Latine
1020 3253 1061 3310 di·
1113 3257 1211 3316 iecisse
1224 3260 1350 3333 legimus,
1360 3261 1474 3318 Paulum
1488 3280 1597 3335 quoqne
1610 3268 1771 3337 apostolum,
1790 3278 1819 3326 et
1831 3287 1913 3341 qnos-

266 3361 348 3417 citur.
370 3357 567 3416 Secundusest
580 3353 766 3418 monachicus,
789 3350 818 3408 id
834 3345 1063 3419 estsinqulnriter
1114 3349 1177 3406 dam
1191 3350 1383 3421 discipulorum
1408 3353 1520 3419 Christi,
1543 3355 1591 3427 qni
1611 3356 1640 3412 iu
1663 3357 1817 3429 istiusmodi
1832 3362 1909 3420 cultu

265 3466 445 3519 mrrversant,
468 3449 521 3507 hoe
536 3457 590 3514 est,
612 3445 767 3504 asaeculari
790 3442 999 3501 conversatione
1015 3455 1062 3501 re·
1114 3438 1239 3495 imitandi
1262 3443 1436 3499 exstiterunt.
1460 3443 1510 3501 Est
1520 3455 1612 3502 autem
1626 3446 1654 3502 in
1667 3448 1774 3506 clericis
1797 3461 1910 3509 tonsura

266 3550 368 3599 motus.
380 3539 476 3597 nunus
483 3542 562 3613 μιᾶς
575 3538 648 3593 eninr
658 3535 752 3593 Graere
760 3533 939 3605 singularitas
949 3533 1062 3599 dieitur,
1113 3529 1221 3601 signum
1235 3531 1369 3601 quoddam
1384 3533 1456 3602 quod
1472 3533 1498 3589 iu
1518 3548 1632 3606 corpure
1654 3536 1794 3609 liguratur,
1820 3544 1869 3600 sod
1882 3542 1911 3599 in

268 3629 592 3701 mmnnaciruvpmxie
601 3625 750 3699 singularis
762 3624 806 3682 vel
821 3624 970 3681 solitarius.
996 3623 1064 3679 ier·
1114 3621 1206 3677 mdmo
1219 3620 1328 3692 agitur:
1342 3623 1446 3681 scilicet
1458 3634 1489 3681 ut
1498 3625 1551 3682 lroc
1565 3627 1643 3699 siqno
1653 3628 1718 3685 vitia
1733 3630 1761 3684 in
1779 3624 1908 3706 reiigione

268 3725 323 3781 tius
337 3732 383 3781 est
394 3723 463 3779 ordo
470 3720 616 3779 claricalis.
635 3719 729 3777 Claros
742 3721 834 3795 stipae
850 3719 948 3790 quippe
957 3718 1062 3784 Grzere,
1114 3721 1283 3779 metentur,
1297 3722 1325 3770 0²
1338 3715 1499 3773 criminibut
1511 3719 1602 3775 carnis
1618 3730 1719 3778 nostrie
1731 3724 1810 3793 quasi
1822 3726 1907 3781 erini-

268 3829 328 3871 tort
340 3811 386 3871 rel
402 3811 549 3881 uremditus
561 3810 669 3867 dicitnr.
684 3809 779 3867 Cieros
789 3816 880 3865 autem
891 3809 933 3863 vol
949 3808 1065 3865 elericos
1114 3803 1327 3871 secernamur,
1351 3815 1433 3876 atque
1446 3807 1509 3865 inde
1523 3807 1658 3867 innovatis
1671 3813 1797 3870 sensibus
1811 3823 1841 3870 ut
1862 3830 1910 3873 co-

267 3906 332 3962 tine
342 3903 494 3977 appellatos
509 3903 635 3961 doctores
647 3901 733 3959 nostri
743 3901 848 3966 mount,
865 3898 929 3969 quin
938 3897 1064 3975 Matthias
1114 3892 1168 3949 mis
1177 3893 1290 3951 rudibus
1300 3895 1492 3963 enitescamus,
1505 3898 1679 3967 atpoiianter
1689 3916 1746 3968 tros,
1758 3902 1837 3972 juxta
1849 3920 1914 3976 apo·

268 4005 342 4051 sorte
363 3993 471 4051 electm
484 4000 538 4059 est,
562 4006 645 4065 quem
664 3991 784 4062 primum
798 3990 833 4046 ab
854 3988 983 4059 apostolis
995 3988 1063 4059 legi-
1116 3981 1225 4050 stolum,
1240 3993 1348 4039 ueterem
1357 3986 1489 4042 inminens
1500 3991 1672 4046 minoretur
1685 3994 1756 4064 ejas,
1769 3997 1915 4052 etirrducrr-

268 4102 330 4145 rcus
342 4085 500 4145 ordinatum
515 4082 585 4157 (Act.
599 4083 632 4158 ι),
645 4084 686 4145 sio
702 4093 731 4139 et
740 4098 797 4139 ces
812 4098 882 4154 quos
893 4081 947 4137 iliis
960 4088 1064 4150 tempo-
1116 4083 1154 4130 tec
1167 4092 1262 4133 novum
1275 4078 1321 4148 qui
1332 4088 1472 4134 renouetur
1484 4080 1512 4135 ivr
1536 4084 1696 4152 acritioneri
1713 4085 1765 4141 liei
1776 4086 1846 4158 (Coi.
1859 4090 1914 4161 ιιι).

269 4179 345 4243 ritus
357 4174 543 4233 Ecdesiarmn
556 4171 880 4245 principesordInabant,
899 4178 973 4227 sorte
992 4169 1063 4241 lege-
1116 4163 1202 4232 Qutm
1215 4167 1420 4223 renovatIouem
1445 4169 1472 4224 in
1488 4179 1578 4226 mente
1592 4180 1700 4242 oportet
1720 4174 1791 4243 iteri,
1814 4178 1862 4232 sed
1885 4179 1914 4233 in

268 4268 343 4325 lune
359 4264 429 4321 liam
439 4274 469 4322 et
481 4262 724 4323 narmiusdraecs
738 4262 903 4319 metonomia
914 4262 1066 4336 κληρονομία
1079 4235 1102 4298 C
1119 4254 1208 4324 milite
1223 4255 1425 4324 demittite.
1444 4259 1491 4315 111ιί
1515 4261 1573 4330 itlsa
1590 4277 1668 4320 mens
1692 4267 1814 4322 noscitur
1835 4267 1914 4324 habi·

270 4355 574 4429 appellatur,etitsres
586 4354 765 4425 cleronomos.
791 4352 936 4423 Propterea
948 4367 1015 4424 erqo
1025 4352 1067 4431 di·
1120 4354 1189 4401 tare.
1213 4346 1291 4415 Quod
1311 4362 1377 4405 vero
1401 4351 1515 4407 detonso
1539 4353 1664 4423 superins
1688 4356 1777 4425 capite
1799 4356 1915 4415 inierint

271 4449 308 4503 cti
323 4446 501 4512 suntderici,
516 4445 626 4518 quiade
639 4453 713 4503 sorte
730 4453 794 4501 sunt
811 4445 930 4510 Domini,
945 4444 988 4499 vel
1003 4443 1067 4515 quia
1120 4436 1216 4492 citeuii
1234 4452 1334 4494 corona
1350 4438 1523 4510 relinquitur,
1552 4444 1731 4500 snoermtium
1746 4460 1916 4519 regnumque

271 4538 381 4595 Domini
395 4544 502 4607 partem
511 4537 624 4603 liabent,
638 4536 710 4595 sicut
727 4530 761 4593 de
772 4535 813 4592 cis
824 4534 955 4605 seriptum
972 4541 1014 4590 cst
1028 4533 1068 4589 lo-
1120 4529 1249 4586 Ecclesiae
1262 4530 1290 4585 in
1303 4531 1344 4587 eis
1369 4531 1496 4587 existimo
1510 4532 1629 4603 igurari.
1658 4534 1737 4590 'liora
1760 4538 1832 4592 eninr
1843 4541 1917 4610 apud

270 4636 374 4703 quante
386 4626 522 4685 Domino:
538 4625 595 4699 Epo
606 4623 745 4682 deraditur
755 4640 845 4681 eorum
860 4623 970 4697 (Esset.
981 4621 1067 4696 nstv).
1121 4631 1228 4679 veteres
1241 4623 1456 4680 corrsdtueiratur
1469 4625 1497 4680 in
1507 4625 1596 4696 capite
1608 4627 1789 4683 sacerdotum.
1805 4629 1869 4687 iiaec
1882 4647 1916 4688 ex

271 4708 469 4795 Ilndenportct
477 4728 509 4777 ut
519 4720 566 4793 qni
573 4720 658 4777 ileum
671 4719 829 4779 teredine
839 4716 989 4790 possident,
1007 4716 1069 4773 abs-
1121 4711 1204 4784 bysso
1217 4711 1338 4769 coniecta
1352 4704 1466 4770 rotrrnda
1480 4724 1541 4771 erat
1552 4716 1630 4787 quasi
1644 4717 1750 4787 sphera
1769 4722 1869 4788 melia,
1889 4731 1919 4779 et

270 4828 326 4887 que
338 4812 396 4869 ulio
407 4812 601 4884 impedimento
621 4810 721 4873 seculi
747 4811 803 4869 Deo
813 4809 917 4867 servire
931 4807 1067 4873 studeant,
1122 4806 1175 4862 lice
1190 4805 1358 4878 signiileatur
1370 4806 1398 4861 in
1410 4815 1489 4878 parte
1502 4808 1599 4879 capitis
1607 4817 1693 4866 tonsa.
1706 4808 1812 4868 Corona
1825 4821 1918 4873 autem

270 4914 302 4962 ut
319 4902 523 4976 congrueilind
536 4901 687 4963 Petnioae
696 4901 788 4959 dicere
800 4902 924 4972 possint:
940 4900 1070 4963 Damione
1123 4912 1206 4953 aurea
1218 4895 1333 4952 latitudo
1351 4903 1394 4953 est
1408 4897 1513 4964 circuli,
1530 4914 1591 4968 qum
1615 4915 1710 4972 regum
1721 4902 1810 4972 espita
1822 4903 1918 4975 cingit.

270 5013 339 5069 pm
352 4992 515 5053 hereditatis
538 5010 603 5049 men
624 4992 711 5067 (Prot.
734 4992 793 5064 xv).
816 4991 870 5047 Istc
892 4998 983 5055 sutem
1005 4987 1072 5047 ordo
1126 4989 1277 5061 Utrumque
1303 4990 1395 5061 itaque
1411 4990 1518 5062 signnm
1534 4992 1698 5062 exprimitur
1713 4993 1740 5048 in
1759 4995 1848 5064 eapite
1862 4996 1919 5053 cie-

271 5084 483 5159 pmponiturin
496 5082 628 5152 licciedm
646 5080 818 5154 quiajnrein
830 5079 932 5137 sanctis
942 5077 1072 5143 deservit,
1125 5079 1255 5147 sicerum,
1275 5089 1306 5135 nt
1325 5081 1560 5151 impleaturstiam
1575 5084 1698 5154 eorporis
1710 5085 1827 5154 quadam
1841 5086 1920 5143 siuri-

271 5186 303 5235 ct
315 5183 490 5243 sacmmenta
502 5174 609 5245 populis
621 5173 769 5246 dispensat.
794 5170 871 5228 Sient
890 5169 964 5226 enim
977 5170 1005 5225 in
1023 5166 1076 5224 ie-
1126 5168 1241 5225 litedine
1261 5169 1334 5240 quod
1347 5170 1478 5241 seriptum
1491 5181 1534 5228 est
1554 5170 1636 5228 Petro
1655 5175 1779 5245 apostolo
1792 5177 1918 5234 dicente:

275 5265 333 5321 teri
343 5263 520 5321 testamento
529 5262 690 5323 trihuslcvi
699 5277 755 5334 prae
769 5262 876 5319 mreris
890 5260 1014 5319 ulmeus
1029 5274 1077 5331 pe·
1135 5260 1184 5319 ina
1194 5264 1256 5319 estin
1275 5279 1356 5334 quur
1370 5261 1488 5330 electum,
1514 5263 1600 5335 requie
1615 5266 1791 5321 rmntios·
1805 5267 1829 5339 (i
1844 5265 1918 5323 Patr.

272 5354 415 5413 etriialitu
428 5372 444 5410 n
458 5356 574 5415 Domino
585 5356 672 5413 electa
687 5363 729 5410 est
743 5355 779 5410 ad
791 5354 964 5412 serviendum
975 5354 1013 5410 iili
1029 5368 1079 5424 per
1128 5351 1172 5425 ιι).
1191 5351 1326 5421 Quaeritur
1340 5360 1431 5409 autern
1444 5367 1502 5410 cur·
1519 5355 1599 5411 modo
1614 5354 1695 5428 (siem
1709 5357 1781 5426 apud
1794 5358 1921 5428 antiquos

273 5446 389 5503 diversa
402 5444 490 5503 cilicia
501 5447 529 5503 in
541 5445 728 5511 tabernaculo,
743 5445 815 5516 qnod
825 5453 867 5502 est
878 5444 1001 5509 Ecclesia
1012 5460 1079 5516 pras
1128 5444 1283 5519 liumus)
1305 5461 1359 5503 non
1374 5453 1439 5502 ante
1449 5460 1527 5503 coma
1539 5448 1669 5513 rrutritnr,
1684 5454 1714 5502 et
1725 5448 1765 5503 sio
1778 5448 1921 5504 tondetur?

272 5548 354 5599 sens,
369 5542 401 5591 ut
412 5535 534 5591 saniant
547 5535 576 5591 ei
598 5535 643 5591 die
658 5550 692 5591 ae
714 5543 795 5591 nocte
818 5534 962 5605 intemplo
982 5543 1078 5591 saneto
1131 5535 1184 5592 Sed
1196 5536 1311 5607 qnilvaee
1321 5537 1479 5608 eaqnimnt,
1492 5537 1712 5607 advertantquid
1724 5536 1842 5593 sitinter
1854 5536 1921 5593 iliud

271 5624 350 5695 eins,
367 5633 398 5679 nt
411 5625 467 5682 sint
477 5626 578 5696 populo
590 5627 616 5682 in
635 5626 678 5682 iris
700 5641 761 5697 quae
773 5624 807 5681 ad
828 5626 913 5682 Deum
927 5625 1073 5696 pertinent,
1089 5584 1316 5697 ”propheticum
1328 5627 1522 5694 velamentum,
1538 5636 1566 5684 et
1579 5628 1651 5683 hanc
1663 5625 1799 5694 Evangelii
1817 5625 1921 5682 revela-

272 5726 307 5773 ut
322 5714 441 5773 viderant
454 5716 510 5773 ileo
535 5718 605 5773 dona
624 5726 652 5773 et
672 5716 806 5775 sacriticia
820 5732 930 5788 prosus
943 5725 971 5775 et
984 5716 1075 5788 populi
1127 5719 1240 5784 tionem,
1260 5717 1294 5773 de
1307 5732 1361 5787 qua
1378 5718 1444 5775 dicit
1460 5717 1627 5789 Apostolos:
1646 5715 1712 5769 Cum
1725 5716 1863 5771 transmit
1883 5717 1922 5773 ad

272 5806 450 5877 igrromntia,
464 5813 495 5861 ut
504 5803 628 5875 judicent
641 5807 712 5862 inter
722 5804 826 5875 justum
841 5816 869 5863 et
882 5805 1023 5875 iuiustum,
1048 5815 1077 5864 et
1127 5808 1271 5875 dirimam,
1282 5807 1417 5878 reseretur
1431 5806 1597 5877 atiamerffl
1609 5803 1661 5860 Cor
1683 5804 1736 5878 ιιι).
1749 5804 1818 5873 Quid
1828 5816 1922 5863 autem

272 5896 437 5953 discernant
461 5896 533 5951 inter
557 5906 681 5959 sanetum
703 5906 732 5955 et
754 5896 909 5968 profanum,
931 5899 1001 5954 iuter
1016 5897 1074 5969 poi-
1126 5900 1296 5971 significabat
1309 5900 1432 5956 velamen
1447 5899 1633 5968 interpositum
1647 5896 1922 5973 interiaciemlinysi

269 5990 360 6045 lutum
385 5998 414 6045 et
428 5988 580 6055 mundum,
604 5990 772 6061 doceantque
796 5992 923 6063 populum
946 5994 993 6051 ilci
1012 6008 1073 6050 om·
1126 6001 1302 6064 etaspectum
1315 5990 1530 6057 ntommtmu,
1543 5988 1773 6061 hocsipuiiieabat
1787 5989 1916 6047 iiiistern·

481 6078 623 6141 Parnon.
645 6077 742 6142 CVII.
931 6070 938 6083 “
1664 6082 1703 6146 itt

1654 6355 1686 6397 N
