4509 6850
324 632 378 729 ssa
685 614 688 620 ³
809 658 1321 721 conuenr.tsttnrr1teott.-
1339 661 1403 717 mu.
1422 659 1443 717 t.
1908 668 1962 725 ast

323 793 383 856 tem
405 761 528 853 personae
552 792 608 834 sue
630 775 768 846 suscipere
787 774 912 845 dignatus
935 784 988 842 est,
1013 776 1121 846 quando
1135 777 1159 837 A
1173 776 1308 847 uinquam,
1341 787 1503 833 coaeteruum
1532 777 1584 834 sihi
1611 777 1691 836 Pater
1720 780 1814 850 genuit
1843 782 1962 853 liliatas

328 872 444 931 ludunt
454 886 517 926 euro
529 869 629 940 [aetum
643 877 682 922 cst
695 876 719 922 ιι
730 868 855 923 habitauit
869 869 897 922 iu
911 868 993 922 nolis.
1170 867 1328 938 priusquam
1340 870 1423 924 verbo
1436 870 1560 927 veritatis
1573 871 1727 943 adoptionis
1740 871 1792 928 sibi
1809 870 1880 930 ulios
1889 878 1964 932 redi·
2045 937 2050 947 ¹

360 960 515 1032 Resurgent
527 968 616 1013 nutem
629 955 727 1027 loseph
743 972 859 1011 osomno
873 955 933 1026 lecit
944 957 1011 1010 sicut
1021 971 1118 1027 prece·
1170 956 1268 1010 mendo
1281 957 1402 1028 gigvrerel
1413 957 1529 1028 aliquos,
1545 968 1710 1016 coaeternum
1723 961 1779 1017 sihi
1788 960 1870 1019 Pater
1882 974 1964 1021 aeter*

321 1056 365 1128 pit
390 1054 415 1109 ei
433 1050 548 1123 angelus
558 1050 675 1115 Domini,
693 1058 717 1103 et
730 1048 827 1119 accepit
843 1048 980 1119 conjugem
1001 1064 1076 1101 suum
1094 1057 1118 1103 ιι
1169 1062 1221 1101 nus
1231 1049 1324 1118 genuit
1335 1046 1464 1104 Verbum.
1480 1050 1557 1106 Unde
1569 1052 1658 1121 ipsum
1669 1053 1799 1120 Verbum,
1811 1055 1868 1124 ipse
1880 1055 1962 1125 iilius,

322 1138 547 1213 troncognoceiut
560 1154 627 1192 eunt.
646 1135 758 1206 decepit
770 1151 830 1190 cam
844 1136 986 1191 adnomen
998 1134 1119 1205 contingis
1169 1135 1218 1190 Dei
1234 1135 1359 1192 videlicet
1382 1138 1469 1195 virtus
1487 1148 1515 1194 ιι
1533 1140 1681 1210 Sapientia,
1703 1141 1839 1211 loquitur:
1853 1143 1910 1216 lips
1930 1162 1964 1201 ea

320 1233 361 1302 ola
373 1245 471 1288 causas
480 1244 550 1301 quas
564 1227 748 1298 praediximus,
762 1233 790 1281 et
804 1241 856 1281 non
870 1227 1049 1297 cognoscebat
1058 1239 1118 1281 eam
1169 1240 1213 1280 ure
1224 1223 1345 1279 altissimi
1358 1227 1471 1297 prodivi,
1486 1229 1659 1299 primogenitu
1670 1240 1730 1285 onte
1745 1248 1847 1287 omnent
1859 1246 1965 1290 ereatu-

322 1309 360 1380 ad
373 1336 442 1393 opus
455 1317 596 1391 conjugale
607 1318 642 1373 oh
659 1332 759 1372 arcana
769 1331 830 1386 quae
839 1315 982 1371 didicerat.
1169 1329 1226 1368 ram
1242 1313 1338 1386 (Ereti.
1363 1315 1448 1386 xtvv).
1466 1316 1576 1388 Peperit
1597 1334 1662 1390 ergo
1679 1319 1763 1375 diaria
1779 1321 1864 1378 lilium
1881 1339 1962 1380 suum

319 1397 323 1405 ’
360 1402 450 1468 donee
462 1400 564 1482 ¹peperit
583 1407 669 1478 filiunt
692 1422 767 1460 suum
788 1405 1000 1476 primogenitum.
1025 1404 1116 1476 (inq.)
1167 1405 1388 1477 primogenitum,
1405 1407 1431 1462 id
1443 1416 1494 1474 est,
1508 1424 1563 1464 suae
1576 1409 1734 1465 substantiae
1747 1410 1842 1467 lilium.
1853 1411 1963 1484 Peperit

321 1503 466 1560 interdum
480 1501 562 1556 donee
574 1499 687 1555 verbum
710 1514 787 1554 sacra
809 1497 914 1568 eloquia
936 1512 986 1567 pro
1002 1495 1117 1566 conjun-
1166 1505 1227 1547 eum
1240 1495 1286 1564 qui
1300 1504 1328 1550 et
1349 1504 1413 1553 ante
1425 1511 1534 1551 omnem
1548 1508 1701 1553 creaturam
1714 1500 1784 1556 Deus
1802 1503 1835 1557 de
1847 1504 1903 1560 Deo
1916 1520 1961 1559 na-

316 1579 418 1668 :ctione
428 1600 605 1665 praesumunt,
617 1605 670 1662 qua
681 1590 724 1645 vel
734 1599 768 1656 et,
782 1589 824 1645 vel
840 1599 879 1655 ut,
893 1588 1005 1643 indicati
1017 1595 1115 1658 potest.
1167 1591 1211 1639 ttts
1224 1593 1293 1649 erat,
1304 1594 1331 1640 ιι
1344 1586 1372 1642 in
1381 1602 1414 1642 ea
1428 1603 1480 1657 qua
1493 1597 1603 1645 creatus
1616 1600 1658 1645 est
1671 1592 1839 1649 humanitate
1852 1610 1961 1651 omnem

315 1684 359 1759 ,Et
373 1684 435 1741 ideo
448 1684 578 1754 scriptum
594 1691 646 1747 cst,
661 1682 742 1735 donee
759 1680 856 1751 peperit
881 1679 966 1749 {iliram
981 1695 1066 1742 sunm,
1090 1678 1117 1733 id
1166 1676 1264 1731 morito
1276 1685 1428 1732 creaturam
1442 1679 1563 1748 preibat.
1577 1679 1726 1752 Sequitur:

316 1784 378 1847 ιιι,
402 1782 431 1846 ιι
456 1775 562 1847 peperit
584 1773 668 1829 lilium
695 1787 783 1828 suum.
806 1770 918 1843 (llilor.)
940 1770 1118 1843 Cognoscitur
1202 1765 1236 1818 Et
1255 1768 1355 1821 uocauit
1379 1784 1471 1824 nornen
1494 1769 1551 1840 ejus
1569 1769 1671 1826 lesum.
1687 1771 1745 1828 Nou
1769 1775 1841 1844 quod
1864 1778 1959 1833 statim

313 1868 418 1940 ,itaque
432 1868 516 1925 diaria
528 1874 590 1939 post
603 1874 720 1937 partum,
737 1865 764 1920 id
779 1873 830 1930 cst,
844 1864 942 1918 transit
956 1863 982 1917 in
994 1862 1117 1932 aurnjugis
1166 1867 1227 1928 post
1244 1867 1352 1928 partum
1370 1860 1395 1914 ei
1411 1876 1509 1916 nomen
1532 1862 1586 1919 hoc
1606 1862 1775 1935 imposuerit,
1796 1867 1822 1922 id
1845 1876 1896 1934 est,
1912 1867 1959 1924 le-

313 1940 440 2028 ¹nomem
459 1956 630 2032 cognoscitur
643 1964 745 2021 autem,
765 1967 819 2008 non
835 1952 1008 2009 admiscetur.
1023 1952 1115 2024 (Rus.)
1166 1961 1237 2012 sum,
1253 1946 1317 2003 licet
1335 1949 1387 2004 hoo
1406 1959 1471 2007 ante
1490 1963 1651 2024 conceptum
1677 1953 1736 2024 ejus
1757 1958 1876 2028 angelica
1900 1959 1959 2014 sive

312 2046 410 2118 ,duno
420 2046 512 2116 itaque
527 2044 729 2114 intelligendum
742 2050 828 2112 potet,
850 2043 926 2109 quasi
946 2047 1115 2111 postnatunv
1165 2038 1325 2107 prophetica
1338 2040 1518 2109 praedicerent
1534 2044 1642 2099 oracula
1653 2060 1661 2109 3
1674 2045 1734 2108 scd,
1749 2047 1917 2104 sicutLucas
1931 2049 1959 2103 iu

312 2135 410 2198 ¹illium
425 2151 486 2194 catu
496 2133 597 2204 loseph
612 2131 780 2203 cognoverit,
802 2139 832 2184 ut
845 2129 995 2188 helvidiani
1007 2144 1117 2199 perver-
1131 2130 1154 2190 Β
1167 2126 1314 2197 Evangelio
1328 2143 1377 2183 suo
1391 2129 1531 2185 evidenter
1546 2131 1676 2199 insinuat,
1700 2141 1805 2189 certum
1826 2137 1957 2206 temporis

310 2225 431 2296 ¹sissime
447 2224 603 2295 opinantur.
622 2221 673 2290 Qui
696 2221 790 2277 dieunt
813 2219 876 2275 inde
895 2227 970 2275 ortos
986 2234 1048 2274 esse
1067 2232 1115 2275 eos
1167 2217 1314 2272 terminum
1334 2219 1477 2286 denotans,
1507 2221 1656 2276 secundum
1684 2223 1711 2279 id
1737 2226 1809 2294 quud
1837 2226 1865 2281 in
1898 2226 1956 2298 lege

310 2333 392 2393 quos
404 2302 500 2394 [ratres
514 2316 621 2374 Domini
636 2314 774 2385 Scriptura
799 2311 925 2384 appellat,
945 2320 1115 2367 assumentes
1165 2315 1330 2376 praeceptum
1347 2315 1400 2363 est.
1416 2306 1570 2379 Postquam,
1593 2310 1691 2380 inquil,
1707 2315 1880 2369 consummati
1895 2326 1958 2371 sunt

309 2395 374 2468 ¹boc
395 2410 424 2464 in
446 2408 611 2480 ad‘gutorium
625 2408 667 2464 sui
690 2406 802 2472 erroris,
825 2405 896 2475 quod
917 2404 1115 2476 primogenitus
1165 2398 1221 2455 dos
1234 2409 1302 2466 octo,
1315 2408 1343 2454 ut
1356 2401 1672 2473 circumsidereturpuer,
1686 2412 1806 2458 uocatum
1816 2414 1959 2463 adnomen

309 2484 494 2574 ιιιιιίιιιιιιιιιιιι
521 2497 668 2563 Dominum
696 2497 755 2562 scd,
778 2495 849 2566 quod
869 2495 1002 2551 catholica
1026 2494 1115 2566 pictas
1164 2486 1223 2558 ιιι*
1236 2485 1326 2555 Jews
1337 2489 1406 2561 atati
1421 2498 1539 2545 voculam
1554 2499 1591 2545 ιιι
1609 2492 1641 2545 ult
1656 2492 1748 2564 angelo
1762 2495 1915 2568 priusquam
1930 2498 1957 2552 iat

309 2593 410 2662 ditem,
425 2583 595 2648 sentiendum
610 2599 652 2647 est
667 2599 792 2660 parentes
805 2590 890 2645 nostri
909 2588 1059 2645 Salvatoris
1072 2590 1114 2644 in·
1164 2586 1238 2656 “⁸2¹⁰
1252 2579 1431 2650 00'10593'2‘8'
1450 2577 1527 2651 (an.
1539 2579 1582 2652 ¹¹)·
1593 2579 1673 2637 ¹0⁸¹¹⁸
1686 2596 1794 2653 quoque
1814 2582 1957 2653 flebmloes

309 2691 453 2744 ‚temerata
469 2681 552 2739 luisse
563 2697 670 2753 semper
681 2682 836 2753 virginitate
848 2682 1003 2752 praeclaros,
1018 2690 1045 2737 et
1058 2697 1113 2738 non
1164 2668 1259 2726 Latine
1275 2669 1417 2737 Salutaris,
1439 2670 1496 2727 sive
1514 2669 1651 2732 Salvator.
1669 2681 1700 2728 ut
1715 2674 1839 2744 superius
1853 2676 1956 2732 dictum

316 2769 400 2836 filios,
412 2771 459 2828 aad
473 2780 721 2844 aspernamentum,
742 2771 838 2842 fratres
853 2771 967 2837 nomini,
982 2780 1113 2828 consueto
1163 2770 1216 2826 est,
1236 2762 1440 2833 interpretatur,
1462 2760 1539 2831 cujus
1562 2763 1731 2819 vocationem
1756 2764 1873 2821 nominis
1892 2782 1957 2837 pro·

317 2858 523 2932 scripturarum
536 2875 611 2917 ntorc
623 2860 783 2931 nuncupari.
797 2860 885 2931 Atque
899 2860 935 2916 ob
950 2860 978 2915 id
997 2876 1113 2933 evange.
1162 2852 1252 2924 phetis
1264 2853 1348 2924 liquet
1357 2868 1418 2909 esse
1427 2854 1623 2920 certissimam
1639 2853 1715 2911 Unde
1725 2864 1789 2911 suni
1799 2856 1844 2911 illa
1859 2873 1957 2931 magno

316 2939 422 3020 lissam
444 2965 479 3007 an
498 2957 667 3024 mutuatum
686 2950 783 3005 Filium
805 2950 852 3005 liei
873 2965 935 3006 eam
955 2954 1113 3022 cognoveris
1163 2944 1298 3000 desiderio
1318 2944 1429 2999 visionis
1451 2942 1510 3013 ejus
1530 2953 1650 3000 cantata.
1674 2946 1770 3000 Animo
1786 2956 1874 3001 autem
1898 2965 1957 3003 meo

315 3039 415 3103 dicere¹
427 3056 482 3098 uun
500 3055 620 3107 curasse,
632 3040 696 3111 quia
716 3039 782 3095 nulli
804 3040 903 3096 dehoc
923 3041 1112 3114 ambigendum
1162 3036 1301 3092 ensultnoit
1321 3038 1348 3091 iu
1368 3036 1492 3104 Domino,
1504 3046 1529 3092 ιι
1542 3036 1713 3093 delectabitur
1732 3039 1760 3093 iu
1771 3038 1884 3096 solutori
1897 3042 1954 3112 ejus

313 3131 462 3203 pauserit.
488 3130 522 3188 Et
543 3148 638 3188 revera
660 3130 726 3186 nulli
747 3130 936 3203 ambigendum
965 3140 1017 3197 est,
1039 3134 1111 3203 quod
1163 3124 1249 3198 (Paul.
1270 3126 1379 3199 xavtv);
1405 3127 1506 3196 defecit
1531 3128 1559 3183 in
1583 3127 1762 3184 salutarium
1786 3130 1876 3185 unitata
1896 3148 1955 3187 nasu

310 3222 383 3295 lusti
393 3222 534 3296 conjuges,
548 3224 646 3293 quihus
659 3223 685 3277 in
702 3221 865 3293 virginitatis
878 3222 1035 3278 castimonia
1049 3239 1111 3294 per·
1163 3215 1249 3289 (Ptol
1272 3216 1385 3290 cxv¹¹¹>3
1400 3218 1441 3283 Et,
1456 3218 1513 3289 ¹390
1536 3229 1624 3274 aetem
1642 3219 1669 3275 ὶιι
1683 3219 1797 3276 Domino
1811 3219 1954 3292 dedalus,

313 3313 492 3371 manentibus
506 3312 553 3369 Dei
567 3312 665 3368 titium
683 3313 758 3367 nasci
772 3311 903 3383 singulari
917 3312 1003 3382 gratia
1018 3313 1110 3368 datum
1162 3308 1279 3379 poddeho
1294 3311 1323 3364 ln
1347 3309 1403 3365 lleo
1414 3307 1481 3364 least
1502 3325 1559 3365 tneo
1575 3308 1690 3383 (duduc.
1709 3308 1763 3381 ιιι).
1781 3310 1816 3367 Ει
1837 3311 1954 3367 maxime

312 3412 369 3470 ιιι,
391 3401 546 3460 nullatenus
568 3418 602 3460 ex
627 3416 660 3458 eo
683 3402 817 3458 castitatis
835 3401 896 3474 jura
922 3410 1056 3459 temerare
1082 3411 1109 3459 ιι
1162 3400 1227 3458 illud
1239 3419 1246 3456 ε
1260 3400 1293 3457 ln
1314 3402 1418 3458 nomine
1432 3412 1476 3459 tuo
1491 3402 1593 3458 toltum
1617 3418 1659 3458 tue
1673 3401 1715 3473 lac
1729 3401 1816 3475 (Paul.
1831 3401 1901 3476 tvtv).
1914 3403 1954 3460 dc

313 3483 447 3567 templum
466 3495 514 3552 Dei
530 3503 733 3552 sacrosanctum
746 3509 801 3551 snae
814 3495 916 3550 semine
927 3495 1108 3565 corruptionis
1121 3477 1148 3543 C
1161 3491 1183 3548 si
1198 3493 1319 3549 diceret:
1334 3491 1455 3548 Nominis
1469 3493 1507 3548 tui
1524 3493 1649 3564 gloriam,
1665 3492 1712 3563 qui
1736 3492 1861 3548 Salvator
1874 3508 1954 3549 voca·

313 3570 481 3643 attaminare
500 3575 654 3657 potucmnt.
670 3585 823 3642 Notandum
844 3600 951 3656 quoque
965 3586 1036 3656 quod
1047 3587 1108 3657 pri·
1159 3582 1208 3646 ris,
1225 3583 1251 3637 in
1268 3597 1311 3637 me
1325 3582 1454 3638 salvando
1472 3582 1601 3639 clarifica.
1616 3580 1695 3639 lesus
1717 3598 1782 3656 ergo
1794 3598 1894 3640 numen
1911 3593 1954 3640 est

313 3674 447 3748 mogeniti
467 3675 622 3746 nominata
643 3673 832 3729 haereticorum
847 3674 1042 3744 opinationem,
1056 3675 1105 3730 soli
1158 3672 1231 3740 Filii,
1249 3674 1294 3745 qui
1316 3689 1350 3730 cx
1367 3675 1478 3746 Virgine
1502 3681 1648 3741 natusest,
1671 3675 1766 3745 angelo
1787 3685 1950 3746 exponente,

312 3772 380 3821 suut
391 3779 461 3836 quos
475 3764 573 3821 iratres
584 3774 735 3835 sequuntur
749 3765 806 3831 alii,
827 3764 885 3830 sed,
894 3763 972 3834 juxta
988 3768 1106 3822 auctori·
1157 3764 1312 3835 signillcans
1326 3765 1398 3835 quod
1409 3765 1467 3836 ipse
1479 3765 1564 3821 salvet
1574 3764 1700 3835 populum
1710 3781 1790 3821 suum
1804 3781 1820 3820 a
1832 3768 1952 3838 peccatis

313 3863 399 3911 tatem
422 3853 632 3926 scripturarum,
648 3854 804 3925 omnesqui
819 3854 899 3926 primi
914 3854 1020 3910 vulvam
1042 3871 1106 3928 ape-
1156 3869 1260 3911 eorum.
1277 3855 1328 3923 Qui
1340 3864 1429 3912 autem
1445 3855 1532 3912 salvat
1544 3870 1559 3910 a
1571 3857 1700 3925 peccatis,
1717 3856 1745 3912 id
1757 3866 1810 3923 est,
1825 3872 1949 3913 acorru·

311 3941 398 4009 riuvtt,
423 3943 482 4000 sive
501 3942 600 4000 lraues
623 3958 670 4000 eos
683 3943 777 4014 aliqui,
792 3957 839 3999 seu
859 3944 925 3998 nulli
947 3955 1102 4014 sequantur.
1155 3945 1293 4015 ptiouihus
1315 3946 1413 4002 mentis
1435 3953 1463 4002 ct
1485 3943 1617 4015 corporis,
1631 3961 1692 4016 quae
1709 3947 1744 4002 ob
1759 3956 1870 4016 peccata
1887 3963 1951 4005 con-

310 4034 441 4092 Attamen
459 4037 588 4093 muninus
601 4037 710 4107 speciali
724 4037 828 4093 ratione
841 4047 928 4108 potest
942 4039 1105 4110 primogeni-
1156 4035 1274 4106 tingunt,
1295 4050 1346 4092 nec
1372 4050 1426 4092 nou
1445 4043 1473 4091 et
1493 4036 1528 4092 ab
1548 4035 1606 4104 ipsa
1625 4041 1712 4090 morte
1738 4035 1765 4090 in
1789 4044 1948 4107 perpetuum

311 4136 358 4183 tus
371 4116 462 4184 dictus
475 4127 683 4200 intelligi,juxta
697 4129 749 4185 hoe
760 4129 830 4200 quod
845 4130 872 4183 iu
887 4130 1047 4202 Apocalypsi
1064 4132 1104 4187 di·
1155 4122 1278 4178 salvabit.

298 4219 398 4299 eilde
412 4219 459 4275 illo
471 4217 590 4276 loannes
602 4235 610 4274 ι
623 4219 675 4286 put
687 4229 725 4276 eat
740 4223 811 4276 testis
824 4220 920 4291 fidelis,
943 4221 1105 4293 Primoqeni·
1465 4211 1579 4273 cartu
1596 4214 1627 4270 ll.

310 4318 357 4366 ιιιι
367 4320 543 4377 namuurum,
557 4321 582 4365 ιι
597 4311 717 4382 princeps
731 4327 818 4382 aequm
831 4320 918 4367 terrm
935 4310 1026 4382 (Apus.
1037 4309 1057 4381 ι)
1071 4311 1104 4366 Ει
1154 4304 1193 4359 lle
1208 4299 1343 4361 nativitate
1357 4304 1495 4361 Curiatiis
1510 4304 1658 4361 Betltleltem
1672 4305 1757 4372 ludu,
1768 4314 1792 4361 ιι
1802 4307 1903 4377 tttuqis,·
1914 4308 1948 4364 tle

309 4400 452 4474 aposolus
464 4399 564 4455 Paulus
578 4417 585 4454 ι
599 4397 669 4454 Num
681 4417 746 4472 quoa
755 4400 884 4471 proscidit
896 4409 920 4453 ιι
932 4399 1103 4470 predestinata·
1260 4375 1324 4447 [Ψ
1334 4378 1361 4431 Ῐη
1373 4374 1520 4448 AEldim
1529 4386 1552 4431 θ*
1564 4393 1624 4430 ’¹0⁶⁶
1633 4376 1778 4447 infantam,
1790 4383 1845 4433 θῑθ·

294 4490 347 4569 ,ιιι
361 4489 510 4560 tonsorantes
528 4490 587 4560 pieri
601 4489 722 4560 imagineis
743 4487 807 4543 Filii
822 4490 875 4556 tui,
896 4497 924 4542 ut
935 4488 968 4543 sit
981 4488 1035 4559 ipse
1048 4490 1103 4560 pri·
1188 4485 1234 4560 [1.]
1247 4485 1313 4543 Cum
1326 4504 1387 4559 erqo
1400 4496 1478 4543 nutat
1490 4498 1555 4544 esset
1565 4487 1644 4542 lesus
1654 4488 1683 4541 itt
1695 4485 1846 4542 Betltleltena
1857 4487 1943 4554 ludo,

307 4579 457 4650 ιιιικίιιιι
478 4578 611 4633 tumultis
627 4578 753 4649 [nutritus
769 4577 859 4648 (lione
873 4579 944 4651 utut).
964 4577 1103 4650 Privnoge-
1151 4576 1181 4632 itt
1194 4576 1285 4633 dicias
1302 4577 1416 4633 Herodis
1435 4579 1513 4649 repis.
1532 4575 1638 4649 (Mnus.
1650 4575 1714 4648 ilie
1728 4577 1869 4633 undulata
1885 4580 1946 4648 qui·

307 4672 385 4732 nitus
403 4672 504 4743 quippe
526 4680 694 4727 mortuorum
709 4680 832 4738 vocatur,
846 4672 909 4742 quia
924 4681 986 4743 post
1003 4672 1102 4729 multos
1152 4668 1213 4725 dem
1232 4668 1338 4726 homiui
1352 4669 1379 4725 in
1396 4668 1554 4726 Bethlehem
1572 4668 1714 4725 Matthaeus
1725 4667 1866 4739 hucusque
1880 4684 1944 4725 con·

307 4761 373 4822 lieet
387 4762 488 4818 fratrea
507 4763 676 4828 incarnatus,
693 4763 798 4833 primus
809 4763 930 4819 omnium
951 4764 1099 4820 surrexita
1152 4759 1273 4816 sentiunt
1284 4777 1292 4826 ;
1304 4760 1352 4816 sed
1363 4760 1499 4830 quomodo
1517 4770 1545 4816 ιι
1564 4773 1619 4831 qua
1638 4773 1720 4815 causa
1740 4757 1775 4813 ad
1795 4772 1856 4813 eam
1870 4761 1943 4815 veni-

294 4842 437 4917 ἰιιιιιιιὶι
450 4861 478 4908 ιι
490 4851 562 4906 viam
576 4851 608 4907 dc
622 4861 710 4908 morte
723 4852 896 4908 credentibus
909 4854 971 4908 vitae
982 4853 1099 4911 coelestis
1113 4821 1139 4880 D
1151 4860 1212 4910 rent
1228 4851 1327 4922 loseph
1340 4859 1367 4908 ιι
1380 4850 1475 4919 Maria,
1488 4850 1576 4907 Lucas
1588 4850 1711 4922 exponit,
1722 4849 1863 4905 Matthaeus
1872 4864 1942 4920 pras-

306 4943 428 5018 aperuit.
1150 4949 1285 5005 termittit.
1300 4947 1448 5016 Quomodo,
1462 4955 1490 5004 et
1503 4947 1572 5003 illud
1583 4948 1654 5018 quod
1665 4948 1776 5020 angelus
1785 4949 1942 5020 pastoribus

316 5078 319 5082 .
341 5029 545 5102 Primogeuitus
564 5032 591 5087 in
614 5031 706 5088 ntultis
731 5031 871 5100 iratribus,
895 5036 959 5105 quia
976 5046 1102 5107 quotquot
1149 5046 1255 5104 natum,
1271 5047 1300 5094 et
1312 5039 1339 5092 in
1352 5038 1465 5110 praesepi
1483 5037 1602 5109 positum
1621 5037 1808 5106 nuntiaverat;
1823 5046 1851 5095 ιι
1868 5040 1953 5110 quod·

305 5133 459 5193 receperam
473 5141 542 5188 eum,
564 5124 635 5178 dedit
659 5126 697 5178 eis
711 5135 862 5194 potestaten
882 5126 951 5197 filios
975 5127 1023 5181 llei
1041 5127 1100 5196 fieri
1150 5128 1293 5184 multitudo
1308 5128 1410 5184 militiae
1421 5127 1620 5184 coelestislacta
1634 5135 1675 5185 est
1692 5143 1754 5184 cum
1768 5128 1865 5201 angelo
1878 5128 1940 5184 lau·

305 5210 457 5285 (loan.t);
483 5228 599 5284 quorum
632 5223 705 5269 recte
724 5214 919 5284 primogenitus
939 5215 1098 5286 appellatur,
1150 5219 1272 5275 dantium
1290 5219 1454 5285 Dominum
1471 5221 1588 5289 et‘quod
1603 5227 1736 5274 vetuerunt
1753 5226 1894 5290 pastores,
1912 5228 1964 5275 ut·

305 5300 371 5373 quia
382 5315 478 5356 ornnes
491 5301 644 5371 adoptionis
656 5302 726 5358 filios
736 5304 818 5358 ctiam
832 5312 860 5358 ct
874 5303 934 5360 ilius
946 5305 993 5376 qui
1007 5306 1095 5363 incar·
1150 5309 1277 5366 viderunt
1290 5323 1386 5364 verum
1403 5323 1464 5364 usse
1480 5309 1552 5379 quod
1570 5308 1610 5364 eis
1623 5308 1735 5379 angelus
1749 5308 1939 5374 nuntiaveram

305 5394 426 5449 sationis
438 5391 496 5462 eius
513 5403 634 5465 tempora
648 5396 785 5452 nascendo
796 5407 1002 5468 precesserunt,
1014 5398 1098 5470 digni-
1149 5408 1177 5455 et
1189 5399 1260 5469 quod
1271 5398 1315 5453 die
1327 5397 1542 5453 circumcisionis
1553 5412 1610 5452 sure
1623 5395 1703 5452 lesus
1717 5409 1815 5450 nomen
1828 5409 1939 5465 aucupe

305 5489 361 5538 tate
382 5483 570 5554 praegreditur.
586 5483 851 5560 Siquidempussunt
867 5486 903 5541 illi
919 5503 979 5542 cum
993 5488 1097 5543 loauuc
1149 5489 1201 5553 rit,
1227 5487 1298 5542 Luca
1321 5484 1509 5558 perordinem
1529 5492 1669 5549 narrante,
1693 5482 1834 5537 llatthoeus
1856 5490 1937 5538 lacau

307 5574 481 5630 tenuissime
496 5576 589 5630 lcsutvi
606 5593 612 5628 :
630 5576 697 5643 Qvtia
720 5578 765 5648 qui
788 5588 845 5647 post
869 5595 915 5633 uos
928 5580 1017 5645 uenit,
1036 5590 1096 5634 ante
1150 5576 1226 5633 Sicut
1238 5585 1333 5631 eontra
1351 5576 1384 5630 dc
1400 5573 1501 5644 nvagis,
1520 5573 1596 5629 stella
1611 5574 1688 5636 duce,
1712 5572 1747 5625 ah
1764 5569 1874 5626 Oriente
1893 5585 1939 5626 ve·

306 5678 352 5718 aaa
364 5664 453 5734 [uetus
465 5675 514 5732 cat,
529 5666 556 5722 id
569 5675 621 5731 est,
636 5676 697 5737 post
708 5683 757 5722 nos
771 5669 879 5738 quidem
892 5671 919 5725 in
938 5672 1039 5726 mundo
1051 5688 1097 5743 ge·
1148 5667 1285 5723 nientihus
1304 5666 1338 5720 ad
1359 5664 1503 5729 Herodem,
1521 5673 1549 5718 et
1569 5663 1669 5732 Regem
1687 5666 1779 5714 natum
1796 5660 1939 5729 quaerenti-

306 5755 378 5812 aitus
392 5765 446 5822 est,
461 5758 509 5814 sed
529 5759 628 5813 merito
644 5759 753 5813 virtutis
767 5768 794 5814 ct
808 5761 882 5830 regni
903 5763 1097 5832 primogenitus
1148 5758 1210 5823 hus,
1224 5755 1375 5825 oblatisque
1388 5752 1563 5815 muneribus,
1581 5758 1609 5806 et
1620 5751 1653 5807 de
1663 5750 1749 5806 reditu
1762 5765 1868 5816 eorum,
1883 5748 1938 5805 Lu-

306 5848 426 5905 utunium
439 5859 563 5906 nostrum
575 5847 637 5919 juro
651 5857 774 5914 voratur.
787 5849 838 5917 Qui
852 5859 877 5904 et
893 5851 919 5904 iu
935 5851 990 5921 ipsa
1007 5852 1096 5906 divina
1147 5865 1194 5905 cas
1208 5857 1297 5912 tacet,
1313 5847 1453 5902 hlatthaeus
1472 5843 1547 5899 dicit.
1567 5840 1651 5897 Natus
1668 5851 1710 5898 est
1734 5856 1799 5913 ergo
1808 5841 1942 5896 Dorulaus

307 5939 448 5995 uativitatc
467 5955 520 5996 non
545 5941 768 5997 inconvenienter
792 5949 881 6011 potest
902 5943 1110 6013 primogenitus
1147 5939 1225 5995 lesus
1237 5939 1264 5994 in
1275 5938 1384 5994 civitate
1393 5952 1453 6008 qun
1467 5934 1623 5990 Bethlehem
1636 5932 1704 5987 luda
1716 5932 1828 6000 dicitur,
1842 5934 1876 5987 ad
1888 5932 1937 5987 dil-

305 6026 374 6095 dei,
389 6030 453 6102 quia
477 6031 635 6101 priusquam
650 6039 804 6085 creaturam
827 6030 950 6086 lateieudo
971 6032 1093 6102 gigneret
1148 6028 1290 6084 serenatiam
1315 6027 1425 6083 alterius
1444 6043 1503 6096 quse
1522 6026 1549 6080 in
1564 6024 1672 6081 Galilaea
1695 6025 1808 6079 liabetur
1824 6025 1850 6079 in
1866 6024 1942 6080 tt‘tltta
