4509 6850
352 600 399 655 rrr
676 589 705 643 o.
726 583 853 640 nterim
874 579 983 637 rtrum
1003 575 1162 633 tuetur-n.
1184 573 1339 632 rroeunr.
1360 571 1503 630 oemunt
1523 571 1612 627 runs
1631 571 1652 627 t.
1933 572 1993 628 132

351 720 470 769 ruentum
489 705 588 762 crrlnnr
607 702 731 758 conditor
746 697 902 769 appellarit,
926 692 1087 764 antiquioris
1110 690 1141 743 it·
1156 692 1179 749 ‚l
1194 691 1289 746 delicet
1303 687 1680 760 propternnrltitidos‘carunt
1707 688 1790 751 sinus,
1814 692 1860 760 qni
1882 691 1995 748 ‹lirersa

350 803 401 856 lias
413 795 540 852 rnealrnlo
553 798 745 860 nuneupatunr.
767 789 800 841 Et
816 788 852 842 ita
869 785 951 841 totius
963 782 1056 838 mnndi
1082 795 1139 834 rna·
1191 795 1239 850 pro
1251 780 1391 850 regionum
1410 777 1584 833 rocalmiiset
1597 780 1647 849 ipsi
1663 781 1771 835 nornine
1790 782 1955 837 sortiuntur.

349 891 468 950 clrinarn,
483 900 544 941 curn
556 897 609 936 una
627 884 722 935 domus
733 887 815 942 esset,
833 877 859 931 iu
871 876 938 930 tiaras
948 874 1039 929 divisit
1050 871 1140 942 regio-
1226 870 1260 924 Et
1277 871 1339 925 cidit
1356 869 1427 923 Dens
1450 868 1600 940 qnod‘etret
1626 869 1730 926 bonaur.
1757 870 1812 926 Nee
1829 872 1895 928 dum
1919 881 1996 928 terra

351 996 408 1034 nes.
432 973 577 1031 Divisionis
604 980 693 1025 autern
711 970 770 1024 ltaec
785 967 834 1021 init
852 981 945 1030 cansa,
971 971 1000 1019 ut
1021 976 1139 1033 superna
1191 960 1368 1031 germinabat,
1385 957 1997 1030 necdunrrelipsarclaqnmanimantiauitra

351 1072 425 1142 regio
446 1068 550 1140 angelis
576 1061 769 1126 habitaculum,
789 1059 900 1117 interior
928 1070 993 1112 vero
1007 1055 1142 1125 praeberet
1191 1055 1382 1126 produxerant,
1395 1063 1422 1111 et
1435 1054 1633 1110 tamennidere
1646 1054 1907 1127 diciturlleusquod
1920 1066 1998 1113 essct

352 1160 515 1216 bonrinilnrs.
535 1156 597 1211 liaec
608 1162 701 1209 nostro
711 1152 785 1223 operi
803 1149 897 1220 paucis
917 1148 1037 1202 inserere
1052 1143 1140 1209 libuit,
1193 1149 1292 1204 bonum
1305 1148 1461 1204 cadentibus
1476 1147 1727 1218 aquis'appanrlsse
1741 1149 1857 1215 aridam,
1877 1150 1941 1220 quia
1956 1150 1998 1205 rl-

352 1262 381 1306 nt
399 1257 528 1322 qnantum
561 1246 613 1301 lroe
634 1243 744 1298 Parrum
772 1239 862 1296 sensui
881 1236 1037 1302 concordet,
1056 1233 1145 1291 lector
1192 1238 1289 1294 delicet
1308 1253 1384 1308 aequo
1398 1238 1549 1293 aestimator
1566 1237 1752 1293 universitatis
1768 1240 1920 1310 praevidens
1933 1255 1998 1310 quar

352 1349 488 1414 agnoscat.
1193 1328 1283 1384 sutura
1301 1336 1375 1393 sunt,
1399 1327 1476 1397 quasi
1490 1325 1610 1398 perfecta
1632 1327 1689 1398 jam
1708 1328 1808 1393 laudat,
1824 1346 1885 1401 qum
1905 1332 1999 1387 adbuc

678 1422 790 1481 certia
807 1422 852 1478 lv.
1192 1420 1272 1490 prirni
1284 1419 1374 1489 operis
1391 1418 1502 1475 eroum
1517 1426 1589 1474 strat.
1614 1415 1670 1475 Nec
1693 1420 1801 1485 mirum,
1824 1421 1896 1492 apud
1911 1437 1998 1492 quern

352 1520 401 1575 titt
416 1536 491 1591 uque
503 1536 518 1572 n
530 1526 600 1572 terro
622 1515 752 1585 reparatio
763 1514 821 1582 fieri
833 1513 952 1581 jubetur,
966 1518 1074 1564 erterra
1084 1524 1143 1580 per·
1193 1524 1283 1565 rerum
1307 1508 1448 1580 perfectio,
1464 1523 1517 1564 non
1540 1509 1566 1563 in
1584 1511 1816 1567 consummatione
1830 1513 1934 1583 operis,
1948 1513 1999 1570 sed

615 1588 716 1639 ”tiuare
731 1585 775 1638 ‘fil
787 1585 875 1636 tertie.
1193 1600 1219 1654 in
1236 1614 1291 1655 snae
1304 1609 1346 1655 est
1357 1599 1596 1669 predestinatione
1606 1601 1761 1659 voluntatis:

385 1706 459 1760 birli
489 1722 550 1759 erro
583 1698 883 1770 berrr:Corrqreqentur
905 1712 992 1769 nque,
1012 1712 1072 1768 quar
1094 1695 1141 1749 aab
1228 1690 1263 1745 Et
1278 1688 1481 1745 uitsGerminet
1497 1692 1694 1747 terra-iterium·
1706 1693 1841 1760 virentem,
1855 1706 1880 1750 et
1897 1697 1999 1766 facien·

350 1797 411 1852 ento
423 1806 492 1858 snat,
507 1796 534 1849 in
546 1795 631 1847 ioenrn
644 1807 736 1856 ornnem,
752 1800 777 1844 et
794 1788 1018 1860 apparentnridn.
1035 1786 1143 1841 Subdu·
1193 1795 1244 1844 gera
1268 1795 1365 1845 semen,
1395 1788 1419 1834 et
1442 1779 1542 1850 liquem
1568 1781 1727 1851 pontiseram
1753 1784 1852 1853 [namt
1877 1786 1998 1856 [rueram

351 1899 450 1943 cuntur
463 1902 540 1956 oquae
566 1900 625 1955 epum
645 1885 714 1937 inter
736 1882 834 1937 eoelurrr
858 1890 885 1934 ct
900 1890 1001 1934 terram
1016 1877 1141 1931 universa
1189 1870 1269 1939 jaula
1281 1883 1466 1940 qenes—strum,
1481 1871 1558 1941 cajeta
1572 1872 1701 1927 nemenio
1718 1875 1854 1945 semetipse
1868 1876 1900 1930 ait
1915 1894 1999 1946 super

350 1980 560 2050 conpleverant,
584 1985 611 2031 et
635 1991 717 2029 rrnunr
732 1979 932 2045 congregantur
947 1970 1087 2029 inlocum
1111 1975 1143 2022 ut
1194 1971 1302 2015 tetrum·
1326 1961 1359 2015 dli
1379 1962 1479 2031 iactum
1500 1972 1544 2016 θεῖ’
1561 1963 1609 2017 t'itl·
1625 1962 1660 2017 Ei
1680 1963 1789 2034 promiti
1804 1974 1874 2020 iert'u
1888 1966 1997 2021 iterium

349 2080 376 2122 ,q
399 2071 440 2122 qn,
462 2085 522 2137 (μω
537 2067 674 2138 [merim
694 2067 774 2120 qqqqo
796 2078 881 2133 aquas
897 2064 969 2117 clara
994 2061 1140 2125 iugeratim,
1156 2036 1327 2118 Beronum,
1344 2064 1368 2107 et
1389 2053 1548 2121 offerentem*
1567 2069 1654 2109 senten
1677 2054 1758 2124 jueta
1789 2071 1871 2126 genna
1898 2074 1995 2119 aerem,

349 2160 449 2213 clarior
468 2172 536 2227 puro
561 2157 595 2209 in·
611 2167 674 2209 aere
703 2153 912 2222 splendesceret,
935 2159 962 2208 et
992 2160 1064 2206 terra
1081 2164 1142 2218 quae
1192 2141 1342 2214 lignumque
1364 2142 1463 2212 iaciens
1488 2143 1614 2212 fraretum,
1642 2153 1667 2198 et
1681 2144 1779 2200 boiens
1792 2147 1998 2218 unumquodque

350 2251 449 2305 tatelrnt
470 2253 630 2319 appareret;
660 2258 773 2314 quoqne
800 2250 924 2298 contecta
947 2240 1025 2310 aquis
1046 2239 1148 2295 limosa·

350 2339 475 2394 manebat
509 2344 536 2391 ct
556 2335 682 2398 inralida,
708 2335 804 2388 barum
826 2334 952 2388 abscessu
981 2331 1140 2387 redderetur

350 2430 435 2491 aritia,
449 2436 477 2481 et
491 2425 668 2495 suscipiendis
682 2434 743 2494 apta
758 2424 935 2494 germinibus.
957 2422 1058 2492 Siquis
1077 2436 1142 2476 rcro

351 2518 485 2591 quesierit
501 2518 545 2571 nbi
559 2526 728 2586 cirogrcgot‘e
740 2524 804 2569 sunt
817 2530 894 2584 aquae
905 2530 964 2585 quae
979 2529 1073 2569 onmes
1089 2523 1143 2569 ler-

351 2622 388 2668 r'm
404 2620 495 2681 partes
509 2610 542 2664 ad
557 2608 654 2664 cdrltltlt
667 2622 752 2676 usqne
767 2615 973 2675 cooperuerunt,
1000 2606 1068 2661 sciat
1095 2621 1143 2676 po-

1192 2246 1333 2291 sementem
1354 2236 1497 2291 secundam
1520 2238 1631 2308 speciem
1658 2253 1745 2294 ruam.
1775 2239 1810 2295 m
1835 2242 1900 2296 uidit
1924 2242 1998 2297 Dee

1192 2326 1339 2397 qaod-erret
1357 2326 1463 2392 ionum,
1478 2326 1629 2400 [actumque
1642 2340 1681 2384 eat
1694 2345 1799 2401 vespere
1811 2342 1835 2387 et
1850 2349 1928 2387 mene
1941 2334 1998 2389 dier

1193 2421 1297 2475 tertiari
1312 2420 1390 2475 Patet
1407 2437 1440 2476 ex
1454 2421 1496 2476 iris
1510 2419 1558 2477 Ilei
1573 2422 1663 2478 rerbis
1681 2424 1743 2493 qnia
1768 2438 1852 2480 remo
1874 2435 1999 2497 tenrpore

1194 2515 1287 2570 mnndi
1301 2523 1343 2570 cst
1353 2514 1491 2585 periectas
1502 2523 1625 2570 ornatus.
1644 2514 1672 2570 ln
1685 2516 1739 2572 lroc
1749 2516 1822 2573 enim
1835 2517 1924 2575 soleat
1935 2519 1998 2575 lncr-

1193 2610 1236 2664 ba·
1258 2609 1377 2663 vlrentes
1402 2623 1534 2678 apparere
1552 2608 1579 2663 in
1604 2616 1686 2674 terra,
1709 2617 1737 2665 et
1765 2609 1838 2681 ligna
1863 2612 1999 2682 pomifera

351 2706 435 2759 tuisse
458 2712 488 2758 ut
503 2712 575 2757 terra
600 2702 656 2771 ipsa
675 2701 754 2771 longe
773 2700 880 2769 lateque
901 2696 978 2766 jussu
1003 2695 1143 2752 Crantoris
1194 2710 1275 2759 sinen.
1301 2701 1441 2771 Simulque
1457 2703 1606 2758 notandum
1620 2702 1693 2773 qnod
1715 2718 1770 2758 non
1792 2705 1880 2774 prima
1896 2705 1998 2760 herba·

350 2793 492 2850 subsidens
520 2793 587 2847 alias
604 2801 693 2863 partes
710 2792 843 2862 preberet
869 2803 1015 2853 concavas,
1042 2788 1141 2858 qulbus
1196 2793 1590 2864 nrmarbonrmqnegermino
1615 2793 1776 2860 desemine,
1800 2796 1847 2850 sed
1871 2797 2001 2866 prodiere

351 2886 518 2942 ronilnentes
542 2901 617 2956 aquae
634 2885 828 2954 reciperentur,
855 2892 885 2937 ut
905 2889 1048 2951 appareret
1067 2879 1143 2934 arida
1195 2883 1228 2939 de
1241 2893 1324 2936 terra.
1340 2881 1405 2936 Nam
1419 2882 1452 2937 ad
1467 2900 1548 2938 unam
1569 2883 1895 2953 Conditorisjossionem.
1912 2897 1998 2953 terra,

352 2994 385 3035 er
398 2980 440 3033 bis
455 2979 578 3049 partibus
596 2977 666 3031 unde
681 2977 778 3031 lrunrer
793 2975 980 3030 excederetur
998 2972 1073 3027 arida
1096 2970 1144 3025 lie-
1195 2989 1256 3047 qne,
1267 2975 1342 3030 arida
1354 2976 1510 3045 apparebat,
1521 2976 1894 3048 mpenteberblseemptnset
1905 2993 2001 3034 uerno-

352 3084 401 3128 ret.
417 3072 509 3127 Potest
523 3057 604 3128 etium
628 3087 681 3124 nnn
701 3069 818 3123 absurde
829 3066 1037 3122 credi-rariores
1064 3064 1146 3136 (sient
1196 3067 1271 3122 ribus
1284 3074 1326 3121 est
1338 3067 1433 3121 reslita
1449 3066 1619 3133 florentibus,
1636 3076 1720 3138 atque
1729 3069 1788 3124 lnce
1802 3069 1944 3136 continuo,
1957 3070 2001 3126 sui

291 3221 297 3226 ,
351 3170 474 3232 etsupra
492 3155 774 3228 commemoravimus)
789 3158 935 3229 primarias
948 3157 1031 3211 inisse
1045 3170 1142 3224 aquas,
1196 3171 1310 3227 quaeque
1323 3157 1452 3227 germinis
1472 3172 1552 3227 poma
1568 3172 1600 3213 er
1614 3173 1674 3213 sese
1686 3173 1718 3212 ne
1737 3157 1841 3213 semina
1862 3159 2001 3229 produxe·

351 3268 412 3324 qnae
427 3252 499 3306 relrrt
514 3252 610 3307 nebula
626 3262 712 3305 terras
728 3258 858 3321 tegerent,
873 3248 1082 3319 congregatione
1100 3262 1146 3300 au·
1197 3258 1270 3304 nunt.
1295 3247 1444 3318 Oportebat
1469 3250 1541 3304 en‘m
1557 3258 1587 3303 ut
1611 3249 1698 3303 forma
1724 3263 1837 3320 quaeque
1852 3264 1944 3304 rerum
1966 3250 2002 3305 ad

354 3352 407 3397 torn
423 3357 483 3397 esse
497 3342 639 3412 spissatas,
653 3356 714 3409 ane
727 3340 797 3394 datis
807 3338 937 3394 sibliocis
947 3338 1007 3407 capi
1024 3344 1143 3407 possent,
1198 3342 1339 3414 imperinm
1355 3336 1461 3397 Domini
1486 3343 1573 3413 primo
1589 3342 1709 3412 perfecte
1735 3341 1907 3413 procederet,
1931 3359 2000 3413 qino.

355 3442 503 3503 apparente
522 3433 597 3488 arida
609 3433 635 3486 ln
647 3432 767 3501 reliquis.
785 3431 972 3492 Benearnum,
988 3445 1049 3484 cum
1060 3428 1145 3483 multu
1200 3437 1279 3492 nmen
1294 3437 1416 3491 crimino
1431 3437 1498 3507 lpse,
1521 3445 1631 3506 proptor
1644 3451 1725 3506 qoem
1739 3435 1830 3490 omnia
1851 3435 1922 3490 laeta
1938 3442 2004 3490 sunt

355 3532 462 3579 constet
476 3538 537 3579 esse
555 3523 654 3588 roario,
673 3524 700 3577 iu
714 3522 808 3579 locunt·
826 3534 911 3576 unum
925 3528 1017 3576 tamen
1031 3534 1147 3592 congle-
1201 3530 1227 3583 ln
1243 3539 1325 3594 terra,
1340 3526 1475 3598 perlectae,
1487 3529 1539 3583 boc
1550 3527 1739 3597 estinrenilis,
1750 3527 1840 3582 etatis
1853 3525 2004 3596 plasmatus

354 3625 432 3686 gatus
455 3614 521 3670 dicit
544 3628 640 3683 aquas,
660 3613 724 3683 qnia
744 3611 870 3667 videlieet
894 3619 1001 3666 cuncta·
1019 3612 1077 3666 lime
1089 3609 1148 3680 jugi
1201 3617 1426 3675 assecreqendus
1438 3625 1492 3673 est,

356 3709 525 3776 nudantque
546 3706 684 3769 continua,
718 3705 826 3760 Oceano
850 3718 882 3758 ae
906 3703 975 3756 mori
999 3701 1152 3772 jnngrrnlur
1522 3729 1636 3786 CAPUT
1655 3726 1687 3783 g·

358 3813 466 3868 magno.
480 3796 532 3851 Sed
551 3797 573 3851 si
589 3795 635 3865 qui
647 3795 721 3850 laicus
735 3793 762 3848 in
776 3794 939 3863 semetipsos
951 3792 1077 3847 ridentur
1089 3806 1151 3847 esse
1203 3820 1252 3876 pb,
1271 3820 1413 3874 pum-„arga
1432 3820 1632 3889 fimiqupwmffi
1649 3831 1673 3875 ε,
1690 3821 1759 3890 swa
1772 3830 1831 3875 ,m
1843 3818 2003 3890 demum·

357 3887 566 3957 circumscribe
580 3895 608 3940 0¹
622 3886 671 3940 llil&
682 3884 772 3946 filimi
786 3883 901 3938 000¹¹¹¹58
915 3881 1076 3951 quibusdam
1091 3896 1150 3950 per·
1220 3891 1295 3947 Dixit
1310 3901 1398 3945 autern
1412 3891 1482 3946 Draco
1495 3906 1504 3944 :
1519 3889 1599 3945 Fiunt
1614 3890 1758 3946 ibrninuriu
1772 3890 1800 3944 in
1816 3888 1988 3963 firnramcnte

359 3979 461 4034 iuratos
472 3977 597 4033 cavernis
608 3977 635 4030 in
646 3989 722 4030 mare
735 3990 799 4030 suos
818 3973 943 4028 evolvere
955 3980 1068 4026 meatus.
1082 3971 1150 4026 Num
1203 3984 1269 4038 caep,
1300 3980 1410 4037 picenti
1440 3981 1507 4036 saris
1527 3982 1622 4036 oraine
1644 3981 1762 4039 inlinens
1783 3980 1949 4036 ermperto
1964 3978 2006 4033 tn.

358 4065 950 4141 etiossrrreslroepnteoramprobant,qnio
969 4062 1047 4118 tellus
1062 4063 1152 4118 onnris
1202 4076 1281 4130 torm}
1308 4091 1456 4146 enngrnnm
1482 4076 1606 4145 procedit·
1636 4075 1671 4130 ad
1695 4073 1819 4137 lerinam.
1853 4074 2004 4145 Postquam

357 4177 405 4232 per
420 4159 569 4215 irrrisibiles
585 4172 668 4213 serras
681 4157 760 4227 aquis
773 4165 815 4211 est
837 4155 938 4225 repieta
965 4153 1150 4219 nranantibtrs,
1202 4165 1353 4220 enim-anto
1363 4166 1567 4236 oningqnqfflqu
1582 4165 1673 4222 saecqn
1689 4165 1772 4230 diem,
1791 4164 1933 4222 0021me
1950 4174 2006 4221 ger.

357 4268 417 4323 que
433 4253 591 4307 trabentes
605 4251 671 4306 nruri
687 4250 861 4321 principium,
1203 4270 1261 4311 ram
1277 4264 1414 4325 et'aqnam
1437 4255 1508 4311 Deus
1522 4256 1636 4321 crearit,
1654 4256 1707 4311 boe
1731 4263 1772 4311 est
1788 4255 1958 4326 semrom
1972 4255 2005 4310 p.

392 4343 428 4396 Et
442 4344 539 4397 nocant
562 4341 632 4395 Deve
650 4341 754 4394 aridam
768 4349 876 4404 terrem,
892 4338 1153 4409 vilifidifflllssltlfle
1204 4347 1302 4402 lomet
1312 4344 1480 4416 spiritualem
1493 4360 1563 4401 cnm*
1574 4347 1630 4402 suls
1649 4346 1744 4403 ineolis
1763 4346 1906 4413 mandatu,
1922 4355 1951 4404 et
1965 4347 2006 4402 in·

357 4449 486 4505 uqtttrtttm
507 4431 754 4502 appellutaitrttttitt.
778 4429 858 4485 Prius
873 4430 981 4499 quidem
999 4429 1033 4483 ad
1053 4428 1151 4492 distin*
1204 4434 1319 4493 formem
1343 4437 1491 4492 materiam
1509 4437 1592 4492 [otius
1614 4435 1812 4508 hujusmundi,
1834 4435 1913 4506 juxta
1928 4435 2006 4507 quod

357 4527 475 4580 ctionern
502 4538 644 4593 aquarum,
673 4531 758 4578 totam
782 4522 853 4577 irene
874 4521 1028 4577 solidiorem
1059 4516 1153 4574 nrunrli
1204 4526 1410 4597 scriptumest:
1427 4525 1479 4592 Qui
1497 4526 2005 4583 nisitfnoerernnmerenoienanniano·-

357 4623 462 4687 partein
476 4614 619 4684 appellarit
634 4623 745 4679 terram,
762 4629 823 4669 cum
843 4613 962 4669 diceret:
981 4611 1014 4666 ln
1025 4611 1153 4682 prirrdpiu
1205 4617 1260 4672 snei
1274 4616 1369 4688 (Eceli.
1381 4617 1463 4689 nn);
1480 4616 2005 4689 primnhnjns‘saeeuliqlelucemiecit,

358 4708 454 4761 crearit
472 4704 543 4758 Dens
555 4703 645 4758 ceiam
658 4713 790 4765 etterronr
801 4721 810 4767 ,·
822 4711 990 4758 term-entem
1003 4701 1153 4755 erminonis
1167 4737 1193 4798 D
1206 4716 1389 4776 qnae-coeteras
1400 4717 1538 4764 creaturos
1553 4708 1653 4778 speciei
1674 4721 1794 4779 capaces
1803 4709 1941 4766 redderet
1957 4707 2007 4764 Se·

358 4800 383 4846 et
402 4806 494 4844 aucae.
520 4789 555 4841 et
580 4803 651 4843 none
674 4799 815 4858 postquam
839 4787 1024 4856 iormariJ'nrn-
1037 4786 1154 4840 mondus
1207 4796 1508 4852 cunq02fiffflam0mum
1522 4796 1594 4863 mele,
1609 4798 1774 4869 superiorem
1790 4795 2007 4866 qqffioethnjq,

360 4879 465 4947 incipit,
478 4886 516 4941 et,
529 4877 606 4946 aquis
623 4892 701 4930 suurn
720 4877 746 4930 in
761 4876 849 4932 locum
861 4875 1059 4939 recedentibus,
1075 4884 1154 4930 terrm
1208 4886 1302 4942 muniti
1318 4894 1424 4956 pafrem
1439 4886 1466 4940 in
1491 4885 1739 4956 aqnammmqto·
1751 4885 1887 4941 solidante
1913 4883 2007 4942 ‘renio

361 4966 445 5022 iacies
458 4975 581 5037 apparet,
595 4967 629 5020 ad
642 4966 843 5020 distinctionem
858 4966 944 5034 partis
956 4962 1016 5032 ejus
1029 4980 1089 5035 qum
1104 4966 1153 5020 ad·

360 5059 416 5113 buc
427 5057 505 5128 aquis
518 5057 700 5127 premebatur,
720 5065 818 5111 caetera
831 5056 930 5126 portio,
951 5070 1033 5126 qaam
1050 5056 1155 5111 aridam

361 5164 422 5205 esse
434 5148 541 5214 licebat,
558 5156 638 5203 terrae
658 5161 756 5203 nomen
778 5147 890 5218 accepit.
916 5146 980 5203 inde
1002 5147 1157 5204 dictumest

361 5241 468 5307 Latine,
483 5243 555 5312 qued
578 5241 756 5295 animantium
779 5240 891 5309 pedibus
910 5249 1022 5296 teratur.
1037 5240 1156 5313 Congre—

362 5334 485 5403 gotiones
504 5346 636 5402 aquarum
655 5332 823 5402 appellantur
844 5334 938 5398 marin,
957 5334 1155 5406 ridelicctpro·

364 5423 436 5476 xirna
452 5420 517 5493 [lt.,
533 5437 583 5491 pro
598 5420 727 5494 maxima]
743 5422 784 5476 sui
796 5431 882 5492 parte.
898 5422 965 5476 Nam
978 5430 1006 5477 et
1019 5423 1091 5492 apud
1103 5421 1157 5478 iio·

364 5521 566 5567 eneoseunetae
579 5526 711 5581 aquarum
736 5511 971 5584 congregationes,
987 5512 1044 5568 sire
1069 5513 1157 5578 salsae,

364 5605 422 5659 sire
437 5605 492 5659 sint
514 5604 616 5670 dulces,
631 5603 759 5674 appellari
786 5606 913 5660 dicuntur
935 5605 1030 5660 marin.
1049 5605 1083 5660 Et
1096 5615 1159 5676 apte

364 5695 410 5763 qni
434 5696 508 5763 prins
531 5703 642 5767 propter
666 5695 896 5750 continuationem
920 5696 1112 5765 omniumque
1130 5697 1157 5751 in

365 5787 445 5841 terris
458 5797 520 5842 sunt
540 5801 682 5857 arpraruur,
702 5787 729 5841 in
750 5786 837 5841 lecum
860 5802 942 5841 unum
954 5801 1001 5841 ees
1013 5787 1081 5841 dixit
1093 5801 1158 5842 con·

364 5886 499 5948 gregatas,
527 5887 639 5933 nuncet
662 5893 756 5933 earnm
778 5877 999 5948 congregationes
1018 5878 1158 5947 pluraliter

366 5967 497 6033 nominat,
511 5977 538 6024 et
553 5970 610 6022 bne
628 5968 756 6037 appellari
773 5967 857 6022 maria
870 5967 1011 6036 pluraliter
1026 5968 1100 6037 dicit,
1115 5971 1156 6026 ri·

1209 4974 1426 5031 ininierioribus
1438 4990 1514 5030 mare
1527 4984 1670 5044 terrasque
1683 4975 1740 5030 suls
1752 4974 1873 5031 decrerit
1895 4974 2007 5041 linibus,

1209 5078 1356 5133 aeremque
1368 5064 1425 5119 suis
1439 5064 1466 5118 in
1487 5063 1553 5119 locis
1567 5064 1762 5134 cedentesque
1785 5062 1903 5121 amunta
1922 5065 2009 5136 Oper-

1209 5156 1260 5212 tnit
1278 5170 1343 5228 ergo
1354 5164 1384 5212 ut
1397 5155 1490 5212 eodem
1503 5171 1556 5227 que
1570 5163 1661 5213 creata
1672 5155 2009 5227 suntordineproiectam

1210 5254 1339 5318 caperent
1357 5248 1492 5305 elementa
1507 5246 1645 5318 amplioris
1659 5255 1783 5314 ornatus,
1799 5246 1828 5303 id
1841 5256 1895 5314 ese,
1909 5258 2009 5321 quarto

1210 5339 1254 5395 die
1273 5338 1372 5395 eoelum
1397 5338 1574 5396 luminaribus
1586 5340 1774 5411 insigniretur,
1800 5339 1898 5410 qniuto
1921 5348 2011 5397 aeret

1211 5442 1299 5493 mare,
1314 5440 1391 5484 sexto
1402 5437 1475 5486 terra
1489 5430 1546 5485 suis
1559 5430 1719 5500 impleretur
1729 5431 1925 5487 animantibus.
1940 5430 2011 5487 llam

1211 5520 1283 5588 qnod
1293 5520 1337 5575 die
1347 5519 1427 5575 tertla
1444 5530 1515 5575 terra
1528 5521 1621 5577 beriris
1633 5528 1675 5577 est
1687 5522 1884 5592 arboribusque
1899 5522 2011 5588 restiti,

1211 5629 1265 5670 non
1277 5614 1310 5669 ad
1331 5623 1456 5669 ornatum
1479 5614 1547 5685 eins,
1563 5616 1610 5671 sed
1623 5615 1656 5670 ad
1670 5615 1809 5686 ipsimae
1824 5615 1862 5671 ita
1880 5614 2016 5681 dixerint„

1213 5704 1306 5776 irgnrar
1319 5703 1377 5772 ejns
1388 5704 1559 5775 superficiem
1580 5706 1707 5777 pertinet.

1247 5793 1416 5848 Diriluatent
1437 5795 1525 5850 Deae:
1544 5794 1625 5852 Fiunt
1639 5795 1782 5851 lurniauriu
1803 5797 1830 5851 in
1842 5796 2011 5866 rimantem

1211 5884 1276 5948 corii,
1288 5896 1312 5938 et
1323 5885 1440 5938 diridnnt
1449 5885 1517 5940 dicor
1530 5903 1560 5940 nc
1573 5897 1681 5941 noctem.
1694 5886 1732 5941 Ea
1743 5887 1768 5940 ri
1779 5885 1866 5943 reticet
1877 5886 2012 5943 divisione

1211 5988 1270 6042 qun
1284 5976 1310 6031 in
1326 5977 1501 6045 sementibus
1516 5977 1668 6047 explicatur
1687 5978 1817 6047 apertius,
1839 5985 1869 6050 ut
1890 5977 1933 6034 soi
1949 5976 2012 6047 qui-
