4509 6850
311 617 362 674 539
635 609 664 663 Β.
686 609 809 664 itabant
829 609 936 664 titum
954 609 1112 664 nlilitum.
1135 609 1289 666 tibitibi.
1310 609 1450 666 Ol‘btibtt
1468 611 1557 668 PARS
1575 613 1596 667 l.
1881 615 1935 672 att

346 722 508 792 deducitque
531 736 632 774 attinent
658 719 845 784 stibrtautiatn,
867 729 891 772 ci
916 719 961 772 hot
989 721 1095 789 [intrent
1111 722 1135 779 A
1148 729 1211 774 octo
1223 724 1414 780 comitantibus
1438 727 1608 781 aduersarios
1629 727 1764 797 principes
1786 727 1946 794 debellarit,

309 830 386 869 titum
402 829 460 866 cnm
470 810 616 865 substantia
630 809 712 872 illius,
726 809 846 864 mulieres
860 829 960 882 ottoque
976 822 999 866 ct
1014 828 1097 882 popu-
1147 809 1204 878 jam
1221 811 1247 864 io
1258 821 1427 869 sacramento
1437 816 1536 881 erucis,
1547 814 1623 884 ciijirs
1633 815 1716 888 figura
1729 809 1801 887 perr
1815 815 1937 874 litterani

310 906 374 958 lum.
397 903 505 973 llpstice
518 902 725 971 igiturqitatnor
737 915 814 970 reges
823 901 868 970 qui
885 901 1003 970 qttiiique
1021 915 1099 970 repes
1150 900 1272 956 Graecam
1288 913 1470 960 trecentorum
1496 922 1608 961 numero
1622 909 1791 978 exprimitur,
1808 908 1947 982 imagina-

311 1004 514 1064 superaieraui,
537 998 650 1062 possunt
663 992 813 1046 contrarias
835 1001 981 1062 potestates
996 993 1098 1064 signill-
1150 991 1240 1056 batur,
1266 993 1336 1062 quod
1348 1010 1398 1050 nos
1407 995 1507 1050 Christi
1530 998 1783 1067 passiolilicrareta
1804 1000 1946 1056 dominatu

311 1102 384 1150 aare,
410 1099 469 1152 que
483 1082 605 1138 carnales
620 1082 738 1151 quinque
762 1083 885 1138 sensibus
897 1084 1020 1154 corporis
1034 1082 1099 1137 abu·
1151 1082 1269 1138 carnalis
1284 1099 1388 1150 sensns,
1408 1087 1453 1156 qui
1470 1102 1519 1143 nos
1542 1096 1620 1144 antea
1635 1090 1717 1145 variis
1738 1090 1812 1146 uitiis
1824 1091 1946 1162 capara

312 1187 399 1229 terties
413 1175 484 1228 uitiis
495 1176 616 1237 vincunt,
630 1188 662 1227 ae
673 1172 699 1225 in
714 1173 860 1227 dominium
871 1188 949 1227 suum
964 1172 1097 1242 redigunt.
1152 1181 1194 1228 tos
1204 1187 1423 1245 exsuperaverat.

311 1266 376 1319 b'nm
392 1263 542 1334 hairaplicl,
556 1263 601 1332 qul
617 1263 812 1331 interpretatur
825 1263 891 1317 dicit
906 1274 933 1317 ut
946 1265 1060 1327 caderet,
1072 1271 1100 1318 et
1447 1267 1560 1326 CAPUT
1577 1271 1635 1325 xvt

312 1370 357 1408 rex
372 1363 413 1407 est
423 1355 556 1416 Setinaar,
577 1352 624 1421 qui
637 1352 756 1405 excussio
775 1352 903 1418 dentiam,
916 1352 954 1407 cel
971 1353 1040 1421 letor
1057 1368 1101 1407 eo·
1232 1357 1270 1413 Dc
1290 1356 1488 1423 Melchisedech,
1504 1370 1527 1414 et
1541 1361 1574 1416 de
1587 1360 1760 1418 decimatione
1771 1366 1859 1420 ΑΜ,

312 1466 369 1501 ruat
384 1449 586 1518 interpretatur,
606 1455 695 1516 potest
715 1445 839 1499 haeresim
862 1445 1026 1515 signilleare,
1040 1459 1101 1513 quae
1187 1450 1221 1502 At
1234 1466 1292 1503 aero
1306 1448 1495 1503 Melchisedech
1511 1467 1556 1505 rec
1571 1449 1671 1518 Salem,
1698 1455 1834 1524 proferent
1847 1463 1949 1526 ponem·

311 1538 344 1590 ad
359 1547 462 1592 eertum
478 1553 570 1592 casum
585 1539 707 1601 tendens,
720 1536 810 1590 uerbis
823 1535 922 1591 dolosis
933 1551 1042 1590 sensum
1060 1534 1100 1591 le·
1151 1548 1175 1592 et
1188 1540 1274 1592 einum
1289 1539 1354 1610 (crat
1370 1539 1439 1591 enirn
1459 1541 1580 1594 sacerdot
1594 1540 1643 1595 llei
1657 1542 1790 1614 altissimi)
1811 1543 1943 1598 benedicit

310 1628 394 1681 iiduni
426 1628 535 1682 erotnit.
562 1626 652 1680 hrioth
686 1635 796 1692 autern,
828 1624 875 1695 qiii
908 1626 1101 1696 interpretatur
1151 1630 1185 1695 ei,
1198 1639 1222 1683 ct
1240 1630 1299 1683 tiit:
1315 1627 1470 1683 benedictus
1483 1629 1579 1684 hiram
1592 1630 1644 1685 Deo
1657 1631 1766 1696 excelso,
1788 1634 1834 1703 qui
1845 1635 1943 1688 creauit

309 1718 405 1782 ebrias,
426 1717 464 1771 ccl
477 1717 596 1780 ebrietas,
618 1717 706 1787 typice
726 1716 848 1787 designat
861 1716 999 1788 gentilium
1014 1715 1101 1771 stulti-
1153 1717 1244 1773 ctrlurti
1257 1727 1281 1773 tt
1296 1728 1393 1772 terram
1404 1735 1414 1783 ;
1437 1727 1462 1772 et
1483 1717 1629 1774 benedictus
1653 1718 1723 1775 Deus
1737 1720 1866 1786 excelsus,
1890 1737 1944 1790 quo

310 1809 384 1872 tinio,
405 1809 450 1878 uui
480 1808 622 1878 iniquitate
643 1807 730 1873 ebrii,
750 1822 822 1862 ceco
839 1807 920 1862 corde
947 1816 1101 1862 ereaturam
1151 1816 1298 1877 proteaentc
1310 1809 1395 1862 hostes
1407 1807 1434 1861 in
1447 1808 1568 1862 monibus
1582 1809 1633 1862 tuis
1646 1818 1715 1871 saint,
1736 1817 1789 1864 ete.
1805 1808 1944 1882 (Hieron.)

308 1898 494 1968 procreatore
510 1908 683 1963 venerantur,
694 1907 722 1955 et
734 1898 825 1953 saeculi
837 1898 972 1954 illecebris
986 1915 1035 1969 per
1046 1915 1102 1956 om·
1153 1897 1222 1964 huia
1236 1897 1339 1953 llebraei
1355 1898 1388 1953 de
1401 1898 1453 1952 hoc
1466 1898 1584 1953 sentiant
1602 1897 1757 1954 inseremus.
1773 1898 1858 1954 hient
1870 1900 1944 1956 bunc

308 1994 354 2047 iiia
382 1993 563 2048 inioluuntur.
585 1990 811 2047 chodorlahomor
833 2007 908 2056 uero,
932 1993 1103 2061 quodioter-
1154 2003 1214 2042 esse
1241 1987 1304 2043 Sem
1324 1988 1407 2042 lilium
1431 1986 1497 2054 Noc,
1520 1995 1547 2042 et
1572 1996 1746 2058 supputantes
1769 2004 1856 2044 annos
1880 1989 1944 2044 ritae

308 2091 431 2153 pretatur
444 2084 520 2155 quati
543 2082 653 2138 decorus
678 2082 838 2151 manipulus,
854 2090 882 2137 et
897 2091 998 2155 retest
1013 2083 1098 2149 Elam,
1114 2083 1138 2142 B
1152 2079 1245 2149 ipsius,
1272 2078 1417 2133 ostendum
1431 2094 1493 2133 eum
1514 2080 1548 2134 «til
1564 2078 1639 2135 isaac
1660 2095 1745 2149 iisque
1759 2081 1872 2147 vixisse,
1885 2095 1945 2136 om·

308 2176 358 2230 boc
374 2183 425 2238 est,
440 2172 540 2238 seculi,
557 2173 600 2229 vel
622 2172 706 2237 orbis,
728 2171 884 2242 hypocrisin
902 2189 955 2228 non
972 2173 1099 2229 ineonre-
1150 2183 1252 2239 aesque
1265 2169 1458 2240 primogenitos
1476 2167 1540 2234 liae,
1568 2170 1652 2225 donec
1672 2171 1825 2225 sacerdotio
1846 2170 1942 2244 lunge-

308 2266 414 2320 aienter
425 2265 561 2335 exprimit,
583 2281 643 2336 qaae
666 2265 728 2320 hcet
745 2279 812 2319 rana
828 2266 866 2320 sit
888 2273 917 2320 et
933 2266 1097 2336 perniciosa,
1150 2267 1225 2314 retur
1238 2258 1338 2323 barain,
1354 2259 1495 2329 pontifices
1507 2258 1599 2315 luisse.
1621 2258 1763 2316 Porrorex
1779 2259 1871 2316 Salem
1893 2275 1943 2318 rer

309 2370 397 2414 tatiieo
411 2360 509 2416 decora
533 2360 674 2430 superlicio
689 2359 813 2428 imperito
831 2358 911 2428 vulgo
929 2360 1098 2429 inpraesenti
1148 2347 1297 2405 Jerusalem
1311 2351 1429 2416 dicitur,
1449 2352 1606 2422 aasentias
1631 2347 1721 2405 Salem
1744 2351 1942 2422 appellabatur.

308 2466 369 2505 esse
383 2451 507 2516 ridetur,
522 2451 609 2507 sedin
624 2450 716 2505 loturo
735 2466 784 2520 per
796 2451 1008 2505 sarcinatorem
1020 2452 1098 2507 lumi·
1148 2442 1343 2499 Msslsshiffldech
1366 2453 1468 2511 aulem,
1495 2443 1591 2498 bessius
1604 2441 1747 2512 Allil⁵¹⁰lus
1764 2444 1797 2496 δᾶ
1811 2442 1944 2499 nebim

307 2542 350 2596 itis
360 2541 448 2609 unalis
463 2542 544 2598 luerit
559 2543 710 2612 apparebit.
731 2541 816 2597 Porro
830 2541 941 2606 lhadal,
954 2545 999 2614 qui
1014 2546 1098 2600 sciens
1149 2531 1225 2605 (Cap.
1239 2535 1289 2606 ru)
1315 2535 1374 2590 Sine
1387 2543 1463 2605 lille
1487 2542 1515 2592 0²
1540 2543 1628 2589 mille
1648 2549 1886 2601 ⁰⁰¹¹¹¹¹¹effl⁰l21182
1907 2536 1942 2590 δᾶ

303 2632 406 2702 jupani,
431 2634 488 2689 sire
503 2633 653 2703 explorator
666 2633 775 2698 dieitur,
802 2642 830 2687 et
844 2648 890 2687 rex
905 2643 947 2688 est
965 2636 1097 2705 gentium,
1148 2625 1284 2680 Christum
1301 2623 1395 2692 reiert,
1412 2633 1439 2680 0¹
1452 2640 1502 2696 tier
1513 2625 1650 2680 Christum
1664 2626 1697 2679 ³11
1712 2626 1831 2696 gentium
1849 2625 1940 2682 Eccle-

307 2731 369 2790 aptc
391 2724 424 2778 aa
449 2723 674 2793 sigtiiucntaacm
702 2723 822 2777 orantia
844 2723 984 2779 cancrent
999 2734 1097 2796 potest,
1148 2718 1239 2782 iiiiii
1265 2717 1355 2773 omnis
1367 2718 1438 2772 eata
1456 2717 1552 2787 capno
1567 2716 1652 2788 elerii
1665 2715 1783 2771 reicitur
1795 2716 1830 2770 aa
1854 2729 1940 2770 meaa

307 2830 366 2882 unte
380 2829 462 2878 supas
476 2823 556 2882 atoue
569 2822 688 2878 uersuta,
705 2814 803 2868 multos
818 2829 867 2869 suo
881 2815 1004 2887 subjugat
1015 2819 1098 2889 inipe-
1148 2811 1207 2877 liii,
1233 2827 1265 2867 2⁰
1279 2809 1350 2881 (11¹0(¹
1362 2811 1522 2880 hlfflllssliuni
1534 2810 1653 2874 habens,
1666 2810 1783 2866 Abrabae
1794 2809 1943 2865 benedi&

308 2907 358 2959 riti.
377 2905 529 2978 'ialeserpo
545 2921 622 2976 reges
635 2905 751 2976 primuni
765 2907 970 2977 rineuntBara,
988 2912 1099 2981 quima.
1149 2904 1185 2959 rit
1206 2905 1378 2970 circumciso,
1400 2911 1429 2958 et
1449 2900 1630 2957 laborabam
1649 2902 1729 2965 Leti,
1755 2910 1783 2956 et
1802 2916 1853 2972 per
1874 2900 1942 2957 Levi

307 2996 389 3050 litiatn
402 3009 490 3063 sociat,
505 2998 563 3053 sire
577 3008 735 3062 creaturam,
750 3007 778 3054 et
792 3014 838 3053 rex
851 3007 893 3055 est
906 2998 1095 3068 Sodomorum,
1147 2996 1249 3061 Aaron,
1274 2995 1306 3050 de
1321 3011 1375 3064 quo
1399 3003 1491 3064 postea
1507 2993 1699 3049 sacerdotium.
1724 2993 1763 3047 Ex
1779 3007 1834 3063 quo
1848 2991 1941 3064 cotttpt

307 3090 357 3144 boc
371 3097 414 3144 est
429 3090 564 3154 cecitatis,
584 3089 641 3145 sire
653 3091 761 3159 reccidit
784 3089 895 3156 silentis,
918 3107 979 3147 cuni
990 3094 1098 3164 eosqui
1148 3084 1214 3149 wli,
1229 3084 1408 3139 sacerdotium
1422 3082 1548 3138 Ecclesiae
1559 3083 1685 3139 habentis
1703 3082 1877 3153 preputium,
1891 3082 1947 3138 be«

307 3179 561 3235 iuioalitiavetusta
575 3189 759 3250 perseverant,
784 3190 1099 3254 qtiaoenusmorepccu·
1148 3175 1284 3231 nedixiSSO
1308 3174 1467 3230 clfflssfflclw
1492 3174 1642 3230 sacerdotio
1666 3172 1824 3245 sillaim·
1862 3169 1949 3239 ΟΜ

307 3271 369 3323 alum
384 3271 531 3325 cecitatem
545 3271 664 3326 libidinis
678 3280 835 3339 sentiantur,
855 3274 1009 3343 persuadet.
1036 3275 1099 3330 Vin-
1149 3274 1238 3322 aulem
1251 3265 1306 3319 ³512
1332 3262 1371 3317 Tit
1385 3280 1411 3318 θ*
1424 3263 1547 3318 sacerdot
1560 3265 1587 3316 lb
1600 3275 1726 3317 eternum
1738 3261 1884 3317 secundum
1900 3277 1945 3316 ⁰?-

308 3367 373 3411 eunt
389 3366 416 3411 et
433 3357 525 3422 bersa,
545 3359 666 3423 hocest,
692 3358 718 3412 in
731 3359 853 3429 anpustic
871 3362 1039 3413 constitutum
1054 3375 1097 3416 re-
1148 3356 1235 3411 dinem
1251 3354 1438 3410 Melchisedech
1454 3352 1538 3425 (etat.
1554 3355 1621 3427 cri),
1634 3354 1792 3426 mysterium
1815 3361 1943 3408 nostium

307 3462 366 3516 pem
384 3447 487 3502 scilieet
506 3446 676 3512 Gamcrrbae,
701 3449 788 3503 idest
813 3451 901 3520 populi
920 3452 1044 3506 tumentis
1064 3427 1132 3505 ocC
1148 3447 1175 3502 iti
1188 3447 1270 3502 verbo
1289 3445 1391 3501 ordinis
1402 3443 1580 3514 significatur,
1602 3458 1770 3514 iieouanuam
1784 3458 1835 3513 per
1848 3443 1943 3499 Aaron

306 3537 433 3601 seditiosi,
447 3552 509 3593 eum
530 3551 588 3601 eos,
605 3538 651 3608 qui
674 3538 846 3609 presentium
864 3541 938 3596 curis
952 3551 1096 3612 augustan·
1147 3537 1499 3592 irrationabilibusrictimis
1513 3536 1750 3599 iuiniolandis,sed
1762 3535 1942 3607 oblatopane

307 3638 351 3682 uir
375 3646 474 3694 return,
498 3645 532 3686 ac
545 3629 621 3685 nelos
643 3632 744 3701 rapinae
760 3646 841 3702 agere
862 3649 915 3689 non
939 3633 1095 3702 lormidant,
1146 3634 1174 3682 ei
1187 3627 1261 3691 iim,
1286 3626 1312 3680 id
1337 3632 1393 3689 ⁰⁸¹,
1410 3642 1524 3696 c⁰lil⁰i⁸
1547 3626 1653 3681 ”limini
1669 3624 1733 3682 10³⁰
1745 3637 1772 3681 0¹
1793 3627 1941 3696 Sillssflisse·

306 3719 424 3772 carmani
438 3735 470 3774 aa
487 3728 670 3789 prosternunt.
690 3718 807 3776 vitream
820 3730 847 3777 et
868 3721 991 3779 sennaar
1004 3739 1095 3795 omem
1147 3717 1239 3790 (inat.)
1263 3718 1374 3773 atvero
1392 3717 1546 3786 patriarcha
1569 3734 1682 3789 maenus
1704 3718 1825 3774 decimis
1844 3732 1944 3775 omnes

306 3810 424 3874 naariae
441 3813 726 3877 nonsummum
739 3827 785 3869 eas
799 3815 844 3884 aar
860 3816 978 3870 cantantia
990 3825 1095 3873 tanna
1147 3806 1309 3864 substantio
1323 3822 1379 3861 sio
1404 3806 1580 3862 Melchisedec
1599 3807 1732 3863 cacermtt
1748 3815 1810 3878 past
1826 3808 1943 3865 moedi-

307 3900 424 3969 sopiunt,
449 3910 475 3956 et
489 3903 522 3957 de
544 3902 700 3957 coelestibus
722 3918 775 3958 non
790 3906 920 3975 cogitant,
948 3908 1017 3962 utin
1031 3907 1095 3963 luxu
1146 3903 1263 3956 ctionem
1289 3900 1373 3965 dedit,
1395 3901 1483 3956 sciens
1503 3900 1679 3970 spiritualiter
1690 3901 1785 3956 melius
1808 3901 1943 3957 sacerdo·

308 3992 472 4061 vtiluptutum
486 4004 662 4063 pcrtiianeant
674 3995 865 4061 esliortantur,
879 3998 1096 4067 qiiatenusjuxta
1146 3992 1213 4046 llum
1226 3989 1345 4046 suillium
1360 3992 1387 4045 ln
1402 3991 1501 4062 populo
1514 3992 1651 4063 tibilim·
1677 4006 1760 4060 quam
1773 3990 1941 4059 stillim,

307 4080 370 4133 illud
383 4082 579 4150 propheticum,
606 4083 711 4140 actibus
721 4086 777 4140 suis
792 4084 903 4141 dicant:
922 4085 1095 4144 Comcdaotttt
1145 4087 1217 4158 qtiod
1235 4088 1261 4141 iii
1283 4086 1365 4142 lsrael
1380 4086 1412 4140 de
1424 4087 1483 4156 ipso
1496 4094 1554 4141 erat
1567 4086 1745 4150 naseiturum,
1762 4086 1942 4155 laturumque

306 4179 329 4221 ti
344 4169 470 4234 bibonum,
484 4188 542 4225 cras
555 4173 623 4226 euim
640 4174 817 4244 niaricninrll
831 4173 893 4229 Cor.
907 4176 963 4248 xv).
978 4176 1095 4235 Vincunt
1145 4182 1365 4237 ntsoecnlotium
1379 4180 1506 4236 Ecclesia
1528 4181 1653 4235 liabentis
1675 4179 1836 4251 preputium
1855 4180 1942 4235 bene·

306 4271 333 4315 et
346 4263 476 4329 Setncber,
492 4266 537 4334 utri
556 4266 748 4334 interpretatur
759 4267 794 4321 ibi
809 4270 932 4338 perditio,
951 4279 979 4325 et
994 4288 1041 4326 rex
1054 4280 1096 4327 est
1146 4273 1247 4327 diceret
1261 4272 1286 4325 in
1310 4270 1444 4325 litabam
1469 4271 1629 4326 circumciso
1645 4270 1827 4325 sacerdotium
1850 4268 1942 4341 Syria·

308 4352 417 4417 Sclioio,
437 4355 524 4419 idest,
537 4355 635 4426 ciapuli
650 4359 778 4421 macroris,
792 4374 852 4415 cuin
865 4376 914 4430 per
929 4363 1094 4421 iracundiam
1145 4379 1228 4435 gepae.
1241 4362 1307 4430 Quis
1318 4362 1390 4417 enim
1407 4361 1492 4431 major
1510 4369 1562 4425 est,
1580 4363 1602 4416 is
1614 4360 1659 4429 (till
1674 4359 1818 4424 benedicit,
1841 4374 1876 4413 ²¹¹
1891 4358 1941 4430 qut

307 4453 333 4499 et
347 4447 474 4500 invidiam
489 4446 611 4501 incautos
623 4462 745 4516 quosque
756 4448 902 4519 decipiunt.
930 4452 1005 4508 Unde
1029 4455 1096 4510 scri-
1144 4453 1332 4510 benedicitur?
1348 4451 1424 4508 Unde
1440 4459 1467 4506 et
1481 4451 1636 4507 sacerdotes
1654 4465 1686 4505 ex
1702 4450 1806 4505 seniine
1820 4447 1941 4504 Abrabae

307 4547 383 4608 ptum
407 4547 468 4591 est:
494 4536 595 4592 Stadios
614 4537 735 4606 interficit
757 4538 907 4606 iracundia,
930 4558 961 4595 oc
973 4543 1094 4612 porrulos
1145 4544 1201 4599 nati
1222 4541 1320 4598 iratres
1340 4556 1403 4596 sitos
1422 4540 1625 4603 benedicebant,
1646 4538 1673 4593 id
1694 4548 1736 4594 est
1751 4537 1884 4609 populum
1897 4536 1939 4593 ls-

307 4628 398 4680 occidit
415 4628 513 4681 incidie
539 4627 610 4698 (lob.
630 4628 669 4699 r).
695 4627 822 4694 Quintum
846 4644 911 4699 ergo
926 4647 1026 4702 regem,
1043 4633 1095 4689 hoc
1146 4632 1219 4689 rael:
1237 4632 1334 4703 qiiibus
1348 4631 1384 4685 illi
1402 4630 1522 4685 decimas
1537 4628 1684 4686 seeundum
1699 4628 1940 4699 legisinaodatnnt

306 4728 346 4771 esi
356 4718 525 4787 regenillalar
538 4719 663 4774 similiter
674 4720 783 4775 vincunt
795 4722 948 4790 spirituales
957 4718 1092 4794 oetpiiitiac,
1146 4724 1255 4787 dabant,
1283 4737 1346 4776 rere
1364 4729 1394 4774 ut
1411 4719 1558 4788 niujoribus
1579 4728 1606 4777 et
1618 4718 1845 4774 eminentioribus
1867 4720 1937 4774 suis.

306 4823 367 4862 etun
381 4810 565 4877 pusillamines
579 4827 611 4867 ae
625 4812 810 4868 formidolosos
830 4813 857 4871 in
879 4815 1092 4885 desperationem
1110 4780 1248 4871 Dlloriieo
1261 4824 1349 4869 autem
1361 4815 1448 4885 ipsum
1461 4812 1654 4868 ileleliisetlecb
1670 4828 1715 4865 roc
1731 4811 1815 4879 pacis,
1834 4810 1876 4865 cci
1892 4826 1940 4867 ra

307 4900 427 4951 niiitnnt.
443 4898 509 4951 liala
522 4901 594 4952 enirn
606 4901 798 4970 interpretatur
811 4902 980 4970 praecipitatio
992 4904 1033 4957 rel
1048 4905 1094 4959 ab·
1143 4903 1254 4974 justitiae
1275 4903 1487 4971 interpretatur,
1505 4902 1575 4971 quod
1589 4901 1657 4955 bene
1673 4897 1789 4953 reicitur
1808 4899 1842 4953 ad
1858 4898 1939 4955 cliri-

307 4987 426 5050 sorbitio,
449 4995 476 5040 et
491 4987 518 5040 in
534 4988 606 5041 nulla
622 5003 651 5042 re
664 4989 791 5056 antiquus
810 4989 896 5044 bostis
909 4991 995 5061 magis
1007 5001 1094 5047 certat
1147 5005 1227 5059 stum,
1250 4994 1320 5048 sieut
1333 4994 1518 5062 supradictum
1536 4997 1586 5045 est.
1606 4988 1665 5060 lpse
1683 4996 1725 5044 est
1738 4987 1811 5043 enini
1828 5004 1877 5043 rea
1890 5004 1939 5059 pa-

306 5093 338 5131 ne
349 5075 458 5144 satagit,
474 5092 555 5144 quani
576 5086 604 5131 ut
616 5090 678 5146 post
700 5078 804 5147 lapsum
828 5078 930 5147 peccati
954 5078 1091 5150 deceptos,
1145 5086 1195 5150 eis,
1211 5085 1273 5154 quia
1285 5099 1334 5154 per
1347 5084 1434 5153 ipsum
1446 5082 1654 5136 reconciliamur
1669 5080 1738 5143 Deo;
1760 5078 1819 5147 ipse
1830 5086 1936 5133 estrei

307 5166 333 5219 in
346 5154 579 5234 desperationem,
597 5182 630 5220 uc
645 5180 673 5221 se
687 5181 846 5236 recuperare
864 5169 977 5239 possint,
995 5169 1093 5228 iuimit·
1142 5175 1269 5245 justitise,
1289 5175 1351 5246 quiin
1369 5175 1427 5244 ipse
1441 5173 1538 5235 reniet,
1564 5180 1594 5226 ut
1619 5172 1754 5225 discernat
1778 5176 1891 5225 sanctos
1903 5170 1937 5224 tb

307 5267 345 5312 int
368 5273 399 5311 ac
421 5257 527 5325 perdat.
555 5256 607 5313 Sed
634 5258 699 5327 quid
724 5259 781 5313 line
798 5260 909 5315 uictoria
926 5254 1040 5319 abrahe
1059 5265 1092 5321 de
1144 5269 1241 5338 impiis.
1267 5266 1339 5321 idern
1355 5280 1461 5336 ottoque
1480 5264 1606 5320 sacerdos
1625 5270 1653 5318 et
1676 5278 1734 5326 res,
1758 5244 1823 5332 t‘puia
1843 5261 1879 5315 ad
1894 5276 1939 5317 re-

305 5357 421 5417 htiilssssf
434 5348 542 5417 ritibus
555 5348 704 5411 indicabat,
724 5364 792 5418 (tuos
806 5349 850 5404 illc
862 5351 923 5406 hdei
947 5363 1025 5422 pater
1038 5371 1093 5429 niy·
1143 5359 1324 5430 deruptioiiem
1339 5356 1458 5411 omnium
1474 5355 1588 5412 bostiam
1601 5352 1657 5410 lieo
1668 5353 1737 5424 patri
1757 5353 1936 5423 scarettpsnni

304 5440 387 5492 ratario
414 5438 562 5505 superarit,
585 5438 640 5492 nisi
656 5439 727 5507 qtiod
753 5439 819 5495 lides
837 5449 927 5497 nostra
949 5443 971 5496 si
990 5444 1091 5499 eonhr-
1142 5452 1254 5515 obtulit,
1280 5457 1397 5504 etaerus
1421 5463 1467 5501 rex
1487 5448 1514 5502 in
1537 5446 1664 5516 presenti
1685 5445 1783 5501 sacculo
1806 5444 1937 5517 populun

305 5538 375 5582 irrata
391 5529 429 5582 sit
444 5528 470 5581 in
486 5528 582 5597 spiritu
597 5528 750 5597 principali,
765 5545 863 5600 corpus
876 5541 1007 5598 iiostmm,
1020 5536 1091 5603 quod
1142 5555 1221 5596 suuni
1238 5541 1315 5606 regii,
1330 5545 1358 5592 et
1372 5537 1398 5591 in
1409 5536 1501 5591 lutura
1510 5536 1650 5608 judicabit.

304 5625 420 5683 attritum·
429 5623 536 5671 consuit
549 5616 700 5682 elementis,
713 5617 800 5671 Verbo
808 5619 855 5672 bei
869 5620 987 5691 subigit?
999 5620 1089 5695 (laia.)
1432 5645 1544 5701 cppUT
1563 5644 1644 5700 xpp·

305 5705 370 5760 ΝΜ
383 5706 453 5761 ⁵5⁰¹st
465 5707 509 5761 ΜΘ
523 5708 556 5763 ⁴¹⁹
572 5708 695 5775 pmiflw
708 5708 735 5762 i¹¹
752 5708 859 5776 regibus
876 5710 964 5764 ‘5⁰¹⁰'
977 5712 1089 5767 efflue·
1144 5733 1193 5789 ibt
1208 5734 1279 5789 Deus
1295 5734 1370 5788 tertio
1390 5734 1461 5787 cistts
1473 5742 1510 5788 est
1525 5732 1645 5787 Abralnr.
1660 5744 1683 5786 et
1697 5732 1782 5801 hliuni
1792 5731 1817 5785 ei
1826 5728 1944 5801 prouill-

306 5806 358 5858 rat,
372 5797 409 5850 ita
423 5805 452 5852 et
466 5796 532 5852 bdes
546 5814 595 5867 pro
615 5799 703 5852 auium
720 5800 825 5859 victrix,
848 5799 881 5855 de
893 5801 1027 5856 exteriore
1040 5802 1089 5856 iio·
1318 5804 1369 5856 tit:
1390 5812 1413 5857 et
1430 5803 1462 5856 dc
1476 5802 1605 5871 sacrificio
1623 5803 1744 5855 Abrabae.

306 5887 377 5940 iiiiiie
396 5888 551 5957 trlmupliat.
564 5888 641 5955 Quod
656 5904 718 5943 uero
733 5888 777 5942 ille
792 5904 844 5942 nou
859 5889 1029 5945 tiinltitudltie
1042 5908 1091 5945 tice
1178 5894 1251 5957 [Car.
1269 5892 1326 5955 xi.)
1354 5891 1402 5944 llis
1426 5893 1511 5960 itatpre
1536 5893 1675 5945 trausactis
1689 5891 1772 5958 lactus
1785 5900 1824 5945 est
1846 5906 1945 5945 semo

307 5976 404 6033 tiittttc
427 5976 578 6047 legionum,
605 5978 651 6033 sed
676 5988 779 6033 turrium
801 5980 926 6033 teet-eritis
948 5980 1039 6041 ilci-eiu
1065 5992 1090 6035 ct
1145 5983 1248 6037 Doirtlut'
1271 5982 1303 6033 ad
1320 5982 1414 6033 tibiam
1432 5998 1473 6050 pst
1492 5982 1611 6032 rist'oitcni
1637 5982 1747 6039 iliacus:
1767 5979 1943 6037 h'atittmerc
