4509 6850
295 647 350 706 tta

633 639 664 695 n.
684 635 809 693 hanam
829 629 938 689 habnt
957 624 1114 683 anctiten.
1136 621 1288 680 stodeat.
1310 618 1596 678 bethuniensi.

1872 613 1928 673 tte

297 760 368 812 riora
389 750 448 824 ejus
468 750 526 805 loca
545 746 711 803 stercoribus
730 754 759 801 ct
776 741 913 814 spurcitie
927 753 987 794 esse
1002 736 1085 804 depu-
1100 738 1121 795 ‚t
1137 731 1226 795 (horn.
1241 729 1279 801 r).
1290 728 1517 801 erinquagcsimo
1529 730 1602 786 enim
1614 723 1660 787 dle
1672 737 1734 799 post
1748 728 1930 785 resurreetio-

295 858 364 907 tnta.
379 860 413 901 nc
436 841 561 899 animalia
576 849 604 894 et
626 837 759 908 praecipue
781 834 905 890 hunrines
926 828 982 884 lum
999 828 1086 881 lotura

297 943 475 993 reserentur:
486 933 549 988 huie
562 940 652 985 arrtcm
665 928 789 997 superior
801 934 829 980 et
840 924 965 993 contigua
977 931 1086 975 camera

297 1025 489 1086 conservandis
503 1022 608 1094 pabulis
622 1018 779 1074 animalium
792 1017 977 1085 deputaretur.
991 1009 1020 1065 ln
1037 1012 1087 1065 hos

298 1133 364 1191 ergo
377 1132 441 1174 usus
455 1114 596 1169 interiores
614 1118 780 1181 partesque
798 1106 972 1161 bicamerate
993 1100 1089 1154 dicun·

298 1218 344 1262 tur
358 1206 465 1260 tradunt
479 1202 561 1256 luisse
575 1200 728 1261 distinctas,
745 1196 899 1265 superiores
917 1205 981 1246 uero
997 1197 1089 1259 partes

299 1312 360 1367 que
374 1295 552 1349 tricameratae
563 1290 689 1344 dicuntur
699 1287 732 1341 ad
747 1283 929 1340 babitaculum
944 1281 1031 1351 prime
1043 1278 1090 1331 lic·

300 1390 370 1453 stiis,
388 1387 430 1441 rel
445 1384 606 1439 animalibus
629 1378 831 1440 immitioribus,
850 1374 894 1429 rel
907 1370 1088 1441 serpentibus,

301 1483 443 1550 deputatas
456 1490 526 1530 esse.
545 1472 587 1527 hb
602 1472 644 1525 his
659 1483 723 1523 vero
736 1480 884 1536 congruam
906 1460 1090 1530 superioribus

302 1578 360 1628 loca
379 1569 531 1626 mitioribus
554 1562 736 1618 animantibus
759 1558 864 1613 stabula
885 1554 987 1617 luisse;
1011 1565 1092 1621 super

302 1662 392 1716 omnia
416 1672 481 1713 rere
505 1656 531 1709 in
545 1653 652 1708 excelso
675 1648 828 1706 bominibus
850 1645 940 1701 sedem
958 1642 1090 1703 locatam,

303 1756 413 1819 utpote
434 1746 503 1801 sicnt
526 1745 630 1798 bonore
654 1748 681 1796 et
694 1737 824 1809 sapientia
843 1733 988 1797 antecedit,
1005 1732 1043 1785 ita
1065 1737 1093 1784 et

304 1841 364 1895 loco
385 1844 483 1894 cuncta
507 1833 675 1905 precelleret
697 1828 842 1892 anirnalia;
858 1834 888 1881 et
912 1826 951 1879 sie
973 1822 1092 1892 quinque

305 1928 458 1984 mansiones
480 1925 549 1978 inea
570 1937 630 1978 esse
649 1920 855 1989 intelliguntur:
870 1915 957 1986 prima
987 1920 1092 1966 sterce·

306 2020 364 2073 rina
380 2012 577 2086 {stercorariah
598 2010 715 2066 secunda
729 2006 911 2079 apothecaria,
929 2004 1008 2057 tertia
1030 2001 1094 2056 ieris

1137 837 1198 877 nem
1226 837 1304 876 suam
1327 819 1452 875 Christus
1476 826 1599 874 sanctum
1621 818 1752 890 Spiritum
1775 819 1861 883 misit,
1881 817 1932 889 qul

1137 915 1217 970 corda
1232 914 1400 969 credentium
1415 912 1544 968 dilatarit.
1559 911 1635 979 Quod
1645 919 1735 967 autem
1745 911 1861 968 altitudo
1870 910 1933 981 eiua

1138 1006 1249 1074 triginta
1262 1003 1360 1058 cubitis
1373 1002 1470 1072 surgit,
1484 1016 1563 1070 qrrem
1578 1018 1718 1057 rarrnrernm
1739 1002 1830 1058 decies
1845 1002 1934 1058 babet

1138 1096 1164 1150 in
1180 1094 1308 1148 trecentis
1337 1093 1436 1146 cubitis
1466 1106 1535 1145 arcte
1548 1092 1696 1161 longitude,
1719 1092 1843 1163 designat
1865 1091 1932 1163 quin

1138 1185 1261 1240 Christus
1283 1191 1323 1236 est
1339 1181 1452 1235 altitudo
1475 1190 1584 1246 nostra,
1607 1183 1651 1250 qui
1666 1182 1776 1253 triginta
1794 1199 1935 1241 annorum

1139 1286 1245 1330 aetutem
1258 1289 1365 1345 gerens.
1385 1271 1536 1327 doctrinam
1549 1274 1733 1345 evangelicam
1746 1277 1935 1341 consecrarit,

1140 1374 1295 1421 contestans
1305 1365 1390 1435 legem
1404 1379 1456 1418 non
1469 1379 1499 1418 se
1511 1364 1618 1420 uenisse
1631 1364 1735 1420 solvere
1746 1365 1793 1421 sed
1804 1367 1934 1438 implere.

1141 1459 1221 1530 legis
1246 1465 1336 1510 antem
1361 1471 1409 1510 cor
1432 1456 1459 1509 in
1482 1457 1574 1511 decem
1597 1458 1738 1528 praeceptis
1761 1460 1935 1530 agnoscitur,

1143 1549 1207 1604 hinc
1220 1547 1311 1602 decies
1328 1546 1438 1600 tricenis
1452 1560 1522 1600 arcae
1537 1545 1675 1617 longitudo
1687 1546 1837 1617 perficitur.
1856 1547 1938 1605 Urrde

1142 1649 1169 1694 et
1192 1640 1249 1709 ipse
1272 1637 1329 1692 Noe
1351 1638 1385 1691 ab
1399 1637 1484 1691 ddum
1508 1638 1627 1692 decimus
1650 1648 1829 1709 computatur.
1855 1640 1936 1709 Quod

1143 1730 1232 1784 sexies
1253 1728 1330 1795 longa
1348 1727 1381 1781 ad
1397 1726 1575 1792 altitudinem,
1595 1736 1622 1781 et
1637 1728 1725 1785 decies
1742 1729 1823 1800 longa
1843 1732 1876 1786 ad
1895 1732 1937 1786 la·

1144 1818 1286 1874 titudinem
1313 1831 1410 1880 suam,
1439 1817 1547 1871 hnmani
1577 1818 1699 1887 corporis
1730 1820 1816 1873 instar
1839 1830 1935 1875 osten·

1144 1910 1205 1972 dit,
1240 1909 1267 1962 in
1293 1921 1348 1976 ‹pno
1377 1905 1501 1961 Christus
1535 1908 1668 1977 apparuit.
1699 1907 1829 1978 Corporis
1860 1910 1935 1967 enirn

1145 1998 1284 2068 longitudo
1299 2010 1359 2065 ortae
1385 2004 1454 2051 esta
1478 1996 1580 2051 vertice
1600 1997 1634 2052 ad
1653 1997 1818 2067 vestigium,
1845 1998 1935 2054 sexies

307 2106 499 2167 animantibus,
524 2112 620 2171 quarta
636 2098 799 2162 mansuetis,
816 2098 910 2167 quinta
930 2090 1253 2149 hominibuslltautnm
1284 2089 1386 2153 habet,
1423 2102 1504 2156 quam
1535 2087 1648 2142 latitudo
1676 2097 1719 2142 est
1748 2088 1782 2144 ab
1811 2104 1868 2145 uno
1896 2089 1936 2144 la·

307 2199 353 2254 Sic
366 2196 438 2252 etde
450 2198 519 2250 ostio
544 2192 616 2263 qnod
636 2193 663 2246 in
690 2191 773 2245 latere
791 2203 861 2244 arcae
875 2188 1036 2242 aedilicatum
1054 2192 1095 2239 est

310 2290 431 2351 tradunt,
455 2285 527 2355 qrrod
550 2299 582 2338 eo
608 2284 667 2337 loco
682 2282 784 2342 luisset,
808 2279 854 2334 nbi
884 2277 1012 2333 inferiora
1036 2290 1096 2346 qrrr.

310 2377 378 2433 dixit
392 2376 556 2431 bicamerata
570 2372 640 2427 inira
664 2387 694 2424 se
707 2372 835 2436 haheret;
854 2377 881 2424 et
893 2383 953 2437 quae
965 2368 1033 2422 dixit
1046 2366 1096 2422 tri·

309 2476 447 2523 camerata
463 2463 601 2533 superiora
616 2478 631 2516 a
649 2462 708 2516 loco
720 2460 783 2515 ostii
798 2459 975 2523 haberentnr;
991 2466 1018 2510 ct
1035 2456 1097 2510 inde

310 2560 430 2631 ingressa
444 2556 571 2610 uniuersa
582 2554 720 2617 animalia,
734 2567 782 2621 per
796 2566 844 2607 sua
857 2565 970 2620 quaque
982 2548 1040 2603 loca
1058 2563 1098 2603 se·

311 2648 428 2703 eundum
445 2645 516 2715 qrrod
539 2659 620 2714 supra
645 2644 774 2707 diximus,
791 2656 909 2713 congrua
935 2640 1099 2695 discretione

312 2741 443 2807 dirempta
458 2745 530 2792 sunt.
546 2735 636 2807 (isid.)
652 2734 726 2801 erod
739 2749 802 2789 rere
819 2733 875 2788 Noe
889 2747 937 2803 per
954 2746 1052 2801 aqnam
1072 2738 1099 2784 et

311 2829 414 2899 lignum
428 2827 565 2889 liberatur,
575 2825 718 2895 allegorica
731 2823 952 2894 interpretatione
963 2821 1002 2875 sio
1012 2819 1098 2889 accipi

312 2930 411 2992 potest,
433 2927 463 2973 ut
477 2918 578 2989 lignum
592 2926 621 2972 ct
643 2932 713 2985 aqua
737 2929 845 2970 erucem
867 2913 990 2982 designet
1004 2921 1031 2966 ct
1050 2911 1099 2965 ha-

312 3012 421 3083 ptisma.
438 3008 600 3064 sicutenim
624 3007 668 3061 ille
683 3021 744 3061 cnm
765 3006 821 3060 suis
840 3019 888 3075 per
902 3017 1000 3072 aquam
1022 3009 1051 3055 ct
1071 2997 1101 3054 li·

313 3115 395 3172 gnum
420 3097 550 3162 salvatur,
574 3098 613 3152 sic
627 3096 729 3151 familia
748 3095 850 3150 Christi
873 3110 923 3163 pcr
936 3093 1099 3163 baptismum

313 3200 341 3246 et
352 3190 442 3247 crucis
463 3189 614 3259 passionem
635 3195 755 3241 satiatur.
777 3186 876 3240 dream
900 3183 1027 3238 instruxit
1044 3179 1101 3236 Noe

314 3280 348 3334 de
362 3279 441 3349 liguis
456 3291 509 3331 non
521 3274 748 3345 putrescentibus,
765 3273 884 3328 Ecclesia
904 3271 1100 3326 coristruitura

314 3371 433 3434 Christo,
449 3384 481 3422 cx
508 3367 662 3421 homiuibus
677 3366 789 3419 victuris
815 3365 842 3419 in
866 3376 1007 3418 aeternnm.
1030 3362 1100 3416 Arca

1147 2189 1204 2234 tere
1229 2178 1262 2233 ad
1278 2179 1394 2232 alterum
1407 2176 1488 2239 latus,
1504 2185 1532 2232 et
1544 2177 1634 2232 decies
1654 2184 1758 2232 tantum
1773 2193 1857 2247 quam
1879 2176 1936 2233 alti·

1147 2269 1219 2332 tndu,
1236 2268 1313 2338 cnjus
1324 2266 1474 2322 altitudinis
1488 2281 1614 2321 mensura
1626 2274 1668 2321 cst
1680 2267 1707 2321 in
1731 2266 1817 2323 latere
1828 2283 1843 2322 a
1857 2268 1937 2323 dorse

1147 2359 1180 2412 ad
1193 2367 1323 2421 uentrem,
1336 2357 1409 2412 uelut
1420 2356 1442 2412 si
1450 2354 1585 2425 jacentem
1601 2356 1737 2410 hominem
1753 2357 1877 2412 metiaris
1892 2371 1938 2413 su·

1148 2447 1240 2517 pinum
1256 2461 1301 2501 seu
1313 2460 1438 2514 pronum,
1453 2446 1540 2500 sexies
1552 2453 1654 2500 tantum
1665 2445 1761 2517 longus
1770 2455 1813 2500 εει
1824 2462 1840 2500 a
1850 2447 1939 2518 eapite

1149 2546 1233 2603 usqne
1254 2534 1288 2588 ad
1301 2534 1395 2604 pedes,
1408 2549 1488 2603 qrram
1502 2533 1572 2588 latus
1584 2549 1600 2588 a
1614 2536 1723 2589 dextera
1739 2535 1766 2590 in
1785 2537 1938 2602 sinistram,

1150 2624 1191 2678 rel
1206 2638 1222 2677 a
1237 2624 1347 2678 sinistra
1372 2624 1398 2677 in
1420 2623 1569 2686 dexteram,
1592 2632 1620 2678 ct
1642 2624 1730 2679 decies
1742 2640 1828 2695 qnam
1840 2624 1939 2682 altusa

1151 2724 1233 2769 terra.
1251 2713 1327 2769 Unde
1352 2712 1421 2768 lacta
1444 2721 1486 2768 est
1508 2729 1571 2768 arca
1586 2722 1766 2769 trecentorum
1782 2714 1941 2788 inlongitn·

1150 2804 1213 2859 dine
1237 2804 1400 2868 cubitorum,
1419 2799 1652 2875 etquinq'uaginta
1677 2807 1704 2860 in
1732 2806 1888 2872 latitudine,
1912 2815 1942 2862 et

1152 2899 1261 2970 triginta
1278 2899 1304 2952 in
1320 2898 1470 2952 altitudine.
1496 2898 1560 2951 item
1589 2900 1681 2953 eadem
1696 2913 1757 2954 arca
1781 2900 1895 2955 oensem
1913 2900 1942 2955 is

1151 3006 1234 3045 nuum
1249 2990 1381 3053 cubitum,
1395 2989 1510 3061 desuper
1525 3000 1735 3054 consummatur,
1753 2991 1827 3047 sicut
1848 2990 1942 3047 Eccle-

1152 3083 1192 3138 sia
1205 3097 1303 3153 corpus
1315 3081 1416 3138 Christi
1436 3084 1463 3135 in
1478 3082 1581 3137 unitate
1595 3082 1718 3146 collecta,
1736 3081 1900 3138 sublimatur
1913 3092 1944 3138 et

1153 3173 1300 3245 perlinitur.
1320 3172 1397 3228 Unde
1419 3172 1520 3227 dicitnr
1541 3172 1568 3226 in
1588 3171 1732 3244 Evangelio
1753 3173 1943 3240 :Quiritem

1153 3280 1204 3318 non
1225 3263 1331 3334 collinit,
1343 3265 1441 3333 spurpit
1466 3262 1541 3334 (Lac.
1565 3263 1605 3335 x).
1627 3264 1704 3331 Quod
1727 3272 1820 3320 autem
1852 3265 1944 3321 aditus

1153 3355 1212 3426 ejus
1227 3354 1285 3409 lita
1307 3353 1402 3419 latere,
1420 3354 1553 3425 signillcat
1577 3355 1640 3425 qnia
1654 3369 1734 3409 nemo
1751 3356 1836 3412 intrat
1849 3355 1878 3411 in
1892 3355 1945 3411 Ee-

315 3463 387 3517 enim
401 3463 452 3516 ista
464 3459 607 3514 ecclesiam
621 3459 799 3522 demonstrat,
813 3473 873 3527 quaa
888 3464 963 3510 natat
977 3456 1139 3526 lluetibnsc
1156 3446 1275 3512 tleslassh
1293 3445 1344 3499 ⁰58³
1360 3461 1408 3515 per
1422 3458 1620 3500 Sisslafflessltlffl
1638 3447 1807 3503 remissionis
1819 3460 1946 3518 peccalo·

316 3551 407 3606 mundi
436 3549 525 3618 hujus.
550 3549 626 3615 erod
651 3556 740 3602 autem
763 3548 857 3602 eadem
884 3562 948 3602 arca
969 3547 1002 3601 de
1022 3547 1104 3618 lignis

314 3642 456 3714 quadratis
471 3640 528 3694 lieri
538 3640 659 3710 jubetur,
679 3639 796 3708 undique
810 3639 934 3694 stabilem
944 3640 1027 3694 sitam
1041 3656 1103 3695 san·

317 3742 423 3788 ctoruru
439 3729 584 3801 significat,
607 3729 640 3782 ad
658 3743 737 3783 omne
763 3729 862 3783 bonum
883 3743 951 3798 opus
969 3737 1102 3799 paratam.

316 3824 482 3890 Quocunque
496 3819 568 3874 enim
584 3818 698 3872 verteris
713 3819 884 3888 quadratum,
906 3818 1022 3874 drmitcr
1047 3827 1104 3874 sta-

317 3911 368 3966 bit.
382 3910 516 3965 bitumine
531 3909 696 3980 glntinautur
709 3924 779 3964 areae
801 3909 872 3980 ligna
889 3909 1051 3964 intrinsecus
1078 3916 1106 3963 et

317 4002 494 4064 extrinsecus,
519 4009 548 4053 ut
566 4001 592 4053 in
610 4001 769 4071 conrpagiue
793 4000 914 4064 unitatis,
938 3999 1107 4068 significetur

281 4115 285 4121 ·
321 4092 461 4148 celerantia
472 4091 624 4157 charitatis,
635 4107 669 4145 ne
682 4092 817 4146 scandalis
836 4091 985 4147 Ecclesiam
999 4098 1105 4144 tertian-

319 4184 401 4249 tilius,
416 4183 472 4237 sire
481 4183 516 4237 ab
529 4171 571 4236 his
582 4183 626 4251 qrri
642 4182 714 4237 intus
726 4193 798 4246 sunt,
814 4182 870 4236 sire
885 4182 918 4236 ab
932 4181 973 4236 his
987 4180 1032 4250 qui
1041 4179 1106 4235 loris

320 4283 392 4339 saint,
423 4275 501 4328 cedat
522 4273 641 4329 fraterna
661 4275 799 4346 junctura,
826 4282 855 4327 ct
876 4272 996 4328 soluatur
1015 4273 1108 4328 vinen-

320 4372 376 4426 lum
402 4373 488 4441 pacis.
517 4372 564 4426 Est
585 4373 658 4428 enim
680 4373 799 4428 bitumen
824 4371 1051 4428 feruentissimum
1079 4379 1107 4424 ει

319 4463 544 4518 violentissimum
560 4463 662 4532 gluten,
687 4472 718 4518 nt
729 4464 921 4533 supradictum
935 4471 987 4526 est,
1003 4460 1106 4534 signill-

318 4568 384 4606 rans
410 4552 561 4607 dilectionis
580 4554 703 4607 ardorem
728 4554 753 4606 ri
778 4568 874 4623 stagna
892 4551 1058 4606 lortitmliuis
1073 4551 1107 4605 ad

320 4643 463 4698 tenendam
490 4643 648 4698 societatem
671 4643 849 4713 spiritualem,
871 4644 961 4698 cunda
989 4642 1108 4697 tuleran-

319 4742 383 4786 tem.
410 4732 479 4786 Area
509 4732 635 4785 trecentis
658 4732 755 4787 cubitis
786 4732 936 4802 longeest,
966 4740 996 4785 ut
1020 4733 1108 4786 sexies

1156 3553 1225 3602 rum,
1241 3538 1312 3607 qrrod
1324 3553 1338 3591 e
1351 3537 1450 3591 Christi
1463 3537 1548 3592 latere
1560 3547 1653 3608 aperto
1666 3539 1795 3594 manavit.
1812 3538 1946 3597 interiora

1155 3648 1225 3687 arcae
1241 3633 1405 3686 bicamerata
1419 3641 1446 3686 ct
1460 3632 1631 3685 tricamerata
1646 3640 1852 3698 construuntur,
1874 3634 1948 3689 sient

1154 3740 1187 3780 cx
1201 3723 1466 3792 omnibnsgentibus,
1481 3721 1948 3793 rclperbipartitammnltitndinem

1154 3824 1334 3887 congregatur
1349 3814 1465 3868 Ecclesia
1480 3823 1589 3884 propter
1599 3813 1832 3869 circumcisionem
1839 3822 1868 3869 et
1879 3830 1953 3886 pras-

1155 3906 1949 3979 pntirnn,ueltripartitamproptertressrliosh'oe,quornn

1156 4005 1283 4072 progon‘c
1298 4002 1415 4073 repletus
1428 4011 1469 4057 est
1490 4003 1564 4058 orbis
1578 4011 1728 4068 terrarum;
1744 4010 1771 4057 et
1792 4002 1855 4058 ideo
1877 4018 1953 4059 aree

1156 4091 1284 4147 inleriora
1300 4092 1351 4146 ista
1373 4093 1533 4155 dictasunt,
1560 4093 1623 4162 quia
1646 4092 1672 4146 in
1695 4092 1746 4147 hue
1764 4103 1878 4149 terrena
1894 4094 1951 4150 rita

1156 4183 1300 4237 diversitas
1320 4192 1363 4237 est
1386 4184 1515 4253 gentium.
1539 4182 1568 4236 ln
1592 4197 1698 4238 summo
1711 4189 1900 4241 autemomne
1921 4184 1953 4239 ira

1157 4289 1240 4327 orrum
1266 4281 1478 4338 consummatur,
1504 4280 1532 4326 ει
1549 4287 1601 4326 non
1616 4282 1659 4327 cst
1671 4273 1720 4326 ista
1734 4273 1867 4338 varietas,
1884 4274 1955 4344 qnia

1157 4364 1253 4416 omniu.
1268 4370 1295 4416 ct
1311 4363 1336 4414 in
1361 4361 1486 4416 omatibus
1509 4360 1644 4426 Christus,
1673 4371 1805 4432 tanquam
1821 4377 1875 4418 uos
1897 4378 1958 4419 nnn

1158 4455 1249 4509 cubito
1262 4453 1376 4524 desuper
1389 4453 1491 4509 coelesti
1506 4454 1608 4509 unitate
1623 4469 1827 4510 corrsnmmans.
1844 4453 1957 4529 (Creo.)

1160 4544 1242 4599 ilecto
1252 4546 1342 4613 itaque
1353 4560 1402 4613 per
1412 4560 1501 4599 arcam
1514 4546 1637 4600 urrirersa
1650 4544 1768 4601 Ecclesia
1779 4547 1957 4618 designatum,

1158 4652 1218 4707 qnae
1233 4637 1322 4691 adhuc
1345 4637 1371 4690 in
1399 4636 1489 4691 multis
1512 4636 1568 4690 suis
1589 4637 1744 4692 carnalibus
1767 4636 1824 4692 lata
1847 4614 1957 4705 est,⁰its

1159 4728 1252 4798 paucis
1264 4728 1448 4797 spiritualibus
1461 4738 1591 4798 angusta;
1604 4737 1632 4783 et
1642 4729 1705 4798 qrria
1719 4730 1752 4783 ad
1766 4744 1853 4784 unum
1864 4731 1961 4786 honsiae

320 4824 514 4893 ‹prinqnaginta
537 4823 712 4892 compleatur,
729 4824 799 4878 sieut
811 4837 857 4877 ses
881 4823 1010 4878 aetatibus
1025 4835 1104 4877 omne
1122 4832 1233 4894 poem,
1257 4818 1302 4888 uui
1318 4818 1430 4872 estsine
1454 4828 1565 4888 peccato
1577 4818 1722 4887 colligitur,
1748 4820 1827 4889 quasi
1844 4820 1875 4877 in
1898 4836 1958 4877 nuo

322 4913 399 4981 lrrrjus
411 4911 499 4966 smeuli
522 4920 626 4980 tempos
639 4912 808 4976 extenditur,
828 4912 854 4966 in
866 4913 965 4981 qulbus
976 4912 1106 4968 onndbus

321 5002 444 5056 Christus
472 5018 609 5072 nunquam
634 5003 740 5057 desistit
759 5002 911 5074 praedicari,
936 5004 963 5058 in
988 5005 1106 5075 utrinqne

321 5109 368 5162 per
386 5092 556 5162 prophetiam
571 5093 776 5163 prenuntiatus,
792 5093 819 5147 in
834 5101 910 5149 serta
925 5109 974 5163 per
986 5095 1107 5165 Evange-

321 5183 385 5236 linm
400 5181 563 5237 diffamatus.
580 5182 673 5237 Potest
692 5184 801 5253 quidem
821 5193 849 5239 et
871 5185 897 5238 in
918 5186 960 5240 his
979 5187 1107 5240 trecentis

321 5275 418 5330 crrbitis
441 5275 541 5344 lignum
568 5275 632 5345 ligni
648 5276 782 5344 passionis
800 5276 916 5331 ostendi.
932 5276 1019 5346 lpsius
1034 5277 1105 5331 enirn

322 5366 418 5420 littere
439 5380 566 5421 nutrieras
579 5367 668 5420 erneis
677 5366 844 5421 dcmonstrat
856 5367 961 5436 signnm
976 5382 1024 5436 per
1035 5366 1107 5434 qnod

321 5456 386 5511 socii
406 5454 505 5511 Christi
521 5456 655 5526 passionis
675 5456 775 5521 effecti,
793 5473 841 5526 per
862 5459 1025 5526 baptismum
1049 5457 1107 5511 lon·

322 5546 469 5615 gitndinern
486 5547 548 5601 rit-e
559 5556 667 5603 aeterna
687 5549 871 5618 adipiscimur.
891 5547 966 5615 Quod
982 5563 1045 5602 rero
1060 5563 1107 5603 cu-

321 5636 386 5691 bitis
398 5635 510 5691 latitudo
530 5637 722 5707 quinquaginta
738 5636 796 5706 ejus
818 5638 990 5708 expanditur,
1006 5636 1108 5708 signill-

321 5733 366 5780 eat
389 5725 591 5796 amplitudinem
606 5727 749 5782 charitatis
767 5725 939 5790 infidelibus,
955 5727 1025 5780 sicut
1042 5726 1108 5780 dicit

323 5814 464 5883 Apostolus
485 5832 491 5867 ι
511 5814 563 5868 Cor
575 5825 691 5868 nostram
711 5814 850 5867 dilatatam
871 5825 908 5868 est
923 5813 965 5885 (ll
981 5813 1042 5868 Cor.
1057 5814 1107 5884 rr).

324 5902 399 5958 Unde
424 5903 475 5958 nisi
497 5905 629 5959 charitate
653 5902 804 5974 spirituali?
826 5913 935 5974 propter
958 5905 1030 5974 rpuod
1052 5904 1110 5974 ipse

323 5994 419 6047 iterum
441 5995 527 6049 dicit:
545 5994 666 6050 Charites
688 5995 735 6050 Dei
758 5995 856 6065 dipnsn
879 6006 916 6050 eat
939 5999 966 6051 in
989 5998 1109 6054 cordibus

321 6083 424 6146 nostris,
450 6082 647 6156 perspiritum
673 6095 792 6140 amictant
815 6089 955 6152 ercidetur
978 6100 1015 6141 eat
1038 6091 1111 6143 nobis

1158 4907 1249 4961 cubito
1263 4917 1475 4962 consummatur.
1492 4907 1619 4964 Videmus
1639 4910 1738 4964 etenim
1762 4910 1866 4967 multos
1883 4912 1959 4969 intra

1157 5001 1277 5071 ejusdem
1291 5001 1417 5056 Ecclesia
1436 5010 1535 5056 sanetae
1549 5003 1637 5057 sinum
1652 5000 1679 5055 in
1693 5002 1852 5071 snperbiam
1867 5006 1957 5079 erigi,

1159 5092 1184 5146 in
1200 5093 1290 5146 earnis
1302 5092 1438 5163 uoluptate
1460 5092 1579 5157 dissolvi,
1595 5094 1621 5148 in
1645 5094 1821 5162 adquirendis
1834 5100 1959 5155 renerus

1158 5183 1239 5238 rebus
1266 5184 1390 5247 inhiare,
1425 5185 1573 5256 imperante
1606 5187 1718 5240 avaritia
1744 5188 1834 5243 maria
1865 5198 1960 5249 trane

1158 5273 1205 5333 ire,
1232 5273 1369 5329 deservire
1394 5275 1549 5338 iracundiae,
1569 5276 1789 5346 jurgiisracare.
1811 5282 1958 5349 proximor

1161 5377 1229 5431 utros
1251 5363 1398 5433 praevalent
1411 5364 1517 5419 laedere.
1538 5365 1591 5419 Sed
1605 5367 1667 5436 quia
1687 5380 1734 5421 eos
1748 5368 1842 5425 adhuc
1858 5382 1957 5430 unua

1162 5453 1280 5508 Ecclesiae
1296 5454 1393 5510 tolerat
1407 5465 1435 5523 pt
1450 5464 1652 5521 convertantur,
1667 5457 1743 5526 qrrasi
1760 5457 1788 5512 in
1805 5472 1886 5517 aren
1897 5462 1959 5518 lati·

1162 5545 1253 5598 tudine
1265 5544 1390 5600 deorsum
1405 5547 1497 5602 bestiae
1513 5556 1660 5602 morantur.
1676 5546 1958 5623 Videmnsaliosiau

1161 5633 1246 5688 aliena
1273 5649 1326 5688 non
1349 5634 1594 5704 quarereillatam
1617 5631 1745 5707 iniuriam
1761 5641 1958 5710 equanimiter

1161 5731 1278 5790 portare,
1296 5724 1377 5778 rebus
1392 5725 1509 5794 propriis
1521 5739 1582 5782 esse
1597 5727 1958 5792 emtcntos‚hnmiliterri·

1160 5830 1238 5880 rere;
1254 5818 1301 5871 sed
1316 5817 1379 5886 quia
1394 5818 1439 5871 isti
1450 5818 1506 5887 jam
1522 5818 1599 5885 pauci
1614 5829 1688 5883 sunt,
1703 5829 1871 5889 angustatur
1882 5836 1956 5881 area·

1160 5905 1235 5960 Alios
1247 5915 1336 5960 antem
1351 5908 1533 5976 conspicimus
1544 5909 1626 5963 etiarn
1640 5924 1767 5979 possessa
1784 5910 1958 5985 relinquere.

1161 5996 1262 6073 nulium
1286 5997 1400 6052 terrenis
1415 5999 1495 6052 rebus
1510 5998 1627 6053 studium
1649 6001 1725 6063 dare,
1746 5999 1881 6060 inimicos
1898 6001 1956 6059 dili·

1162 6100 1232 6156 pcrr,
1248 6102 1357 6141 carnem
1378 6104 1393 6141 a
1410 6089 1514 6144 runctis
1529 6089 1709 6154 uoluptatibus
1723 6088 1851 6157 domare,
1865 6099 1955 6151 motus
