4509 6850
305 715 360 772 no
640 761 643 767 .
816 708 993 767 eorunm.
1014 703 1046 761 tu
1065 702 1284 761 surranum
1304 706 1416 762 -un
1435 705 1467 762 tt
1903 708 1953 763 roo
2024 685 2025 692 ‘

305 833 335 888 ln
353 842 428 885 terra
443 841 491 882 sua
504 840 558 879 non
571 819 762 892 reliquerunt.)
774 820 910 892 (Hieron.)
925 820 1001 889 Quod
1015 827 1106 874 autem
1119 821 1145 880 Α
1157 816 1281 872 Andreas
1292 816 1385 882 virilis,
1410 826 1437 873 ct
1451 818 1502 874 ltoc
1523 820 1591 873 liene
1605 817 1638 871 ad
1655 818 1795 873 doctoratu
1810 835 1953 889 personatu

306 920 393 977 dicit:
411 914 460 969 tta
481 914 563 968 morit
585 920 659 966 tram
679 910 824 965 Iordanem
847 907 967 964 Gallittae
980 910 1107 980 gentium,
1161 906 1297 965 convenit.
1313 907 1381 973 Quia
1394 908 1421 961 lti
1432 907 1600 962 solummodo
1611 909 1643 962 ad
1657 922 1726 977 opus
1741 909 1887 979 magisterii
1905 912 1953 964 lra-

306 1009 345 1064 ad
368 1003 550 1062 differentiam
572 1002 692 1071 positum
711 1011 754 1055 est
774 1000 885 1055 alterius
907 998 1036 1063 Galilaea,
1049 1014 1109 1068 qnae
1160 995 1228 1051 biles
1244 1003 1317 1061 suut,
1331 997 1376 1066 qui
1390 997 1527 1065 sapientie
1541 998 1641 1053 lorninc
1652 998 1829 1063 illustrantur,
1845 1009 1872 1054 et
1886 1002 1954 1054 licito

305 1110 351 1157 est
365 1100 391 1155 iu
407 1098 479 1153 trihu
500 1094 631 1149 Zabulon.
656 1093 721 1147 [luas
734 1093 869 1162 siquidem
884 1090 1001 1148 calinen
1016 1100 1109 1146 sonte
1160 1094 1304 1157 operantes
1316 1086 1450 1142 mandatis
1463 1088 1510 1141 liei
1523 1088 1664 1154 obediunt,
1680 1089 1794 1159 aliisque
1816 1090 1888 1161 qnod
1902 1091 1951 1160 ipsi

307 1192 409 1265 quibus
427 1203 482 1243 una
503 1184 614 1243 Galilaea
626 1184 747 1254 gentium
768 1190 891 1246 vocatur,
907 1181 994 1236 vicino
1011 1179 1110 1234 linibus
1161 1176 1270 1233 sciendo
1296 1186 1324 1232 et
1351 1180 1489 1247 operando
1514 1179 1690 1245 custodiunt,
1709 1181 1847 1235 sciendum
1869 1189 1895 1236 et
1917 1183 1955 1234 la-

309 1285 466 1357 Tyriorum,
479 1279 525 1334 ulti
536 1276 696 1333 etSalotnon
705 1270 1109 1345 donavitvigimicivitatesregi
1166 1269 1286 1325 siendum
1309 1268 1415 1325 sortiter
1442 1278 1470 1326 et
1499 1271 1614 1327 viriliter
1639 1285 1795 1345 suggerunt.
1825 1274 1956 1331 llittcures

310 1376 405 1431 lliram
423 1370 506 1437 'lvrio
525 1369 552 1423 in
576 1375 649 1423 sorte
669 1366 755 1420 tribus
769 1363 950 1435 Neplttltalim.
964 1361 1110 1435 (Manuos.)
1161 1375 1228 1431 ergo
1254 1367 1307 1414 rete
1328 1362 1356 1415 iu
1374 1377 1447 1415 mare
1467 1362 1502 1417 ad
1518 1362 1707 1433 discipulatum
1729 1379 1808 1419 sunm
1828 1365 1958 1421 dontinus

310 1465 406 1521 Altera
416 1460 527 1517 Gaotoea
548 1459 649 1513 dicitur
662 1458 735 1512 circa
751 1453 929 1527 Tyberiadem
944 1462 973 1509 et
984 1462 1110 1525 stagnum
1161 1459 1303 1507 convocat.
1315 1451 1383 1521 Quia
1398 1468 1469 1523 saepe
1484 1468 1610 1523 eosquos
1623 1455 1740 1510 terrenis
1754 1456 1838 1512 lucris
1852 1457 1958 1511 initiare

309 1550 532 1615 Gertesaretlt,in
556 1547 627 1603 tribu
648 1545 780 1604 Zabulon.
802 1545 922 1617 Populos
942 1547 987 1616 qai
1006 1546 1110 1601 sedebat
1161 1542 1325 1608 considerat,
1352 1543 1385 1598 ad
1412 1544 1530 1601 coelestis
1557 1546 1631 1616 regni
1652 1546 1814 1601 desideriunt
1839 1562 1853 1601 a
1883 1547 1959 1616 cupi--

313 1646 342 1699 iu
361 1641 473 1698 teuelrit
490 1638 554 1694 oidit
574 1637 660 1692 lucem
681 1654 820 1708 magnam,
834 1645 862 1691 et
879 1636 994 1707 reliqua.
1011 1636 1111 1692 Sancto
1162 1631 1245 1687 ditate
1261 1633 1449 1704 temporalium
1466 1643 1574 1690 revocat
1589 1644 1617 1690 et
1632 1651 1685 1689 uon
1706 1635 1791 1690 sulum
1809 1637 1882 1706 ipsos
1897 1638 1958 1692 iudo

312 1747 381 1804 ergo
396 1729 528 1794 Ecclesia,
541 1726 688 1797 qutejuxta
705 1740 780 1780 mare
798 1726 941 1795 proesentis
955 1725 1048 1781 saeetrli
1064 1740 1112 1795 po·
1163 1719 1288 1785 retrahit,
1303 1721 1446 1777 sedetiam
1466 1738 1515 1793 per
1528 1722 1601 1793 ipsos
1616 1724 1718 1779 retibus
1732 1723 1869 1795 Evangelii
1888 1726 1957 1781 alins

313 1820 368 1879 arta
381 1827 433 1885 cst,
449 1818 508 1888 ipsa
522 1825 597 1871 trans
611 1814 766 1880 lordanem,
780 1814 860 1870 idest
874 1830 923 1886 per
936 1815 1110 1884 baptismum,
1162 1805 1196 1863 de
1210 1806 1344 1878 profundo
1358 1809 1512 1880 iniquitatis
1524 1812 1615 1881 eripit.

315 1910 351 1966 de
361 1908 484 1979 pristinis
495 1905 636 1962 erroribus
649 1904 738 1960 abluta
750 1904 880 1976 spiritalis
894 1904 1015 1969 Galilaea,
1029 1906 1056 1961 id
1070 1914 1112 1961 est
1198 1900 1233 1955 m
1251 1904 1288 1957 nit
1303 1903 1356 1959 illia
1370 1920 1381 1959 .·
1401 1902 1490 1960 Venite
1515 1917 1573 1977 post
1588 1923 1639 1972 ute,
1663 1918 1687 1962 et
1708 1908 1806 1976 [ocium
1829 1926 1873 1963 oos
1909 1911 1958 1962 teri

317 1999 520 2070 trartsmigratio
547 1997 619 2053 laeta
642 2005 700 2063 est;
716 2006 744 2052 et
766 2013 826 2066 qoae
850 1997 926 2068 prins
943 1999 993 2053 suls
1018 1998 1110 2067 gentili
1171 1994 1314 2064 piscatores
1336 1994 1481 2049 ltomt‘num.
1512 1996 1603 2068 (alep.)
1624 1995 1753 2067 lliecrgo
1776 1999 1957 2067 qmnstiottou

318 2088 371 2143 ritu
384 2088 412 2143 io
426 2089 520 2144 urnbra
537 2090 643 2154 mortis,
661 2089 743 2143 idest
760 2090 787 2141 iu
802 2089 893 2143 earnis
914 2088 979 2143 luxu
997 2097 1025 2144 et
1039 2090 1112 2146 dele·
1163 2096 1246 2153 00000
1263 2083 1386 2138 0000000
1401 2085 1537 2153 00000000
1550 2083 1668 2141 3000000
1680 2086 1753 2141 00000
1767 2104 1819 2142 000
1841 2090 1872 2143 in
1882 2089 1957 2146 Goli-

316 2179 437 2234 etatione
451 2178 556 2249 peccati
568 2187 729 2234 conversata
743 2186 795 2243 est,
811 2176 921 2233 Christo
936 2179 1062 2234 veniente
1076 2180 1114 2234 ln.
1128 2169 1152 2230 B
1166 2171 1225 2237 tea,
1245 2172 1292 2227 scd
1311 2171 1388 2240 juxta
1403 2172 1561 2242 lordonum,
1581 2176 1615 2231 ad
1640 2178 1824 2234 testimouium
1846 2179 1959 2235 loannis

269 2313 271 2317 .
316 2284 379 2327 eetrt
394 2269 497 2340 recepit
512 2269 660 2338 Evangelii.
1164 2261 1291 2331 Baptista
1314 2264 1402 2332 primo
1419 2264 1555 2319 Andrearu
1581 2275 1705 2322 secutum
1723 2284 1783 2325 esse
1804 2272 1958 2337 domiuum,

354 2360 458 2415 Exinde
467 2362 542 2430 cepit
558 2358 637 2414 lesos
651 2359 807 2430 predicare,
831 2367 855 2412 et
867 2358 971 2414 elicere:
983 2357 1114 2414 Poent'tea-
1165 2367 1226 2407 earn
1240 2352 1293 2407 alio
1306 2354 1383 2424 enjus
1396 2370 1493 2410 nomen
1514 2365 1598 2422 tacct3
1618 2358 1715 2413 deinde
1737 2358 1844 2415 l’otrnm
1869 2361 1902 2415 ab
1915 2360 1959 2416 illo

315 2451 382 2504 tium
402 2451 482 2521 agite,
511 2450 729 2521 appropinquavit
755 2449 824 2503 enim
843 2465 951 2519 regnum
979 2449 1112 2504 coelorum,
1165 2455 1263 2497 ltOttlelt
1282 2443 1429 2513 accepisse,
1445 2444 1525 2498 tertio
1539 2444 1693 2517 Philippum
1707 2459 1959 2517 vocntunresse,ut

317 2536 468 2611 tdteron.)
492 2538 560 2595 Cum
583 2547 673 2593 autem
707 2537 831 2594 Salvator
853 2540 947 2594 eadem
985 2541 1115 2610 praedicat
1165 2546 1226 2587 eom
1243 2541 1426 2604 sequeretur,
1446 2534 1538 2589 caeteri
1558 2546 1648 2591 mrtem
1663 2543 1718 2593 tres
1739 2540 1910 2610 evangelistae
1927 2543 1959 2594 fe

315 2645 378 2702 quae
391 2628 510 2686 loannes
520 2631 642 2700 Baptlsta
656 2637 718 2684 autc
733 2631 848 2695 dixerat,
868 2631 985 2686 ostendit
997 2646 1026 2687 se
1041 2633 1113 2702 ejus-
1165 2625 1315 2697 piscatione
1329 2637 1439 2683 vocatos
1468 2628 1579 2693 dicuut;
1602 2631 1674 2700 quod
1694 2639 1783 2687 tamen
1809 2632 1845 2686 ita
1863 2633 1959 2687 intelll-

317 2724 380 2779 denr
400 2723 447 2778 oet
460 2723 568 2787 Filium,
594 2722 672 2792 cnjus
684 2724 730 2778 illc
741 2724 871 2793 proplrcta
888 2722 948 2777 tuit.
964 2722 1037 2779 Bene
1050 2737 1115 2796 ergo
1165 2717 1282 2788 gendum
1300 2727 1352 2786 est,
1377 2734 1430 2774 non
1453 2719 1493 2774 sic
1516 2734 1564 2774 cos
1591 2720 1733 2776 oonunnn
1761 2722 1860 2778 vidisse
1882 2722 1959 2792 juata

290 2883 292 2888 Ι
316 2816 512 2888 poeuiteatilms
526 2831 575 2886 per
597 2816 764 2872 Salvatorern
778 2816 878 2871 dieitur
898 2816 1115 2887 appropinquare
1165 2808 1321 2876 Iordanem,
1341 2811 1466 2866 ntetiam
1482 2811 1697 2881 inseparabiliter
1718 2814 1896 2880 enumerent,
1913 2818 1959 2870 sel

318 2921 432 2979 reguum
446 2906 658 2976 eoelorum‚qoia
670 2922 719 2977 per
731 2906 858 2977 ipsumde
872 2906 934 2961 imis
946 2906 1039 2961 adalta
1054 2907 1116 2961 sult-
1167 2909 1271 2956 tantum
1288 2901 1445 2972 cognovisse
1468 2916 1586 2973 eumque
1601 2904 1714 2959 miratos
1735 2904 1769 2960 ud
1792 2907 1901 2977 propria
1919 2923 1960 2961 ro-

317 2996 448 3054 leramur.
460 2997 694 3068 Appropinquavit
705 2997 777 3052 euim
794 3012 856 3052 vere
869 3008 933 3052 tune
960 2997 1115 3066 poeniteoti·
1166 3005 1282 3045 measse·

317 3086 372 3141 bos
390 3100 508 3155 reguum.
521 3086 663 3150 caelorum,
684 3102 745 3141 curn
764 3086 889 3141 Salvator
907 3095 1001 3142 noster·
1024 3087 1051 3141 tn
1066 3102 1115 3141 sno
1201 3080 1234 3134 At
1248 3080 1289 3134 itti
1307 3083 1453 3136 :continno
1468 3082 1564 3138 relictis
1580 3084 1676 3140 retilos
1701 3088 1784 3140 secuti
1811 3099 1871 3143 tutat
1889 3107 1958 3144 euru.

318 3177 744 3247 alventuomniltosquicunque
773 3191 820 3246 per
851 3177 1041 3247 poenitentiam
1060 3177 1115 3246 pri·
1167 3169 1268 3246 (Gt-ep.)
1284 3171 1412 3228 Fortasse
1427 3174 1489 3229 ltine
1503 3174 1601 3245 aliquis
1628 3176 1718 3233 tacitis
1741 3193 1833 3233 seeum
1856 3181 1960 3251 cogita.-

318 3270 379 3325 seis.
387 3269 526 3325 erroribus
541 3268 786 3333 renuntiantes,ad
801 3266 859 3337 ejus
878 3268 958 3324 ltdern
972 3278 1000 3324 et
1013 3270 1115 3341 lraptis-
1167 3262 1285 3317 tionibus
1304 3262 1388 3318 dicit:
1409 3262 1450 3319 Ad
1464 3279 1558 3319 vocem
1581 3265 1748 3323 Dominietuu
1775 3277 1888 3341 uterque
1909 3272 1959 3327 isto

320 3377 397 3416 atam
414 3360 603 3433 eonmgerunt,
619 3361 701 3414 vitam
719 3360 842 3430 protrusit
862 3368 1003 3415 retentam.
1031 3360 1115 3428 Quot·
1166 3354 1297 3426 piscator,
1313 3355 1377 3427 qnid
1398 3364 1446 3411 ant
1459 3365 1589 3428 quantum
1602 3359 1716 3427 dimisit,
1738 3362 1783 3432 qni
1805 3378 1873 3435 pene
1894 3366 1961 3418 uilril

317 3462 382 3524 quot
395 3462 484 3507 netem
499 3463 648 3522 receperunt
663 3469 733 3518 eunt,
747 3453 818 3505 dedit
829 3454 866 3507 eit
879 3463 1031 3523 potestatem
1043 3454 1113 3524 filios
1168 3446 1285 3502 habuit?
1308 3446 1361 3504 Sed
1389 3449 1415 3502 io
1438 3450 1490 3504 hoc
1517 3463 1547 3504 ro
1573 3449 1699 3506 allectum
1723 3453 1813 3522 potins
1835 3470 1959 3525 pensum.

320 3543 370 3600 Det
383 3543 443 3615 fieri
473 3543 564 3617 (laon.
579 3545 612 3615 ι).
633 3545 839 3616 Appropinquat
864 3546 962 3612 etiam,
988 3556 1016 3602 et
1033 3564 1116 3616 nune,
1131 3516 1153 3580 C
1170 3555 1250 3610 quarn
1264 3555 1375 3596 censum
1390 3549 1506 3612 oportet.
1522 3541 1633 3597 llultmn
1648 3544 1759 3614 reliquit
1770 3547 1814 3617 qni
1828 3548 1879 3602 silvi
1895 3550 1961 3604 nihil

319 3639 384 3710 quia
397 3639 455 3709 ipse
466 3639 604 3709 discipulis
614 3640 1118 3711 suispostresorrectionemsnamjus·
1171 3628 1296 3694 0000οῑῑὶ
1311 3629 1606 3702 ¹11¹¹¹¹1¹¹⁰l2¹1d⁰5²dffl
1623 3635 1772 3702 0000000οῑ
1793 3651 1906 3706 0000000
1922 3646 1961 3694 2⁰·

319 3729 358 3787 sit
368 3729 517 3801 praedicare
529 3730 557 3784 in
570 3731 679 3787 nomine
693 3730 752 3800 ejus
763 3731 963 3801 poeniteutiam,
976 3741 1005 3788 et
1021 3735 1117 3789 remis·
1170 3731 1225 3779 000
1240 3726 1368 3782 deseruit·
1382 3725 1462 3784 Cotto
1477 3745 1526 3785 nos
1538 3739 1565 3786 et
1578 3729 1747 3790 habiturum
1760 3751 1851 3793 amore
1872 3742 1958 3809 pussi-

321 3821 428 3877 sionem
448 3830 623 3892 peecatorum
638 3824 665 3877 iu
688 3838 783 3878 omnes
797 3832 901 3893 gentes.
926 3824 960 3879 Et
972 3841 1041 3888 ecce,
1067 3826 1114 3891 ait,
1167 3815 1271 3885 demus,
1295 3828 1323 3875 et
1343 3836 1374 3875 ea
1398 3836 1458 3891 qoae
1482 3824 1593 3879 minime
1614 3825 1746 3883 ltnbcrnos
1772 3845 1806 3885 ex
1829 3832 1962 3888 tlesiderio

320 3929 369 3982 eqo
381 3912 511 3967 nobiscnm
530 3928 589 3966 sum
610 3913 638 3967 in
652 3913 771 3967 otunilas
786 3914 877 3969 dielrm
895 3931 975 3985 osque
1000 3916 1035 3969 ad
1055 3934 1116 3971 con·
1167 3911 1323 3981 quaerimus.
1344 3910 1456 3966 Multum
1469 3928 1533 3986 ergo
1548 3914 1646 3970 Petrus
1658 3927 1686 3972 et
1703 3917 1828 3974 Andreas
1848 3921 1960 3988 dimisit,

320 4005 522 4059 artrumotiouem
535 4005 625 4059 seculi
638 4003 865 4075 (Mattianum).
976 4019 980 4026 ·
1166 4000 1275 4069 quoodo
1300 4008 1413 4069 uterque
1433 4001 1515 4056 otiam
1538 4003 1702 4059 desiderium
1728 4006 1842 4061 lrnlreutli
1864 4010 1961 4064 dereli-

357 4092 1115 4167 [lll.]AmlttloutamemjuctomnreGnlt’leaeoiditdaot
1166 4091 1244 4160 quit3
1267 4089 1381 4144 ttrultum
1398 4091 1501 4146 dimisit
1532 4092 1577 4161 qui
1600 4107 1660 4147 cunt
1688 4109 1717 4149 re
1738 4111 1862 4166 possessa
1878 4100 1959 4154 etiam

320 4188 418 4256 {ratres
430 4187 564 4243 Simonem
573 4186 619 4257 qai
636 4197 744 4241 vocator
759 4186 866 4252 Petrus,
879 4196 903 4242 et
918 4188 1050 4241 Audreom
1059 4187 1116 4257 [ra-
1166 4177 1402 4247 concupiscentias
1414 4176 1572 4233 refrenavit.
1589 4179 1611 4234 d
1623 4183 1798 4252 sequentibus
1809 4199 1872 4255 ergo
1885 4195 1960 4242 tauta

319 4289 387 4333 trem
399 4278 468 4348 ejas,
482 4279 611 4332 mittentes
626 4287 679 4331 rete
691 4278 720 4331 in
731 4293 815 4343 mare,
828 4287 903 4332 eram
917 4278 986 4332 enim
1002 4279 1116 4348 piscato-
1166 4268 1276 4324 dimissa
1289 4277 1365 4337 snut,
1380 4277 1482 4339 quauta
1505 4289 1521 4327 a
1544 4288 1597 4327 non
1611 4275 1786 4345 sequentibus
1807 4279 1960 4348 concupisti

321 4382 374 4421 res.
387 4366 461 4422 llarc
482 4363 600 4422 Galilaeae
619 4364 690 4420 idem
704 4373 747 4421 est
764 4365 838 4435 quod
855 4374 980 4437 stagnum
993 4365 1114 4421 Genesa-
1165 4366 1320 4430 potuerunt.

322 4458 395 4523 retlr,
420 4457 466 4512 sed
479 4456 540 4512 ideo
553 4470 627 4510 mare
639 4455 762 4511 Galilteae
775 4455 884 4521 dieitur,
898 4455 961 4524 quia
973 4455 1052 4525 juxta
1062 4455 1115 4512 Ga·
1201 4452 1236 4507 Et
1246 4453 1387 4524 procedens
1400 4455 1462 4509 iude
1476 4455 1539 4510 uidit
1552 4455 1619 4511 ulios
1639 4458 1705 4513 daos
1718 4460 1814 4528 [ratres
1830 4460 1960 4517 daonium

321 4545 419 4617 lilaearu
433 4545 528 4601 tendit.
550 4545 669 4601 dirersis
687 4545 761 4600 euim
780 4545 935 4601 nominibus
952 4546 1004 4601 troc
1027 4547 1113 4617 ipsum
1165 4541 1296 4610 aetnam,
1313 4554 1337 4598 et
1350 4543 1481 4599 loannem
1495 4544 1605 4615 fratrent
1632 4547 1700 4618 ejus,
1716 4549 1742 4603 in
1761 4551 1820 4606 unt-i
1835 4568 1892 4605 curu
1908 4552 1960 4606 Ze-

321 4652 409 4702 mare‚
422 4644 535 4707 propter
549 4635 728 4704 adjacentiam
743 4635 1035 4706 locornmappcllatur;
1052 4652 1114 4691 nam
1166 4634 1254 4690 dedeo
1275 4643 1460 4705 putreeorom,
1484 4635 1629 4703 repcieutes
1653 4640 1718 4693 retia
1732 4658 1792 4708 suu,
1812 4652 1836 4696 et
1862 4647 1959 4697 occurit

322 4740 398 4780 utare
409 4724 631 4790 Galilmae,lacns
648 4723 829 4790 Gerresarctlt,
843 4734 969 4796 stagnum
994 4725 1114 4783 Genesa·
1165 4741 1219 4781 eat.
1246 4722 1337 4796 (Aup.)
1352 4722 1442 4791 otton
1466 4734 1556 4779 amem
1575 4734 1663 4796 potest
1675 4729 1809 4798 quomodo
1824 4730 1901 4785 ltirzos
1916 4749 1960 4786 to-

322 4818 402 4883 rctlt,
419 4833 494 4872 mare
511 4818 686 4889 Tyberiadis,
701 4830 729 4873 et
742 4818 816 4875 lacus
831 4818 984 4874 Salinarum
1003 4820 1112 4876 dicitnr.
1167 4814 1270 4871 caverit
1293 4815 1326 4870 do
1347 4815 1477 4871 naviculis
1504 4816 1662 4887 piscatores,
1687 4821 1776 4889 primo
1801 4820 1909 4878 Petrum
1932 4835 1960 4879 et

321 4905 467 4961 damatam
482 4923 547 4978 ergo
569 4907 698 4962 Dominus
707 4909 789 4978 jacto
811 4905 1025 4974 nrureGnltlaeae,
1050 4909 1114 4963 uidit
1167 4903 1315 4971 Andrean,
1344 4906 1440 4962 deindo
1465 4921 1624 4979 progressus
1649 4909 1786 4979 paululum
1802 4911 1869 4968 alios
1891 4915 1958 4971 duos

320 4998 389 5051 drot
405 4995 510 5066 tratres,
527 4997 554 5051 id
573 5005 624 5063 est,
642 4996 775 5052 Simonem
789 5000 833 5068 qui
847 5007 955 5052 vocator
967 4995 1075 5062 Petras,
1090 5007 1114 5052 et
1168 4994 1382 5062 lilioszeltedtei
1395 4996 1467 5052 sieut
1489 5006 1603 5053 narrant
1627 4998 1769 5057 llattlraeos
1791 5009 1819 5057 ot
1841 5002 1961 5068 lllareus,

321 5078 577 5159 Addreomsrotrem
597 5090 665 5160 ejus.
690 5091 759 5157 Quia
783 5091 939 5147 incarnatus
962 5092 1116 5163 unigenitus
1169 5102 1230 5142 eom
1249 5086 1338 5142 Lucas
1351 5087 1424 5143 dicat
1448 5084 1647 5145 amlateornrn
1674 5091 1813 5148 naviculas
1835 5093 1960 5164 impletas

283 5236 285 5241 ,
322 5179 369 5234 Dei
393 5178 496 5243 Filius,
521 5196 584 5236 corn
606 5192 705 5236 nostrae
731 5183 903 5240 mortalitatis
933 5183 1115 5239 conditionem
1169 5191 1265 5248 taragna
1280 5177 1325 5231 illa
1343 5186 1454 5247 captura
1468 5179 1745 5253 pisciunr,soeiosquc
1755 5180 1830 5238 Petri
1843 5175 1961 5239 commo

321 5270 442 5338 suscepit
465 5271 492 5324 iu
508 5273 577 5326 utari
601 5272 679 5327 istius
702 5274 794 5328 mnudi
814 5275 962 5343 piscatores
981 5275 1116 5343 spiritales
1171 5266 1568 5334 [ιιοεει100000000010000000
1578 5268 1647 5325 0003
1659 5270 1782 5328 ῑο00οἰοῑ
1794 5282 1905 5327 0000105
1925 5275 1958 5326 ³¹¹

321 5360 389 5415 vidit
404 5361 543 5416 divinitus.
553 5362 620 5428 Quia
636 5379 704 5433 quos
721 5372 784 5418 autc
799 5365 1018 5420 constitutionem
1033 5381 1112 5419 muu-
1169 5363 1361 5434 adjuvandum,
1375 5379 1436 5418 cum
1448 5365 1515 5419 retia
1530 5364 1608 5435 plena
1623 5366 1955 5435 extrulaercnonpossout,

321 5451 348 5504 ut
362 5451 396 5504 al
407 5467 475 5521 opus
485 5452 685 5522 praedicationis
704 5463 781 5525 aptos
793 5456 926 5525 prasion,
941 5457 991 5511 lros
1001 5456 1027 5510 in
1049 5466 1115 5511 tea:—
1168 5457 1303 5527 simulque
1313 5455 1425 5510 miratos
1437 5463 1540 5509 tautam
1552 5455 1750 5510 multitudinem
1762 5456 1888 5525 piscium,
1899 5472 1959 5526 quau

322 5557 387 5613 pore
404 5542 598 5598 incarnationis
623 5560 680 5601 sote
701 5548 832 5612 renuardo,
857 5548 918 5603 aliis
937 5548 1001 5617 quid
1023 5557 1116 5605 essent
1168 5555 1246 5618 capta
1258 5554 1327 5613 erat,
1337 5554 1432 5600 cteum
1443 5544 1524 5600 Petro
1533 5553 1636 5601 tantum
1646 5545 1768 5601 dixisse:
1784 5545 1847 5600 Noli
1858 5548 1958 5612 tinto-n,

321 5634 451 5688 astenoit.
471 5635 544 5690 Duos
570 5654 687 5707 namque
703 5638 803 5694 iratres
817 5641 893 5704 vidit,
905 5641 969 5710 qnia
984 5643 1115 5697 unitatem
1167 5658 1200 5697 ιε
1216 5640 1335 5712 ιιουαηι
1350 5639 1467 5693 lromiues
1489 5639 1542 5691 eris
1564 5638 1678 5709 capiens,
1697 5637 1777 5693 simul
1799 5655 1846 5694 cos
1869 5648 1957 5694 tana-n

322 5722 452 5780 fraterne·
479 5726 632 5782 dilectionis
660 5731 795 5801 probavit,
823 5732 1023 5803 ostendensque
1050 5737 1135 5805 qnia,
1169 5729 1308 5787 subductis
1329 5722 1363 5782 ad
1381 5738 1482 5782 terram
1499 5727 1612 5781 navibus
1638 5735 1746 5782 secutos
1770 5728 1862 5782 luisse.
1882 5729 1957 5783 l'ntc

321 5816 477 5886 quicunque
491 5816 643 5873 lrateruum
664 5836 785 5875 arnonem
798 5836 850 5874 uon
864 5822 1019 5890 observant,
1033 5828 1116 5897 aspi·
1176 5819 1383 5892 intelligendum
1396 5827 1439 5877 est
1453 5818 1505 5875 lroo
1516 5817 1606 5890 primo
1615 5832 1677 5874 esso
1694 5818 1807 5886 lactum,
1820 5823 1892 5893 qood
1906 5820 1956 5878 Ln-

322 5904 441 5960 ritalium
456 5907 597 5963 doctorum
615 5910 710 5964 ordine
725 5924 754 5964 se
766 5918 954 5981 sequestratum
975 5914 1114 5972 Simonem
1178 5927 1223 5968 eas
1233 5912 1365 5978 insinuat,
1380 5926 1431 5967 uec
1445 5922 1509 5966 tunc
1524 5924 1571 5965 eos
1582 5924 1598 5964 a
1608 5910 1723 5966 dontino
1736 5910 1821 5967 luisse
1835 5922 1955 5981 voratos,

319 5995 367 6063 qni
383 6004 496 6050 roeatnr
511 5996 619 6062 Petrus,
633 6008 658 6051 et
677 5997 814 6054 lludrcam
833 5999 944 6057 tratrem
962 6003 1040 6075 ejus;
1061 6003 1105 6061 Si·
1175 6003 1223 6059 sed
1236 6000 1340 6060 tantum
1360 6003 1441 6060 Petro
1452 6000 1537 6059 luisse
1551 5999 1713 6073 praedictum
1737 6003 1810 6075 qood
1829 6004 1956 6060 ltomiues

320 6085 472 6173 otoo-enim
486 6087 682 6161 itrterprctator
691 6091 825 6162 obedient,
836 6093 934 6151 Petrus
948 6112 1103 6169 agnoscent,
1174 6104 1247 6157 estet
1257 6104 1388 6170 capturus
1400 6110 1408 6152 t
1421 6094 1496 6169 qttod
1507 6109 1564 6155 oon
1580 6093 1619 6155 ita
1633 6093 1738 6155 dietum
1747 6099 1965 6168 summatem
