4509 6850
315 722 353 776 as
997 720 1263 781 rnoteuouaaa.
1915 739 1973 795 aa.

319 833 449 892 mouiales
461 841 489 889 et
503 831 571 889 alios
585 832 751 899 innumeros,
779 845 894 903 quoium
909 832 1018 889 timidus
1035 834 1111 905 igno-
1123 840 1149 898 A
1163 836 1256 893 tudine
1283 836 1411 895 virtutum
1438 854 1521 911 agens
1548 839 1788 913 religiosissimam,
1804 852 1832 902 et
1845 862 1949 906 suoram

319 939 420 980 tauns.
431 922 465 977 lli
478 931 541 978 suot
556 922 659 977 linctus
669 923 864 977 monachorum
875 922 957 977 studii
972 921 1109 989 saluum,
1162 927 1346 986 indesinenter
1360 931 1507 1003 explanans
1534 931 1702 1003 Scriptorum
1729 937 1888 1008 adglorians
1902 939 1949 996 [tet

318 1013 761 1085 taiqmptmumettabmomutu
772 1014 855 1069 millia
867 1015 896 1069 iu
906 1014 1111 1070 omnidoctrioa
1160 1022 1365 1093 omnipotentis,
1377 1024 1422 1095 qui
1439 1026 1504 1080 risit
1520 1037 1547 1083 et
1560 1038 1654 1100 regom
1668 1029 1694 1083 ln
1710 1030 1808 1085 saecula
1836 1030 1951 1088 saerata„

316 1117 344 1162 et
359 1107 514 1169 muetiute,
527 1115 611 1160 totam
626 1106 794 1161 illustrantur
806 1106 966 1162 Ecclesiam.
981 1106 1035 1163 Sed
1056 1123 1110 1162 oua
1160 1127 1231 1167 rum.
1245 1112 1341 1170 Amen.

316 1198 426 1251 durarit
447 1198 476 1252 iu
491 1197 572 1252 dimna
597 1197 656 1252 hee
668 1206 762 1253 saitem
779 1198 945 1252 consuetudo
968 1198 1112 1253 monacho

317 1306 388 1354 rurn,
404 1290 534 1359 qnoniam
554 1288 625 1357 quod
645 1289 816 1344 landabiliter
833 1290 916 1359 cmpit
930 1303 962 1344 ex
979 1299 1108 1358 tempore,

1378 1226 1493 1288 Lllillll
1518 1228 1728 1293 secundia.

317 1380 400 1437 „fiam
411 1393 474 1434 cum
487 1387 611 1447 mmm
625 1379 741 1449 mmm
752 1378 861 1433 deiecit.
885 1377 952 1433 Nam
969 1377 1042 1433 eim
1056 1379 1109 1434 ω,
1196 1343 1341 1410 Hactenus,
1364 1348 1587 1405 reverendissime
1604 1350 1710 1421 praesul,
1735 1361 1761 1407 et
1776 1351 1902 1425 prinecps
1916 1352 1950 1408 il-

315 1469 424 1524 miuieae
436 1468 588 1523 nativitatis
602 1484 702 1522 anirum
725 1468 899 1524 millesimum
921 1470 1108 1534 centesimum,

317 1560 505 1631 multiplicatis
519 1561 546 1614 in
568 1561 690 1615 Ecclesia
715 1560 762 1615 liei
778 1561 861 1615 uariis
884 1561 1015 1616 institutis
1036 1562 1110 1617 clau·

316 1651 452 1717 strabum,
467 1651 615 1706 studiuma
631 1652 772 1706 ruouuclris
784 1650 885 1708 uostris
898 1660 1037 1721 tepescere
1053 1665 1109 1707 eoe-

315 1744 365 1812 pit,
379 1756 415 1797 ac
429 1756 502 1812 pene
515 1740 627 1797 deleuit.

349 1838 586 1894 nemausensem
614 1835 732 1901 llaurus,
751 1838 947 1892 monachorum
963 1837 1106 1892 scholasti*

314 1944 363 1984 cus
387 1928 514 2000 insignis,
539 1934 716 1998 posteaquam
741 1928 842 1983 scholis
862 1927 1007 1998 praefuerat
1030 1927 1109 1982 annis

316 2019 445 2089 quinque,
457 2033 567 2073 manum
576 2019 700 2088 apposuit
711 2018 745 2074 ad
759 2019 941 2084 scribendum,
955 2019 1041 2074 atatis
1052 2033 1109 2075 suae

315 2128 386 2167 aeno
400 2112 557 2166 tricesimo:
573 2111 618 2181 qui
633 2111 684 2167 luit
698 2111 844 2167 hominicae
855 2111 1005 2166 natiuitatis
1018 2113 1107 2168 octio-

315 2204 482 2273 gcntesimus
492 2210 606 2257 octavus
617 2202 748 2268 decimus,
766 2202 911 2258 indictione
926 2202 1107 2258 florianorum

314 2294 469 2348 trahentia.
499 2293 532 2347 Et
555 2294 712 2363 cumprimis
729 2294 837 2363 quiicm
853 2293 962 2361 scripsit
984 2292 1109 2348 mirabile

315 2384 382 2437 illul
395 2398 461 2453 opus
473 2383 507 2438 de
519 2383 642 2437 laudibus
653 2390 755 2438 sanetae
782 2383 887 2448 Crucis,
915 2384 988 2452 quud
1014 2392 1107 2454 postea

314 2474 416 2528 dicarit
426 2474 562 2545 Gregorio
588 2488 695 2529 summo
718 2475 839 2544 pontilrei
870 2485 967 2545 quarto
982 2494 988 2528 :
1004 2477 1037 2530 de
1054 2489 1108 2545 quo

314 2567 342 2619 in
364 2565 559 2636 supplicatione
582 2581 633 2637 pro
660 2566 754 2623 Maiam
780 2568 819 2623 sie
836 2568 873 2621 ait
897 2578 1046 2638 praeoeptor
1060 2568 1108 2622 ‚u-

311 2658 433 2714 tauma:

375 2786 447 2837 llunc
460 2801 563 2848 puerum
575 2789 644 2838 docui
657 2790 730 2838 datiani
744 2791 842 2841 domine
856 2794 923 2842 serbi
940 2827 947 2852 ,

408 2848 499 2899 Ethirae
511 2852 606 2900 inuoltls
617 2857 643 2899 ct
654 2851 746 2913 sophim
758 2854 852 2901 studiis.

375 2911 430 2973 lpse
443 2914 542 2973 quietem
556 2912 661 2960 l'ruouis
672 2926 768 2974 periere
786 2922 832 2974 cst,
844 2922 919 2973 atquc
934 2916 1010 2966 incola
1022 2917 1090 2967 silrea

408 2974 545 3032 lluehuohc,
557 2974 604 3028 hac
615 2976 703 3023 mis-:us
712 2976 809 3025 discere
821 2977 894 3025 rerba
909 2976 964 3027 lici.

375 3034 442 3083 ahtau
453 3044 513 3082 snm
525 3045 638 3095 namque,
654 3034 782 3086 irridentis
793 3048 874 3087 reum
885 3039 956 3087 oritis
967 3078 974 3102 ‚

406 3094 475 3145 litum
486 3099 534 3146 huc
542 3096 644 3153 direxit,
657 3098 685 3144 ad
698 3104 738 3145 tua
751 3105 827 3154 tecti,
840 3101 922 3148 Pater.

376 3161 427 3217 Quo
439 3171 535 3207 mecum
546 3158 644 3219 legeret
656 3165 727 3208 mstrt
740 3161 897 3209 seliolaatieus
908 3172 1004 3222 artem,

405 3220 554 3280 scriptoram
567 3228 592 3267 et
604 3231 630 3267 sa
646 3232 695 3267 rani
710 3224 757 3270 rite
769 3231 864 3282 pararet
874 3234 948 3271 orans
962 3236 968 3270 τ

374 3282 419 3331 Ast
430 3281 469 3327 ubl
483 3294 527 3329 sex
542 3279 615 3329 lustra
629 3282 745 3340 iaqderit,
756 3285 803 3341 jam
815 3285 926 3332 sarrirere
939 3292 1053 3347 tempus,

409 3344 443 3391 td
454 3342 540 3393 Christi
551 3343 647 3392 taudem
658 3344 723 3392 hunc
735 3346 809 3394 edidit
821 3354 874 3395 arte
887 3347 982 3395 tibrum.

1160 1435 1321 1492 lustrissime
1345 1438 1466 1505 lllberte,
1481 1441 1598 1510 primum
1611 1442 1644 1496 de
1657 1442 1717 1498 Vim
1740 1446 1828 1500 salicti
1842 1445 1948 1503 llahaui

1159 1529 1366 1599 praedecessoris
1390 1532 1427 1586 tui
1442 1532 1552 1599 librum,
1576 1536 1722 1592 auxiliante
1748 1538 1862 1594 Domino
1882 1539 1949 1606 Deo,

1159 1619 1385 1686 continuavimus,
1400 1622 1426 1677 in
1441 1637 1494 1693 quo
1521 1625 1723 1682 conversionem
1746 1625 1804 1696 ejas
1822 1629 1855 1684 ad
1874 1630 1951 1686 iusti·

1159 1712 1276 1767 tationes
1303 1715 1474 1781 monasticas,
1495 1717 1613 1772 studium
1640 1734 1746 1789 qnoque
1762 1728 1789 1775 et
1821 1723 1950 1779 eruditio·

1159 1817 1221 1857 nem
1237 1803 1432 1875 scripturarum
1448 1817 1541 1878 aperta
1558 1810 1715 1864 narratione
1733 1810 1906 1882 digessimus,
1920 1821 1950 1869 ut

1159 1911 1212 1965 quo
1229 1895 1335 1950 lerrore
1347 1896 1430 1951 diuini
1455 1899 1556 1953 amoris
1583 1898 1661 1954 sirtrul
1678 1909 1705 1955 ct
1717 1900 1845 1957 lratcrnoe
1857 1904 1948 1959 charl-

1159 1986 1222 2040 tatis
1236 1985 1277 2038 rir
1293 1993 1382 2039 tutatus
1395 1988 1626 2042 conversationem
1642 2004 1718 2044 suam
1733 1989 1888 2062 locoeperit,
1899 2007 1949 2063 pu·

1159 2077 1289 2132 sturitatis
1302 2078 1439 2133 memoriae
1454 2088 1584 2149 perpetuo
1598 2082 1858 2139 commendaremus.
1872 2082 1949 2141 huuc

1121 2177 1259 2256 nantem,
1275 2168 1301 2223 io
1318 2170 1441 2238 sequenti
1452 2170 1531 2235 lilani,
1547 2187 1625 2240 quem
1635 2172 1782 2227 seeundum
1798 2172 1949 2242 adjicimus,

1159 2262 1248 2333 primo
1263 2271 1434 2336 tempusque
1457 2262 1582 2320 Fuldensi
1597 2266 1762 2322 nuntiasterio
1776 2265 1885 2337 praeluit
1900 2268 1948 2340 ah-¹

1159 2355 1219 2420 bas,
1234 2363 1366 2425 quantum
1380 2356 1402 2409 si
1425 2353 1527 2427 [Ferte
1542 2355 1583 2427 se]
1608 2356 1678 2411 sires
1692 2366 1791 2412 nostem
1804 2366 1897 2413 tenues
1908 2358 1949 2412 ui·

1160 2447 1243 2501 iniitm
1268 2447 1428 2512 extendunt,
1446 2448 1515 2518 stylo
1538 2448 1727 2503 cururtmndare
1753 2450 1903 2520 pergitisne,
1919 2462 1949 2506 ut

1160 2536 1300 2591 historiam
1309 2536 1402 2590 ordine
1412 2537 1503 2591 debito
1516 2551 1569 2591 arou
1578 2535 1743 2601 fraudemus,
1758 2548 1945 2597 terumtmncu

1160 2642 1213 2681 noa
1227 2627 1394 2695 pollicemur,
1421 2643 1470 2683 nos
1492 2628 1581 2682 omnia
1596 2629 1744 2698 scripturos
1757 2643 1817 2699 qum
1828 2630 1854 2684 in
1867 2628 1949 2685 abha-

1159 2719 1196 2772 tia
1209 2719 1312 2789 gessi13
1336 2719 1382 2773 sed
1404 2734 1437 2773 cx
1453 2718 1545 2774 multis
1571 2720 1761 2790 consignamus
1773 2721 1947 2792 paucissima,

1160 2816 1188 2861 nt
1204 2817 1265 2877 pote
1279 2808 1323 2878 qni
1334 2818 1445 2878 propter
1455 2809 1645 2879 negligentiam
1656 2811 1817 2882 scriptorum
1828 2811 1949 2870 invertire

1158 2899 1340 2969 nequivitnus,
1355 2914 1415 2968 qum
1428 2901 1578 2965 restabant,
1594 2900 1709 2970 potiora.

1193 2988 1271 3043 Arane
1285 2989 1368 3060 igitur
1391 2989 1537 3044 llomioiem
1562 2990 1710 3047 nativitatis
1724 2991 1949 3062 octingentesima

1144 3079 1288 3139 ,vicesimo
1311 3079 1442 3149 quintae,
1470 3078 1617 3136 indictione
1643 3079 1828 3139 llumanorum
1855 3083 1947 3152 tertia,

1158 3177 1280 3224 rnortuus
1308 3179 1349 3224 est
1380 3168 1482 3241 AEglso,
1515 3169 1656 3226 Fuldensis
1680 3174 1836 3229 tuottasterii
1862 3174 1946 3231 abbas

1157 3270 1280 3330 quartus,
1294 3276 1365 3315 anno
1385 3261 1523 3331 regiminis
1545 3263 1585 3315 sui
1609 3264 1712 3333 quinto,
1731 3265 1771 3318 tir
1785 3266 1905 3321 moribus
1918 3274 1948 3322 ut

1157 3352 1417 3423 t·ita1·eligiusus,et
1442 3354 1593 3408 divinarunt
1618 3355 1818 3427 scripturarum
1840 3365 1947 3414 amatur

348 3447 416 3512 Qum
430 3459 501 3510 reru,
527 3454 638 3514 quantu,
654 3453 679 3499 et
695 3445 784 3516 qualia
811 3447 938 3518 deinceps
952 3447 1104 3518 scripserit,
1157 3444 1317 3513 precipuus.
1334 3444 1398 3498 Post
1417 3445 1493 3514 cuijus
1506 3445 1671 3514 sepulturam
1693 3446 1818 3503 llabanus
1833 3447 1944 3506 Maurus

310 3547 369 3591 um
381 3536 407 3590 ln
421 3534 495 3590 calce
508 3532 588 3603 hirjats
601 3535 756 3599 voluminis,
772 3552 852 3606 qnam
869 3537 894 3592 in
910 3539 977 3592 libro
988 3540 1021 3593 dc
1034 3539 1104 3594 scri-
1159 3533 1336 3604 Magnetibus,
1348 3534 1442 3589 d00¹0i
1453 3543 1480 3589 01
1494 3535 1678 3596 SCl¹011¹⁵litt¹S›
1692 3539 1885 3594 monachorum
1895 3555 1945 3597 ce-

309 3623 738 3696 ptoribusecclcsiasticislector
762 3626 897 3681 studiosus
917 3627 1102 3696 poteritinre·
1155 3623 1324 3689 leherrimus,
1353 3624 1467 3678 lrutrum
1496 3625 1628 3683 electione
1651 3629 1787 3683 communi
1816 3631 1941 3686 abhasin

310 3718 381 3772 nire.
398 3716 492 3771 Nullus
503 3727 567 3772 ante
580 3716 653 3770 ilhim
666 3716 816 3773 Germanus
832 3727 871 3772 tot
884 3719 1018 3774 columina
1031 3736 1103 3774 cour-
1152 3715 1247 3771 ordine
1258 3717 1367 3787 quintus
1380 3716 1539 3783 instituitur,
1555 3734 1626 3773 amru
1640 3721 1728 3775 aeteus
1738 3736 1794 3777 suae
1807 3721 1947 3778 tricesimo

308 3811 409 3881 pustrit,
424 3818 464 3865 tot
479 3809 558 3864 utiles
571 3808 699 3863 Ecclesiae
714 3818 846 3864 tractatos
867 3818 940 3867 tanta
963 3820 1102 3866 venustate
1153 3808 1276 3878 septimo,
1297 3816 1325 3861 et
1338 3808 1444 3877 prmluit
1472 3809 1549 3862 atritis
1563 3809 1666 3864 duobus
1677 3820 1705 3864 et
1728 3810 1832 3881 uiginti,
1852 3819 1943 3881 pasto-

309 3904 498 3973 elegantiaque
508 3901 596 3956 Latini
618 3902 752 3956 serinonis
770 3902 923 3967 rutilantes,
941 3903 968 3957 in
995 3903 1103 3958 notione
1154 3914 1212 3954 retu
1228 3914 1257 3954 se
1280 3899 1370 3953 otium
1384 3897 1485 3954 Christi
1497 3899 1640 3967 exliibeos,
1658 3901 1685 3955 in
1709 3902 1781 3956 oriani
1801 3901 1945 3957 strictitate

309 3994 478 4048 Theutoniua
494 3993 570 4062 prius
597 4007 677 4047 nerito
699 3993 860 4048 leutbrarit.
885 3994 952 4049 Nam
976 3994 1060 4049 Vetus
1074 4002 1102 4050 et
1153 3992 1216 4046 ritu
1234 3991 1418 4061 spectabilem,
1433 4001 1460 4046 et
1478 3993 1594 4061 inopere
1605 4008 1712 4063 semper
1724 3993 1870 4065 clixieaccm.
1881 3993 1941 4048 Pri·

309 4086 415 4140 h'ormu
444 4102 478 4141 ca
498 4086 608 4156 integro
635 4084 838 4140 Testamentum
865 4086 892 4140 in
922 4085 1102 4142 voluminibus
1152 4100 1213 4139 mus
1226 4082 1317 4138 Fuldae
1341 4084 1424 4137 abhas
1448 4082 1621 4138 luitabcatu
1648 4083 1785 4139 lioriilaeio
1809 4082 1944 4152 aruliicpi·

309 4177 403 4232 multis
413 4177 549 4247 esposuit,
564 4185 592 4231 et
605 4176 807 4231 commentariis
824 4177 1013 4246 pulcherrimis
1029 4178 1103 4234 lucu·
1152 4189 1233 4245 scopo
1249 4174 1388 4228 institutus
1402 4184 1513 4229 sanctus
1535 4173 1660 4230 Sturmus
1673 4173 1697 4240 ἃ,
1714 4175 1824 4230 tratione
1848 4172 1940 4244 Angli-

308 4265 562 4325 leuturesoruarit.
581 4266 657 4334 Quod
685 4267 793 4336 quidem
820 4268 954 4323 scribendi
980 4269 1101 4325 studium
1153 4281 1199 4321 cus
1216 4277 1238 4332 0,
1258 4281 1328 4319 anno
1348 4265 1455 4319 bomini
1478 4266 1714 4337 septingentesimo
1733 4266 1943 4337 quadragesimo

309 4357 392 4412 abco
415 4367 547 4427 ternpore,
561 4358 692 4426 usquead
719 4364 832 4411 mortem
856 4372 932 4412 sitam
948 4372 997 4426 pur
1015 4373 1102 4416 orarios
1156 4356 1245 4422 tertio,
1265 4356 1410 4410 indictione
1423 4355 1605 4411 llomanorum
1617 4356 1767 4419 undecima,
1784 4355 1945 4425 praefuitque

310 4450 421 4520 triginta
448 4464 554 4514 aorem,
579 4448 637 4504 sine
655 4449 864 4515 intermissione,
891 4450 1097 4517 semperconti·
1153 4446 1232 4502 atritis
1257 4462 1304 4501 sea
1324 4457 1352 4500 et
1367 4447 1486 4517 triginta.
1503 4447 1571 4502 7Ροςι
1594 4463 1674 4516 quem
1688 4445 1833 4518 Baugollus
1858 4445 1942 4501 abbas

309 4542 412 4596 uomit.
440 4540 519 4595 Auno
552 4549 643 4596 autem
673 4539 776 4594 bomini
798 4539 884 4594 nostri
909 4535 973 4594 lesu
998 4539 1101 4596 Christi
1152 4537 1259 4608 praeluit
1276 4538 1356 4591 atritis
1380 4538 1474 4607 rigittti
1493 4537 1621 4606 quinque.
1640 4536 1690 4591 Cui
1717 4534 1944 4594 successltlleth·

309 4632 535 4703 octiuqeutcsimo
571 4632 710 4696 vicesinro,
742 4630 887 4686 indictione
915 4630 1098 4692 Rornanorum
1151 4631 1245 4702 parius
1257 4630 1336 4685 atritis
1347 4630 1473 4685 sedecim.
1490 4629 1547 4696 Qiiu
1565 4629 1944 4702 mortumAEgilabbasprae-

308 4719 690 4789 tertiadeciuu,llatligarius
706 4718 822 4775 bdutdm
837 4719 921 4775 abbas
933 4720 1040 4786 tertius,
1055 4722 1099 4776 cui
1151 4724 1203 4779 luit
1226 4723 1305 4779 annis
1331 4723 1459 4794 quinque.
1478 4722 1512 4777 Et
1528 4722 1573 4778 illo
1599 4723 1653 4778 ritu
1671 4722 1809 4788 defuncto,
1831 4731 1944 4779 mactus

309 4813 426 4868 fratrum
439 4810 572 4868 electione
587 4819 701 4880 minatus
716 4812 742 4866 in
759 4812 854 4868 ordine
865 4812 992 4867 ahbatum
1007 4828 1099 4869 sucee-
1152 4814 1288 4878 liubanus,
1306 4813 1441 4870 inordiue
1471 4812 1585 4868 lratrum
1611 4812 1731 4884 quintus,
1757 4821 1787 4882 ut
1811 4813 1941 4879 diximus

308 4905 387 4969 deos,
401 4901 507 4974 AEgiso,
520 4903 654 4957 rirsenex
667 4911 695 4957 et
719 4902 868 4972 religiosus,
892 4902 999 4972 proluit
1022 4905 1100 4960 annis
1113 4915 1141 4984 Β
1154 4907 1243 4965 luerat
1263 4908 1415 4963 ordinatus.
1441 4907 1462 4960 Α
1483 4906 1640 4962 laudatione
1665 4908 1755 4978 ltaque
1782 4905 1946 4967 mareotem

308 4995 438 5064 quinque,
453 4993 503 5047 sub
518 5004 572 5062 quo
595 4993 691 5048 bouum
706 4993 963 5062 hulnnirscmptum
990 5004 1100 5052 strenue
1153 4998 1306 5064 Fuldensis,
1329 5012 1417 5068 usque
1441 4997 1475 5051 ad
1502 4997 1589 5066 ipsum
1615 4996 1768 5062 habenam,
1782 5010 1830 5068 per
1855 5011 1942 5053 annos

307 5085 423 5144 doeeudi
444 5086 613 5141 continuarit
626 5085 756 5152 ollicium,
776 5087 861 5141 -rltam
876 5086 904 5141 iu
929 5089 1002 5142 omni
1015 5089 1101 5159 pleni·
1152 5089 1287 5160 octoginta
1302 5089 1382 5155 duos,
1395 5087 1506 5144 abbates
1530 5103 1580 5158 per
1593 5088 1715 5142 ordinem
1728 5097 1845 5158 quatuor
1858 5088 1942 5144 exsti·

307 5240 1099 5314 nullos-lamaillustresriros,quictiamantesanctllie·
1151 5247 1235 5303 mile:
1262 5245 1393 5300 rationem
1429 5243 1557 5315 temporis
1586 5259 1638 5297 non
1665 5245 1809 5299 emarcoire
1832 5243 1936 5299 dictatu

307 5318 408 5373 aedisti
425 5324 547 5385 tenuiora
560 5316 721 5377 duruerunt,
743 5313 862 5380 eiusdem
879 5312 963 5367 luisse
986 5311 1097 5383 liegnlm
1151 5332 1232 5386 supra
1246 5324 1297 5370 est.
1311 5316 1351 5370 lle
1369 5314 1515 5370 schismate
1528 5312 1653 5369 Fuldensi
1678 5315 1728 5369 suh
1748 5315 1874 5385 liutgario
1889 5312 1939 5367 ab·

307 5387 479 5459 professores
502 5386 686 5457 imprudenter
699 5393 728 5439 ct
748 5383 901 5438 inconsulte
925 5383 1005 5436 nianis
1019 5382 1092 5438 amr·
1149 5389 1212 5443 bate
1227 5395 1317 5441 exstat
1331 5401 1426 5454 poema
1444 5385 1558 5446 liubani,
1572 5399 1645 5438 nitur.
1660 5382 1705 5438 bd.
1718 5386 1758 5440 be
1771 5383 1938 5454 depositione

307 5466 392 5512 uiant.
412 5456 519 5511 Etenim
534 5471 588 5510 non
602 5453 733 5514 lecurrdis,
749 5455 796 5508 sed
823 5451 960 5508 sterilibus
979 5453 1093 5523 supponi
1146 5457 1206 5525 ejus
1218 5457 1341 5528 pluribus
1353 5456 1409 5527 agit
1423 5455 1449 5509 in
1464 5453 1523 5508 Vita
1537 5453 1630 5535 Cigilis
1653 5454 1820 5532 snecesspris
1835 5451 1937 5507 Curidi-

307 5526 392 5582 altura
412 5526 521 5582 suboles
543 5525 690 5582 consuerit.
719 5523 849 5578 Praestitit
871 5524 922 5577 hoc
946 5523 1015 5577 inter
1027 5523 1095 5580 allos
1146 5525 1198 5584 dus
1216 5536 1272 5581 ιιιιῃ
1292 5526 1440 5580 monachus
1454 5522 1607 5578 Fuldeosrs.

306 5597 484 5660 'lcithcntius
498 5605 647 5666 auctorque
663 5595 767 5649 suteris
776 5592 974 5663 posterioribus
990 5591 1041 5648 init
1051 5593 1092 5647 id·
1182 5609 1194 5638 e
1219 5597 1275 5652 imo
1287 5611 1358 5650 anno
1371 5594 1424 5651 822
1439 5611 1518 5665 snpra
1533 5595 1675 5664 probatum
1687 5601 1737 5647 cst.

307 5666 395 5738 ipsum
409 5664 536 5722 laciendi.
554 5666 643 5722 r'llsee
658 5664 800 5719 lluronins.
822 5664 856 5715 ht
869 5663 1011 5732 plurimos,
1022 5678 1092 5786 3υο-
1180 5667 1194 5707 i
1220 5667 1288 5723 aliis
1303 5665 1448 5730 sturmius,
1471 5665 1589 5719 sturmio
1611 5672 1638 5718 et
1656 5662 1781 5726 Stercutii,
1799 5660 1875 5728 cujus
1890 5661 1937 5719 tt-

305 5751 524 5808 nonnusquam
550 5735 674 5792 meminit
693 5732 870 5799 l'ritheutlus,
896 5731 975 5801 hujus
990 5747 1021 5787 ⁰r
1041 5733 1097 5789 inis*
1147 5748 1202 5794 tam
1216 5737 1325 5809 scripsit
1340 5736 1399 5791 c'us
1414 5736 1481 5792 disci
1503 5736 1562 5789 ulus
1582 5735 1650 5802 Eigil
1669 5733 1751 5787 abhas
1766 5741 1889 5803 quartus.

305 5813 417 5862 sanctos
425 5802 599 5877 proiecimus.
1187 5819 1199 5848 ⁰
1217 5808 1285 5879 Eigil
1298 5809 1325 5861 lu
1339 5753 1401 5863 vim
1417 5824 1423 5858 :
1443 5825 1452 5858 i
1468 5844 1478 5859 ,
1492 5806 1565 5859 orico
1579 5802 1719 5872 prouincia
1734 5809 1845 5858 montis
1860 5803 1939 5858 nobi·
2006 5854 2009 5859 .

344 5876 433 5932 ιΙιιιο
454 5876 655 5948 ipselmbanus
672 5876 699 5931 in
721 5887 835 5946 persona
858 5871 1031 5944 praeceptoris
1044 5869 1094 5926 iil·
1147 5878 1218 5934 llhus
1233 5889 1261 5934 et
1272 5877 1435 5933 Christianis
1452 5874 1619 5945 parentibus,
1644 5879 1788 5944 generatus
1810 5874 1939 5928 etnntri·

1147 5949 1272 6004 tusluit:
1303 5967 1312 6001 r
1335 5947 1379 6002 ubi
1407 5946 1549 6001 Browerus
1575 5944 1686 5998 adnotat
1709 5943 1791 5999 ¹lioios
1807 5945 1935 6013 intelligi,

1145 6020 1217 6090 quod
1228 6019 1320 6075 Norici
1333 6019 1361 6071 in
1376 6016 1503 6072 Boiorum
1516 6013 1645 6069 ditionem
1660 6012 1813 6086 migrarint.
1827 6016 1865 6071 oo
1876 6015 1938 6069 aliis

1147 6090 1289 6147 abbatibus
1299 6088 1366 6145 satis
1379 6093 1480 6144 aetram.

304 5946 363 6002 bini
377 5954 433 6001 tum
445 5946 548 6018 pridem
560 5946 678 6002 deluoeti
693 5963 700 5999 τ
724 5956 752 6001 et
764 5953 892 6016 patronus
908 5958 987 6013 quem
1000 5943 1094 6013 depre-

305 6023 386 6071 catur
403 6025 447 6072 est
458 6024 569 6073 sanctus
580 6017 721 6083 llartinns,
738 6031 790 6072 nou
805 6015 950 6086 Gregorius
962 6013 995 6068 li
1010 6027 1090 6084 papa,

306 6087 347 6140 nti
361 6102 391 6141 su
412 6097 602 6143 raosteosum.

345 6156 358 6196 δ
440 6166 465 6214 st
485 6158 530 6212 hic
544 6157 666 6223 terbum,
685 6156 817 6225 {leprositas
837 6164 883 6222 est,
907 6159 953 6210 aiat
968 6153 1033 6226 quid
1045 6155 1084 6212 sl·
