4509 6850
309 596 363 723 μὲ,
632 649 662 702 u.
682 644 808 700 Railile
829 643 938 698 bituiti
958 643 1117 698 atteritur.
1140 643 1294 699 modultu.
1314 641 1456 699 ouuuuu
1474 639 1565 697 PARS
1583 642 1604 697 l.
1894 647 1948 702 stt

310 769 504 841 margaritam,
525 777 558 817 nc
574 758 731 815 conculcent
757 754 821 809 illud
845 763 872 809 ct
887 755 1010 809 conversi
1033 755 1099 809 inci·
1115 760 1139 817 A
1155 755 1212 809 bac
1227 755 1279 808 duo
1298 755 1471 825 subsequitur
1494 755 1537 808 ori
1552 762 1580 809 ct
1593 767 1744 824 scorpionis
1755 760 1947 827 comparatio,

310 864 385 932 priant
395 855 596 924 nosdissiparc.
611 849 702 922 (dog.)
713 848 766 902 Sed
780 864 841 902 euru
855 857 1019 917 praeceptum
1034 856 1105 903 esset
1156 850 1181 901 iu
1199 863 1249 901 oro
1271 847 1405 901 iudicatur
1417 862 1493 916 spes;
1509 862 1590 901 orum
1601 847 1674 902 eniru
1686 847 1808 902 nondum
1821 857 1865 903 est
1879 848 1946 906 fctus

311 968 344 1007 uc
359 955 484 1005 sanctum
506 944 616 998 daretur
639 939 763 1004 curribus,
779 945 854 993 etue
869 938 1022 1008 margaritae
1041 944 1117 991 autc.
1154 937 1301 1007 perfectus,
1315 938 1361 993 sed
1374 935 1489 991 fovendo
1500 944 1624 1006 speratur
1635 935 1817 1009 [perficitur];
1831 940 1944 996 enimn

310 1055 407 1112 porcos
422 1036 607 1099 mitterentur,
632 1030 719 1100 potuit
745 1029 862 1093 auditor,
883 1029 1008 1083 conscius
1029 1028 1105 1098 igno·
1155 1033 1269 1085 uarium
1281 1031 1369 1099 posuit
1380 1030 1562 1099 scorpionem,
1579 1030 1658 1100 cujus
1674 1030 1785 1087 aculeus
1797 1041 1945 1088 renuamus

310 1131 406 1187 rantiac
419 1135 500 1195 atque
514 1138 570 1178 sum
586 1120 762 1185 infirmitatis,
772 1120 883 1175 audieus
891 1119 941 1174 sibi
950 1118 1059 1189 praecipi
1070 1134 1104 1173 ne
1155 1131 1229 1177 retro
1251 1122 1389 1177 timendus
1403 1130 1446 1177 est
1461 1137 1468 1174 :
1482 1122 1553 1176 sicut
1562 1122 1621 1192 spei
1631 1122 1801 1192 contrarium
1813 1131 1857 1178 est
1874 1134 1944 1179 rctro

310 1227 368 1280 baec
388 1222 464 1275 darct
485 1232 545 1286 quaa
569 1216 688 1285 scipsum
702 1214 821 1268 nondum
834 1212 972 1282 accepisse
985 1210 1102 1275 sciebat,
1155 1212 1301 1281 respicere,
1316 1225 1379 1267 cum
1391 1225 1455 1281 spos
1477 1210 1628 1266 futurorum
1644 1211 1671 1266 in
1686 1226 1717 1267 ea
1730 1222 1869 1281 quarente
1887 1224 1944 1269 sunt

309 1326 454 1370 occurrere
469 1316 496 1362 ct
511 1307 616 1361 dicere:
627 1303 704 1371 Quod
716 1310 840 1358 sanctum
854 1303 968 1357 medare
978 1300 1102 1365 curribus,
1155 1302 1276 1356 attendat

309 1414 338 1460 ct
363 1417 433 1474 quas
455 1397 618 1469 margaritas
633 1409 676 1449 rue
695 1393 802 1449 mittere
814 1404 877 1463 ante
891 1406 989 1462 porcos
1007 1399 1102 1457 rctas,
1191 1393 1220 1448 Si
1231 1410 1291 1464 crgo
1306 1412 1362 1460 ror,
1376 1412 1434 1450 cum
1448 1396 1504 1450 ritis
1519 1396 1600 1459 moli,
1618 1395 1700 1451 nortio
1715 1397 1785 1451 bonu
1806 1396 1944 1452 desudare

310 1511 371 1551 curu
383 1493 471 1548 adlruc
483 1504 515 1544 ca
533 1502 576 1542 me
591 1485 691 1542 babere
703 1499 756 1539 nou
771 1484 895 1539 rideam?
905 1482 1102 1553 opportunissi-
1154 1487 1217 1556 filiis
1238 1487 1338 1550 restris,
1354 1497 1452 1557 quanto
1472 1488 1555 1557 magis
1574 1484 1655 1541 Pater
1672 1496 1757 1542 uerter
1770 1489 1817 1559 qui
1832 1489 1859 1543 in
1878 1488 1944 1544 colit

309 1604 352 1642 rue
366 1584 481 1655 subjecit
495 1583 605 1637 dicens:
1154 1587 1191 1632 ert
1204 1578 1277 1630 dulit
1302 1578 1369 1631 bona
1387 1578 1533 1648 petentibus
1555 1595 1582 1633 se
1593 1580 1606 1632 i
1617 1577 1710 1653 (Aug.)
1722 1579 1866 1647 Quomodo
1884 1581 1943 1635 muli

344 1678 401 1750 [it]
415 1674 511 1739 Petite,
525 1683 548 1727 et
560 1673 667 1726 dubitur
680 1670 897 1740 aubia-quorun
912 1678 935 1721 et
950 1666 1102 1731 irruent'ett's3
1154 1668 1220 1722 dant
1244 1669 1332 1722 bono?
1350 1668 1403 1723 Sed
1424 1669 1511 1725 malos
1537 1669 1682 1742 appellarit
1697 1671 1842 1727 dilectores
1861 1673 1943 1729 adbuc

308 1770 434 1842 pulsate,
456 1775 480 1821 et
497 1765 629 1836 operietur
643 1763 724 1817 robis.
737 1760 835 1815 Potitio
847 1758 965 1830 pertinet
976 1757 1009 1811 ad
1021 1757 1104 1826 impe·
1154 1761 1245 1816 saeculi
1270 1761 1349 1831 liujus
1372 1768 1400 1815 ct
1418 1769 1585 1832 peccatores.
1604 1762 1677 1818 Bona
1699 1777 1767 1818 reru
1781 1778 1842 1833 qum
1863 1764 1941 1829 dant,

310 1863 433 1920 trandum
447 1858 593 1916 sanitatem
615 1854 826 1922 firmitatemque
849 1851 945 1914 animi,
958 1859 988 1904 ut
999 1865 1030 1902 ca
1043 1861 1103 1917 quae
1154 1850 1301 1905 secundum
1324 1864 1417 1904 corum
1446 1865 1554 1905 sennmr
1578 1852 1648 1906 bona
1662 1852 1778 1907 dicenda
1798 1861 1871 1918 sunt,
1884 1854 1942 1924 qrria

308 1952 503 2025 praecipiuntur
519 1945 631 2017 implere
655 1943 813 2015 possimus:
832 1941 975 2012 inquisitio
990 1947 1100 2003 nutem,
1154 1942 1212 1995 irruo
1231 1956 1281 2012 pro
1292 1941 1370 1995 bonis
1381 1942 1491 1997 babent.
1505 1940 1664 2012 Quanquam
1686 1944 1714 1997 in
1738 1958 1834 1999 rerum
1853 1953 1941 1998 natura

308 2043 342 2098 ad
366 2040 556 2096 inveniendam
581 2037 734 2090 veritatem.
754 2033 822 2089 Cum
847 2033 920 2089 enim
946 2031 1027 2086 beata
1046 2029 1101 2083 rita
1154 2031 1206 2086 ista
1220 2032 1290 2086 bona
1302 2045 1355 2086 uon
1369 2029 1432 2097 sint,
1448 2033 1495 2088 scd
1509 2033 1666 2103 temporalia
1679 2040 1708 2089 et
1721 2034 1756 2088 ad
1771 2035 1851 2089 istam
1866 2036 1941 2089 sitam

308 2136 415 2191 actione
429 2140 457 2187 ct
478 2129 631 2202 cognitione
646 2125 829 2196 compleatur,
858 2123 929 2178 actio
946 2120 1100 2177 facultatem
1116 2132 1140 2191 Β
1154 2123 1288 2179 infirmam
1309 2124 1491 2194 pertinentia:
1510 2134 1539 2180 ct
1548 2126 1671 2196 quisquis
1681 2142 1714 2181 ca
1725 2127 1817 2182 maius
1827 2129 1881 2192 dat,
1894 2144 1941 2183 non

307 2232 408 2285 uirium
426 2269 433 2295 ,
454 2223 646 2295 contemplatio
658 2220 906 2277 manifestationem
926 2234 1018 2276 rerum
1033 2217 1103 2274 desi-
1155 2216 1188 2271 de
1200 2230 1249 2272 suo
1260 2215 1322 2280 dat;
1337 2214 1441 2269 Domini
1461 2224 1498 2271 eat
1515 2218 1584 2271 enim
1606 2226 1694 2282 terra,
1709 2227 1733 2272 et
1742 2217 1881 2289 plenitudo
1892 2220 1942 2289 ejru

309 2323 397 2376 uerat,
415 2317 516 2373 Harum
531 2328 597 2386 orgo
618 2314 737 2385 primum
760 2312 928 2384 petendum,
954 2310 1102 2366 secundum
1154 2306 1241 2378 (Paul.
1267 2307 1362 2377 nnrrr);
1387 2308 1432 2377 qui
1449 2306 1513 2364 fecit
1527 2309 1625 2364 coelunr
1642 2318 1670 2365 et
1693 2319 1809 2377 terram,
1826 2327 1900 2367 marc
1918 2324 1943 2367 rt

310 2409 555 2481 querendumesu
569 2415 600 2460 ur
614 2402 679 2459 uiuo
694 2404 784 2469 duur,
799 2404 1026 2459 aminiculator.
1048 2402 1102 2458 sed
1153 2395 1359 2465 coniunctio
1376 2397 1495 2452 ussum
1515 2395 1602 2469 (mat.
1622 2397 1713 2471 cxrr).
1734 2398 1942 2470 Qorowmerro

307 2497 425 2568 cognitio
437 2496 465 2550 iu
478 2496 532 2550 bac
542 2494 609 2559 vita,
621 2491 840 2564 riaepriusquam
855 2492 939 2563 ipsius
953 2492 1102 2563 possessio
1154 2487 1317 2557 sperandum
1332 2495 1374 2543 cst
1387 2487 1515 2543 daturum
1538 2487 1680 2543 bomirmnr
1704 2489 1786 2545 uobis
1808 2490 1879 2545 bona
1900 2505 1943 2560 pe·

307 2589 413 2654 nisest;
427 2586 474 2643 sed
488 2601 550 2643 cum
567 2585 682 2657 quisquo
694 2599 787 2641 reram
800 2586 872 2641 riam
883 2585 1028 2651 inuenerit,
1042 2599 1103 2655 per-
1154 2580 1287 2646 tentibus;
1301 2596 1353 2637 nec
1371 2597 1421 2637 nos
1439 2595 1522 2652 posse
1535 2582 1634 2652 decipi,
1654 2591 1685 2637 ut
1700 2584 1868 2653 accipiamus
1878 2582 1944 2640 aiiud

308 2678 398 2734 reniet
420 2675 454 2732 ad
477 2677 563 2747 ipsam
581 2676 792 2746 possessionem,
808 2692 869 2747 quae
881 2683 972 2732 tamen
984 2676 1101 2747 pulsanti
1153 2685 1204 2742 pro
1220 2670 1293 2738 ²¹5⁰,
1308 2687 1368 2727 clim
1385 2673 1419 2727 lb
1439 2674 1497 2744 litto
1516 2674 1651 2745 ililmsssi
1668 2676 1780 2746 tfu³⁰d⁰
1792 2691 1843 2731 1¹⁰⁵
1856 2676 1944 2738 tillut.

307 2770 454 2841 aperietur.
471 2768 507 2824 Ut
519 2782 584 2839 ergo
597 2768 648 2823 tria
661 2768 724 2833 ista,
746 2769 772 2823 id
787 2777 839 2835 est,
855 2769 970 2839 petitio,
986 2769 1100 2841 itaquisi-
1153 2779 1217 2820 curu
1231 2766 1317 2823 sinum
1329 2767 1410 2832 muli,
1434 2767 1559 2823 norimus
1580 2768 1608 2823 id
1624 2768 1693 2823 darc
1712 2769 1789 2838 quod
1807 2770 1945 2839 petimur?

307 2861 357 2924 tio,
381 2857 507 2929 pulsatio,
529 2856 675 2912 marrifesta
694 2857 770 2924 fiant,
795 2858 845 2913 sub
865 2858 956 2928 aliquo
978 2858 1101 2930 exemplo
1154 2857 1296 2917 iliudeuim
1309 2862 1461 2932 decipimus
1475 2860 1546 2917 filios
1566 2870 1686 2929 nostros,
1700 2872 1729 2919 et
1749 2863 1946 2934 qualiacunque

307 2966 449 3022 ponamus.
466 2950 595 3005 fidemus
611 2949 730 3019 aliquem
751 2949 867 3004 infirmis
878 2951 992 3021 pedibus
1004 2950 1101 3006 arnbu-
1154 2954 1225 3010 bonu
1244 2954 1352 3020 damus,
1365 2969 1419 3010 non
1438 2955 1472 3010 de
1493 2933 1597 3019 nostro,
1619 2957 1668 3012 sed
1686 2957 1720 3012 de
1738 2956 1826 3028 ipsius
1843 2958 1944 3012 damus.

308 3043 364 3096 lare
386 3057 439 3095 oon
457 3055 536 3109 posso
549 3056 555 3093 :
570 3039 647 3109 prius
661 3054 727 3112 crgo
739 3040 876 3095 sanandus
887 3049 929 3096 est
942 3049 970 3095 ot
990 3040 1101 3095 irman-
1153 3045 1240 3101 Aliter
1251 3045 1376 3116 apostoli,
1391 3046 1439 3115 qui
1453 3045 1596 3101 electionis
1614 3047 1713 3101 merito
1732 3047 1886 3102 booiutem
1904 3063 1948 3118 ge·

308 3133 358 3186 dus
368 3131 403 3185 ad
416 3128 626 3195 ambulandum;
640 3136 667 3184 ct
686 3129 720 3183 ad
735 3130 787 3185 hoc
797 3129 915 3200 pertinet
928 3130 1000 3199 quod
1014 3130 1099 3186 dicit:
1155 3139 1228 3195 „0113
1248 3137 1360 3193 tramant
1383 3138 1476 3194 multis
1496 3146 1675 3194 excesserant
1699 3139 1810 3206 modis,
1827 3155 1947 3211 superna

308 3220 403 3276 Petite.
430 3220 501 3288 Quid
522 3229 613 3276 autem
635 3221 747 3291 prodest
774 3222 846 3291 quod
864 3222 1003 3277 ambulare
1021 3223 1100 3293 l⁸¹¹¹r
1154 3231 1285 3286 bonitatis
1298 3232 1396 3286 intuitu
1413 3232 1478 3287 mali
1497 3231 1707 3287 essedieuntur.
1727 3230 1799 3300 Quia
1822 3232 1890 3288 nihii
1909 3242 1949 3288 est

306 3315 351 3369 rel
364 3315 446 3369 etiam
458 3328 570 3369 currere
581 3322 671 3384 potest
683 3354 691 3381 ,
704 3314 727 3370 si
740 3328 790 3384 per
801 3315 909 3369 devium
928 3315 981 3369 iter
992 3328 1101 3370 errave·
1157 3337 1207 3391 per
1220 3322 1394 3392 semetipsum
1408 3322 1524 3388 stabile,
1539 3321 1607 3377 nihii
1622 3323 1805 3390 immutabile,
1821 3323 1888 3378 nibil
1902 3322 1947 3379 bo-

308 3404 365 3460 rit?
387 3403 534 3460 secundum
555 3418 630 3475 ergo,
654 3411 684 3460 ut
706 3404 826 3462 inueniat
843 3406 917 3461 nam
938 3420 998 3476 quar
1020 3405 1103 3461 ducat
1156 3429 1237 3479 num,
1265 3412 1318 3469 nist
1345 3410 1437 3469 nutas
1457 3413 1524 3470 sola.
1544 3412 1646 3470 omnes
1661 3429 1726 3469 vero
1740 3423 1895 3479 creatur-as,
1920 3425 1949 3469 ut

308 3512 369 3551 euru
385 3511 438 3568 quo
455 3495 512 3551 uult
532 3498 697 3565 pervenire,
719 3508 746 3554 ct
767 3499 821 3554 buc
841 3500 959 3570 pertinet
979 3502 1097 3571 murtro.
1114 3479 1139 3541 C
1154 3507 1348 3563 beatitudinem
1371 3508 1531 3564 aternitatis
1552 3507 1594 3564 rel
1623 3508 1856 3565 immutabilitatis
1882 3508 1947 3562 obti-

307 3586 395 3653 Quam
408 3601 471 3641 cum
483 3585 601 3641 tenuerit
619 3596 647 3642 ot
662 3588 809 3658 peregerit,
826 3603 888 3643 eum
909 3583 996 3659 ipsum
1013 3589 1102 3646 locum
1152 3604 1245 3662 neunt,
1259 3611 1312 3650 non
1327 3597 1378 3652 boo
1389 3612 1529 3668 persuum
1543 3607 1680 3666 naturam,
1695 3600 1745 3655 sed
1757 3615 1806 3672 per
1817 3600 1947 3656 creatoris

307 3676 354 3731 ubi
366 3677 489 3731 babitare
501 3677 558 3730 rult
568 3677 590 3731 si
604 3676 726 3733 clausum
740 3679 891 3745 invenerit,
905 3694 992 3750 nupue
1005 3681 1102 3736 ambu-
1153 3685 1195 3740 sui
1212 3686 1450 3757 participationem
1463 3696 1491 3742 et
1505 3689 1619 3760 grutimn
1632 3698 1849 3759 consequuntur.
1874 3690 1945 3758 Quod

307 3767 365 3821 iare
377 3766 507 3836 potuisse,
521 3781 608 3835 nepio
619 3768 771 3836 perrexisse
783 3782 816 3822 ³0
825 3768 982 3837 beltildim
993 3768 1103 3838 imme·
1152 3794 1219 3834 vero
1237 3778 1264 3834 in
1279 3778 1352 3835 Luca
1364 3780 1463 3836 dicitur
1477 3778 1554 3852 (Cup.
1567 3779 1609 3853 ur)
1623 3800 1630 3836 ε
1646 3782 1755 3847 Quanto
1770 3782 1857 3852 megia
1871 3781 1945 3835 Pater

309 3857 356 3921 rit,
377 3857 430 3912 nisi
453 3857 614 3926 aperiatur:
637 3858 673 3913 ad
697 3859 749 3914 boc
767 3859 884 3927 pertinet
903 3859 977 3929 quod
999 3859 1102 3914 dictum
1153 3879 1235 3923 perrea
1254 3856 1286 3924 de
1310 3869 1372 3925 coeto
1390 3872 1462 3926 datu
1487 3873 1608 3942 spirim
1635 3872 1734 3926 bonam
1761 3873 1906 3943 paratibus
1919 3888 1943 3924 rr

248 3928 255 3949 ’
306 3957 368 4004 est;
384 3946 501 4004 Pulsate.
525 3947 649 4020 liugnam
662 3959 752 4005 autem
767 3964 844 4021 spem
856 3950 931 4006 dedit
944 3958 972 4006 et
993 3951 1041 4006 dat
1058 3951 1103 4007 iliu
1153 3959 1214 4032 (pro
1227 3976 1281 4031 uuo
1296 3954 1438 4018 bfatthaeus
1450 3977 1523 4018 nuuc
1534 3963 1642 4033 posuit:
1659 3961 1739 4018 liubit
1756 3967 1826 4019 bono
1838 3965 1940 4034 purati-

307 4038 353 4108 qui
364 4038 546 4109 promittcntlo
557 4055 611 4094 nou
622 4040 733 4109 decipit·
754 4038 800 4094 Ait
811 4041 884 4095 euim
900 4058 905 4092 τ
1075 4081 1084 4097 ·
1153 4049 1200 4104 bur
1213 4050 1251 4122 re)
1265 4053 1382 4107 ostendit
1397 4052 1529 4124 Spiritum
1541 4062 1666 4109 sanctum
1677 4054 1874 4124 plenitudinem
1888 4068 1939 4110 esse

343 4130 436 4187 Omnis
458 4135 526 4188 euim
547 4138 592 4205 qui
614 4137 677 4205 petit
692 4136 804 4206 accipit,·
830 4144 855 4188 et
868 4135 912 4206 gai
925 4132 1020 4205 quoru
1032 4135 1103 4189 iure-
1152 4141 1285 4197 bonorum
1301 4143 1360 4208 liei,
1378 4152 1406 4198 et
1423 4158 1455 4199 ea
1472 4159 1532 4214 quae
1557 4144 1689 4200 divinitus
1707 4145 1938 4200 subministrantur

308 4222 366 4282 trit,-
389 4232 413 4276 et
427 4223 543 4292 pulsanti
559 4224 701 4294 operietur.
718 4225 790 4296 Ergo
811 4225 1014 4295 perseverantia
1034 4239 1117 4302 opus*
1153 4249 1206 4290 uon
1223 4234 1275 4289 alia
1289 4237 1391 4307 absque
1401 4252 1433 4293 ea
1446 4225 1614 4294 subsistere:
1627 4238 1694 4309 quia
1706 4252 1804 4294 omnus
1817 4238 1934 4293 utilitates

308 4321 349 4369 0⁸¹
367 4322 396 4369 ¹¹¹
408 4315 573 4385 wilffinus
588 4316 658 4386 quod
671 4317 837 4385 petimus,et
848 4317 1018 4372 lssi‘esslimus
1029 4316 1102 4387 ΨΜ
1153 4345 1212 4400 quae
1224 4345 1258 4385 ex
1278 4330 1409 4385 donorum
1429 4329 1477 4385 Dei
1504 4329 1592 4401 gratia
1619 4329 1821 4401 suscipiuntur,
1845 4345 1876 4385 er
1891 4329 1933 4382 isto

308 4404 465 4472 tulerimus,
484 4413 512 4460 θῑ
527 4405 600 4475 ‘1¹¹⁰d
622 4406 760 4475 Pllsslmilss
775 4406 923 4476 Wlffli-
938 4405 1005 4460 Nm
1020 4406 1102 4475 ⁵59⁰·
1153 4421 1226 4477 fonte
1233 4421 1387 4476 demanant.
1397 4420 1451 4477 Sed
1461 4422 1525 4491 quia
1536 4421 1827 4478 redamarcamsutem
1834 4428 1929 4478 cunctos

310 4497 378 4552 tenti
394 4497 491 4563 dilui,
510 4508 538 4552 θῑ
552 4511 677 4569 iiilaefflssi,
694 4497 807 4563 invellit
822 4508 850 4552 ⁰⁸
864 4497 980 4568 ilii!sami
996 4497 1101 4567 aperio-
1153 4521 1249 4566 natura
1269 4513 1369 4577 docuit,
1383 4528 1437 4568 tion
1449 4521 1585 4569 umuutem
1599 4528 1665 4570 vcro
1676 4514 1820 4570 beneficiis
1830 4515 1862 4569 ad
1873 4527 1928 4567 sno
1979 4560 1982 4577 ,

308 4597 362 4654 rur,
376 4602 441 4660 ergo
467 4587 511 4643 cui
536 4603 590 4644 non
613 4588 703 4654 natur,
720 4588 808 4660 etqui
822 4604 876 4643 ooo
891 4588 1100 4653 ravennatem
1152 4620 1210 4658 rem
1224 4605 1296 4675 cogi,
1309 4603 1410 4661 consu
1425 4606 1512 4660 suum
1526 4604 1651 4662 ducrum
1668 4604 1924 4677 periurissimum

307 4698 361 4737 non
374 4683 521 4753 aperietur,
537 4682 732 4753 apparetque
751 4697 805 4737 non
816 4681 885 4737 bene
897 4681 1013 4753 perram,
1026 4695 1102 4750 qaas-
1152 4710 1214 4749 cum
1230 4709 1280 4751 aas
1292 4696 1399 4765 priores
1411 4704 1492 4767 prout
1506 4696 1585 4752 naurs
1611 4694 1924 4764 nosocomiarius

307 4773 384 4828 sierit
394 4780 422 4826 ct
435 4772 591 4842 pulsaverit·
1152 4799 1215 4839 coro
1229 4784 1347 4854 juberet,
1362 4787 1485 4843 eumdum
1499 4803 1561 4843 mox
1576 4803 1686 4845 sensum
1700 4790 1784 4846 latius
1801 4785 1922 4846 mamb

344 4861 396 4912 Aut
410 4860 468 4929 quis
483 4871 521 4914 est
534 4861 1099 4933 eauobisiromo,gumaripetieritfiliussuus
1111 4830 1139 4893 D
1153 4873 1280 4940 timuerit,
1296 4875 1389 4931 dicens
1403 4892 1410 4930 :

308 4965 418 5019 panem,
434 4951 551 5019 rtuaqm'd
563 4948 677 5019 lapidem
693 4953 806 5020 porriget
820 4952 959 5009 eilPauis
975 4955 1101 5026 iutelligi—
1188 4965 1285 5021 omm'a
1296 4983 1357 5038 ergo
1372 4985 1533 5039 quacunque
1549 4972 1625 5026 uultis
1644 4981 1673 5024 ut
1691 4971 1796 5041 focium
1811 4972 1875 5027 eolis
1888 4969 1919 5021 ir

310 5046 355 5089 tur
369 5036 498 5099 charitas,
515 5046 626 5107 propter
640 5037 771 5106 majorem
782 5042 929 5110 appetitum
942 5053 970 5099 et
985 5054 1040 5099 taur
1053 5062 1101 5102 no-
1151 5058 1244 5120 upata,
1260 5068 1282 5111 er
1293 5074 1336 5111 aas
1348 5057 1428 5127 factm
1438 5061 1486 5113 ers,
1498 5058 1563 5115 Πῶς
1577 5070 1616 5116 eat
1626 5062 1697 5116 enim
1711 5062 1757 5118 ια
1768 5073 1793 5118 er
1803 5057 1918 5135 mictu.

308 5126 477 5191 cessarium,
493 5136 523 5181 ut
545 5128 603 5183 sine
625 5128 670 5184 illa
684 5132 861 5187 rauranum
874 5135 939 5200 siut,
956 5137 1027 5191 sicut
1040 5138 1099 5194 sine
1153 5147 1264 5202 viderur
1276 5147 1348 5202 enim
1370 5147 1422 5204 boc
1439 5158 1602 5221 pracceptum
1616 5151 1650 5207 ad
1667 5152 1842 5210 dilectionem
1852 5147 1920 5223 prori-

286 5268 289 5273 .
307 5238 377 5293 pauc
391 5237 484 5277 mensa
497 5223 576 5293 inops
591 5233 642 5279 cst.
664 5224 714 5279 Cui
729 5228 865 5282 contraria
879 5239 920 5284 est
937 5231 1027 5285 cordis
1050 5232 1099 5286 du-
1151 5238 1188 5291 rni
1204 5239 1357 5308 pertiuorc,
1373 5241 1523 5296 donatiam
1540 5242 1574 5297 ud
1592 5242 1662 5309 bei,
1678 5258 1743 5300 cum
1757 5244 1810 5302 alio
1821 5240 1920 5301 loootlt⁰

307 5312 379 5376 ritia,
396 5327 477 5382 quam
492 5313 573 5382 lapidi
588 5317 764 5384 compararit.
1149 5338 1284 5400 praecepta
1294 5344 1356 5385 esse
1367 5331 1457 5397 dicat,
1471 5333 1499 5387 in
1511 5333 1609 5404 quibus
1621 5343 1677 5389 totu
1686 5334 1732 5390 feu
1741 5337 1834 5407 petulci
1846 5347 1869 5393 et
1878 5348 1920 5406 ptr

343 5404 395 5458 dut
407 5404 430 5458 si
441 5404 536 5474 piscem
550 5406 671 5475 petierit,
694 5407 811 5478 nunquid
827 5420 970 5478 serpentem
983 5413 1098 5482 porriget
1149 5419 1243 5488 palectu.
1265 5419 1333 5474 Nam
1353 5422 1376 5475 si
1400 5421 1514 5478 dixisset
1528 5422 1645 5480 :Omnia
1670 5441 1841 5499 quaecuuque
1861 5421 1922 5480 suilli

310 5510 328 5546 ⁹²
341 5495 353 5548 ἲ
368 5494 453 5550 Piscis
465 5505 507 5550 est
522 5496 589 5551 (illes
612 5497 806 5564 llli'lslbllltlm·
822 5501 864 5554 Vll
875 5511 988 5572 propter
999 5517 1097 5573 aduam
1150 5511 1209 5565 lieri
1222 5510 1308 5576 robis,
1317 5512 1374 5568 baec
1387 5528 1436 5570 ros
1450 5513 1539 5582 facite,
1561 5516 1613 5572 buc
1624 5533 1679 5572 una
1693 5519 1923 5575 sententiantium

306 5586 443 5655 baptismi,
456 5588 498 5642 rei
510 5590 573 5657 qrria
585 5589 617 5644 dc
630 5590 810 5647 invisibilibus
821 5592 887 5648 locis
898 5594 1099 5664 capitur.de
1150 5616 1203 5669 quc
1224 5600 1289 5656 iliud
1308 5614 1473 5673 praeceptum
1496 5604 1654 5677 complexus
1677 5618 1764 5667 esset.
1788 5610 1853 5667 Cito
1871 5606 1925 5666 mitt

305 5675 386 5729 etiam
402 5676 469 5731 fides
487 5675 673 5746 hujusmundi
690 5678 816 5736 fiuctibus
830 5682 1097 5742 circumlatratauou
1152 5690 1287 5745 diceretur
1301 5692 1374 5760 diligi
1388 5708 1417 5748 se
1430 5693 1499 5749 relic
1520 5710 1744 5769 unumquemque
1765 5709 1795 5755 et
1820 5716 1835 5756 a
1852 5699 1929 5755 umet

304 5766 459 5838 frangitur,
476 5777 549 5824 rcctc
568 5769 635 5840 pisci
656 5778 838 5841 comparatur.
863 5772 913 5827 Cui
929 5777 1096 5831 contrarium
1151 5780 1185 5834 ub
1199 5781 1370 5847 homiuibus,
1385 5798 1445 5838 cum
1461 5785 1488 5839 id
1509 5785 1602 5856 utiquc
1622 5790 1824 5861 preciperetur
1837 5801 1864 5847 ut
1884 5790 1932 5860 ipse

303 5859 394 5927 posuit
421 5868 595 5929 scrpcntem,
618 5869 730 5932 propter
754 5877 857 5918 rortena
882 5864 1014 5933 fallacia,
1037 5882 1097 5938 quae
1151 5870 1274 5941 diligeret
1289 5873 1384 5940 Deoua
1399 5883 1426 5930 et
1437 5875 1572 5932 homines.
1585 5877 1653 5934 lium
1664 5882 1891 5953 uerocxpressius
1904 5879 1934 5934 ab

305 5949 387 6003 ctiam
413 5949 501 6017 primo
519 5952 621 6007 homiui
641 5953 863 6010 malesuadendo
882 5958 1093 6025 praeseminavit.
1150 5965 1304 6022 bominibus
1320 5968 1420 6023 dictum
1440 5977 1499 6024 cst:
1517 5969 1793 6047 ununquemque
1813 5975 1889 6030 uultu
1912 5980 1938 6026 ut

306 6039 451 6109 tilaunus.)
462 6040 539 6105 Quod
550 6052 639 6100 autom
647 6046 675 6101 iu
688 6045 833 6118 Evangelio
840 6049 1095 6108 sccundumLucam
1148 6055 1248 6126 fuciunt
1273 6058 1343 6113 robis
1366 6058 1505 6128 homines,
1531 6061 1569 6116 itu
1585 6071 1611 6118 et
1629 6078 1674 6119 tot
1687 6064 1770 6126 fosite
1781 6066 1857 6127 iilia.
1878 6061 1939 6120 nibil
1980 6126 1982 6143 Ι
