4509 6850
309 629 365 686 385
649 638 666 683 .'
700 624 747 680 DE
763 620 988 680 CLERlCORUll
1006 619 1248 678 tustttttttubtt
1279 624 1355 680 ute.
1376 655 1411 667 -
1428 625 1493 681 Llll.
1514 626 1559 684 lll.
1897 629 1950 688 aad

310 742 336 815 tl
349 740 415 797 Cor.
425 747 478 815 tx).
495 741 659 809 depromta
674 744 765 790 autem
780 734 855 803 signa
870 732 1006 805 pertinent
1019 731 1111 795 rerba,
1127 732 1247 802 Aquam
1265 735 1319 788 rim
1337 736 1451 803 babeat,
1472 737 1591 808 quidque
1606 738 1740 810 sigullrcet
1754 744 1824 811 quod
1842 747 1952 813 ignora-

309 848 374 905 quae
388 845 502 901 prorsus
517 830 588 884 inter
601 826 726 881 homiues
740 826 916 880 obtinuerunt
929 824 1109 893 principatum
1159 840 1239 890 mus,
1260 824 1341 882 facile
1355 827 1499 897 adjurante
1514 829 1645 883 memoria
1662 832 1797 899 possimus
1812 833 1953 890 advertere

309 918 499 994 dgntoeandi,
522 932 685 988 quocunque
700 917 791 971 animo
808 916 1008 986 concipiuntur,
1031 916 1053 970 si
1077 930 1109 969 ea
1159 926 1187 971 et
1200 917 1313 972 discere.
1331 917 1415 972 llcbct
1428 927 1517 973 autern
1537 920 1656 982 studere,
1671 921 1694 975 is
1716 922 1762 991 qui
1781 924 1953 993 propriorum

310 1011 429 1083 quisque
442 1008 559 1080 prodere
571 1006 646 1063 velit.
666 1007 720 1061 Sed
734 1007 798 1077 quia
812 1007 955 1062 verberato
972 1021 1035 1060 aere
1050 1015 1108 1059 sta·
1160 1006 1297 1077 signorum
1313 1009 1416 1077 peritus
1430 1023 1491 1064 csse
1506 1009 1574 1074 vult,
1591 1010 1618 1064 id
1633 1019 1686 1075 cst,
1703 1020 1832 1080 quantum
1847 1013 1880 1066 ad
1896 1028 1955 1069 set·-

310 1103 361 1158 tim
378 1109 531 1167 transeunt,
547 1114 598 1155 nec
612 1099 713 1153 diutius
727 1104 837 1153 manent
851 1113 932 1167 quam
946 1106 1053 1162 sonant,
1069 1098 1111 1151 in·
1159 1116 1254 1157 monos
1267 1102 1403 1171 pertinet,
1422 1111 1452 1156 ιιι
1466 1110 1493 1157 et
1507 1111 1611 1157 certam
1626 1112 1770 1173 cognoscat
1785 1106 1839 1159 rim
1855 1107 1953 1161 rerbo-

311 1196 408 1251 stituta
422 1200 487 1248 sunt
500 1206 548 1262 per
560 1192 666 1245 litteras
680 1190 756 1260 sigim
771 1191 917 1244 verborum
936 1197 964 1243 ot
981 1190 1016 1243 ita
1031 1204 1110 1243 rocos
1159 1208 1230 1259 rum,
1247 1205 1273 1247 et
1288 1194 1426 1264 proprium
1441 1193 1511 1248 sciat
1526 1194 1635 1248 modum
1651 1194 1832 1259 locutionum,
1851 1197 1921 1265 quod
1937 1211 1954 1250 a

311 1289 400 1345 oculis
418 1287 609 1350 ostenduntur,
630 1299 683 1338 non
703 1298 751 1352 per
770 1283 886 1352 seipsas,
905 1281 953 1337 scd
972 1297 1020 1351 pcr
1033 1282 1109 1351 sigua
1159 1287 1345 1355 grammaticis
1365 1294 1392 1341 et
1412 1288 1568 1343 rhetoribus
1587 1303 1640 1342 non
1663 1290 1835 1344 mediocriter
1849 1290 1954 1346 discere

312 1382 438 1452 quaedam
457 1394 517 1434 sua.
542 1377 595 1432 lsta
610 1377 687 1448 signa
701 1390 766 1446 ergo
791 1390 845 1429 uon
870 1380 1017 1444 potueruut
1036 1388 1110 1428 cotn-
1160 1375 1218 1448 (qui
1232 1378 1299 1450 vult)
1312 1378 1394 1434 valet.

311 1470 407 1525 munia
426 1482 488 1523 esse
506 1467 632 1521 omnibus
646 1464 780 1534 gentibus,
797 1473 908 1533 peccato
923 1462 1039 1533 quodam
1056 1464 1110 1517 dis-
1468 1469 1581 1527 CAPUT
1602 1470 1635 1525 x.

312 1560 452 1617 tensionis
466 1559 608 1621 humanm,
633 1572 695 1611 cum
711 1557 744 1610 ad
759 1571 788 1610 se
802 1556 915 1626 quisque
929 1556 1108 1626 principatum
1396 1560 1435 1614 Dr
1452 1562 1589 1615 trnrrslatis
1609 1561 1714 1631 ignotis.

312 1650 395 1720 rapit,
407 1648 486 1719 cujus
499 1647 633 1717 superbiae
646 1647 753 1717 signum
768 1655 810 1701 cst
821 1657 913 1702 erecta
927 1647 970 1700 illa
984 1648 1067 1702 turris
1082 1648 1108 1701 in
1195 1651 1224 1704 lu
1245 1651 1384 1705 translatis
1399 1667 1464 1706 roro
1478 1653 1578 1722 signis,
1600 1653 1621 1707 si
1644 1667 1696 1721 qua
1712 1651 1781 1706 sorte
1797 1653 1888 1723 ignota
1906 1669 1953 1709 co-

314 1741 432 1805 eoelum,
454 1738 500 1793 ubi
516 1738 640 1792 homiues
654 1737 729 1807 impii
745 1753 798 1793 non
814 1738 900 1792 solum
916 1739 1039 1803 animos,
1062 1742 1109 1795 scd
1160 1753 1226 1813 gunt
1249 1744 1353 1798 lucrare
1378 1743 1522 1810 lectorem,
1548 1747 1648 1815 partim
1670 1745 1821 1816 linguarum
1839 1748 1952 1814 notitia,

315 1836 396 1891 etiarn
411 1849 494 1889 voces
508 1832 632 1887 dissonas
646 1830 748 1885 babere
762 1839 927 1885 meruerunt.
950 1830 1002 1885 Sed
1024 1832 1108 1903 gratia
1159 1833 1258 1902 partim
1279 1849 1380 1899 rernm,
1404 1834 1589 1905 irmestigumla
1607 1844 1680 1889 suut.
1701 1835 1809 1905 Aliquid
1828 1839 1899 1891 euim
1921 1839 1955 1893 ad

316 1923 593 1980 bet-misericorditer
606 1922 744 1992 provisum
758 1931 809 1987 est,
826 1931 854 1976 ut
867 1923 1007 1991 Scriptura
1020 1924 1110 1978 dirina
1160 1922 1365 1977 similitudinem
1379 1923 1465 1988 valet,
1480 1933 1507 1978 et
1521 1924 1614 1992 procul
1629 1924 1711 1980 dubio
1726 1934 1860 1980 secretum
1876 1928 1954 1997 quid·

319 2030 376 2086 que
391 2017 419 2070 iu
434 2016 520 2086 prima
535 2014 579 2069 illa
595 2014 704 2083 lingua,
723 2028 775 2083 qua
794 2013 917 2067 bomincs
931 2015 1011 2083 primi
1026 2014 1107 2069 locuti
1160 2013 1221 2067 dam
1236 2014 1355 2068 insinuat
1371 2013 1443 2068 Siloa
1458 2015 1573 2084 piscina,
1589 2017 1633 2070 ubi
1647 2015 1743 2070 facicm
1760 2015 1850 2071 lavare
1862 2017 1955 2085 jussus

322 2115 380 2161 suut
398 2105 526 2177 primitus
546 2105 699 2174 conscripta
714 2111 770 2170 est,
791 2105 825 2156 ab
841 2105 897 2174 ipsa
912 2104 1049 2174 perraria
1065 2105 1107 2158 in·
1122 2082 1146 2141 Β
1159 2112 1200 2160 est
1213 2106 1256 2160 cui
1269 2105 1362 2161 oeulos
1375 2108 1504 2162 [lominus
1517 2108 1573 2161 luto
1588 2109 1711 2178 desputo
1727 2107 1797 2163 lacto
1807 2109 1953 2178 junxerat;

325 2206 466 2269 terpretum
481 2196 567 2252 officia
589 2195 623 2249 ad
645 2194 770 2250 notitiam
788 2194 927 2248 bominum
947 2194 1108 2260 deterretur,
1160 2197 1231 2265 quod
1250 2205 1340 2251 tamen
1359 2213 1457 2252 nomeu
1481 2197 1579 2268 linguae
1602 2200 1747 2269 incognite
1769 2200 1820 2254 nisi
1840 2217 1955 2271 evange-

326 2304 356 2344 ne
371 2289 489 2344 bumana
511 2288 620 2343 miseria
637 2286 708 2341 larue
722 2286 798 2341 t'crbi
818 2286 864 2340 Dei
884 2286 1026 2352 deficiens,
1052 2288 1110 2342 sinc
1160 2286 1221 2341 lista
1237 2288 1429 2357 interpretatus
1444 2298 1535 2352 essct,
1561 2300 1650 2344 tamen
1670 2305 1782 2361 magnus
1801 2292 1955 2348 intellectus

330 2382 436 2437 remedio
451 2380 479 2435 in
497 2388 629 2434 :eternum
644 2378 760 2448 periret,
777 2386 885 2432 serrato
900 2385 988 2431 tannen
1004 2377 1109 2441 ordine,
1160 2380 1266 2435 lateret.
1291 2379 1336 2434 Sic
1350 2382 1431 2435 etiam
1447 2382 1529 2435 multa
1546 2398 1605 2451 quae
1625 2383 1660 2438 ab
1678 2383 1834 2439 auctoribus
1846 2400 1955 2441 eorum·
1979 2396 1981 2399 ·

331 2491 397 2546 quem
418 2475 536 2530 maxime
554 2489 641 2529 canon
664 2472 768 2527 invenit
790 2473 886 2526 barum
909 2471 1109 2538 scripturarum
1160 2471 1221 2526 dent
1234 2470 1365 2525 librorum
1378 2473 1555 2541 interpretata
1567 2489 1620 2527 non
1632 2482 1695 2527 sunt
1706 2475 1816 2528 nentina
1830 2475 1952 2541 llchrara,

333 2566 373 2622 illis
385 2567 471 2622 tribus
485 2565 595 2637 linguis,
610 2580 670 2634 quae
683 2565 709 2618 iu
724 2579 805 2619 cruce
820 2562 999 2631 redemptoris
1012 2570 1040 2615 ot
1053 2559 1111 2614 Sal-
1160 2574 1213 2614 non
1230 2570 1273 2614 est
1291 2560 1468 2615 dubitandum
1485 2563 1586 2616 babere
1604 2577 1657 2616 non
1673 2579 1785 2633 parram
1801 2567 1854 2620 rim
1872 2579 1954 2637 atque

333 2660 419 2716 tatoris
428 2659 516 2715 nostri
527 2659 656 2714 dedicatce
667 2666 739 2722 sont,
750 2657 863 2711 llebrma
874 2653 1109 2716 nocturnorum
1160 2648 1322 2716 adjutorium
1338 2650 1371 2703 ad
1387 2651 1516 2705 solvenda
1532 2653 1675 2722 aenigmata
1690 2652 1911 2725 scripturarum,
1931 2659 1955 2715 sl

333 2750 520 2815 ttbatina,ad
536 2749 727 2804 insinuandam
741 2754 843 2802 sancta
858 2744 1000 2800 Trinitatis
1014 2743 1107 2809 fidem,
1160 2740 1221 2808 quis
1235 2755 1266 2794 ca
1282 2742 1368 2809 possit
1388 2742 1570 2811 interprctari.
1598 2744 1674 2816 Quod
1695 2747 1816 2801 nonrmlli
1833 2750 1954 2819 ejusdem

333 2840 352 2893 iu
366 2841 451 2895 tribus
469 2839 564 2893 muudi
583 2837 707 2908 partibus
726 2836 863 2905 tripartito
882 2834 1000 2888 humano
1017 2830 1110 2903 generi
1160 2830 1258 2900 lingum
1272 2833 1350 2900 periti
1366 2833 1434 2899 riri,
1455 2849 1507 2889 nou
1524 2850 1589 2891 sane
1602 2852 1716 2905 parvum
1731 2838 1891 2895 beneficium
1904 2857 1953 2912 po·

331 2930 502 3000 principaliter
512 2929 709 2993 commendari,
721 2935 751 2981 ut
762 2942 794 2982 ex
809 2927 852 2981 bis
865 2940 1031 2995 unaquaque
1044 2938 1109 2993 gens
1160 2921 1240 2975 steris
1253 2922 1436 2988 coutulerunt,
1449 2924 1494 2991 qui
1509 2933 1633 2993 separata
1644 2927 1681 2981 dc
1694 2926 1843 2997 Scripturis
1857 2931 1954 2986 eadem

329 3019 429 3074 doado
442 3020 560 3089 propriae
578 3017 677 3088 lingue
698 3015 862 3070 adminiculo
875 3014 1041 3069 intellectum
1057 3012 1109 3068 sibi
1160 3013 1248 3067 omnia
1273 3015 1356 3068 rerba
1380 3015 1552 3085 interpretati
1577 3025 1657 3083 sunt;
1677 3020 1783 3088 etquid
1799 3022 1835 3075 sit
1847 3021 1953 3089 Adam,

326 3112 451 3168 talubrem
467 3114 630 3177 attraheret,
654 3110 860 3181 interpretando
882 3124 913 3163 ac
933 3108 1109 3177 colloquendo
1160 3104 1223 3173 quid
1239 3104 1293 3159 Era
1305 3146 1312 3171 ,
1326 3106 1391 3175 quid
1403 3107 1557 3173 Abrabam,
1576 3110 1639 3179 quid
1657 3109 1777 3181 llnyscs;
1799 3113 1856 3168 sirc
1870 3114 1952 3169 etiam

324 3217 423 3260 acosma
450 3205 576 3261 eumdem
600 3203 761 3259 canonicum
786 3202 904 3272 propriis
926 3201 1027 3256 verbis.
1055 3198 1109 3254 Sed
1160 3193 1280 3250 locorum
1295 3197 1421 3263 nomina;
1441 3199 1504 3268 quid
1520 3200 1555 3253 sit
1568 3200 1747 3266 Hierusalem,
1764 3202 1805 3257 vel
1822 3202 1954 3268 Sion,vel

322 3296 376 3363 quia
392 3294 579 3365 praedrximus,
593 3294 664 3363 quod
687 3299 735 3346 aut
748 3293 775 3346 in
789 3291 888 3362 ignotis
902 3289 1001 3359 signis,
1015 3297 1062 3342 aut
1081 3288 1108 3342 iu
1159 3282 1277 3351 Jcricbo,
1294 3285 1336 3341 rel
1351 3286 1479 3353 libanus,
1500 3289 1543 3347 vel
1562 3287 1707 3355 iordanis,
1733 3301 1761 3346 et
1786 3307 1954 3364 quaecunque

320 3386 450 3458 ambiguis
463 3387 580 3442 baereret
595 3385 758 3449 intellectus
772 3391 868 3438 utnon
882 3381 961 3438 facile
977 3382 1109 3452 intellige·
1120 3427 1145 3492 C
1159 3375 1212 3431 alia
1227 3376 1253 3433 in
1270 3376 1315 3433 illa
1328 3378 1419 3450 lingua
1434 3380 1512 3436 nobis
1527 3389 1589 3436 sunt
1604 3382 1740 3454 incognita
1754 3385 1877 3451 nomin&
1893 3388 1954 3456 (lul-

318 3487 409 3532 rentur
421 3493 483 3548 quae
497 3477 597 3547 scripta
612 3485 684 3541 suut,
700 3477 733 3531 de
747 3475 881 3545 ambiguis
894 3474 977 3544 signis
992 3481 1052 3543 post
1067 3473 1106 3529 l0-
1159 3465 1209 3520 bus
1231 3468 1332 3535 apertis
1356 3476 1383 3522 ct
1408 3469 1613 3539 interpretatis,
1639 3473 1729 3528 multae
1752 3474 1779 3527 in
1803 3473 1952 3545 scripturis

315 3582 439 3638 queruur,
463 3582 535 3622 nuuc
556 3568 589 3622 de
610 3566 754 3636 incognitis
779 3565 894 3634 agimus.
921 3562 1008 3634 Agere
1031 3563 1104 3618 enim
1159 3556 1280 3627 llguratae
1306 3557 1457 3614 locutiones
1480 3560 1699 3618 manifestantur.
1734 3563 1835 3619 Rerum
1861 3574 1951 3622 autent

314 3657 498 3721 decrevimus,
523 3664 553 3711 ut
576 3657 599 3712 si
622 3657 751 3712 Dominus
766 3656 864 3723 vellet,
889 3670 1057 3725 quaecunque
1078 3656 1105 3709 in
1158 3647 1309 3718 ignorantia
1334 3649 1398 3704 lacit
1423 3651 1553 3708 obscuras
1572 3653 1701 3724 figuratas
1720 3654 1871 3712 locutiones
1889 3674 1952 3714 curn

311 3748 450 3818 predictis
463 3746 567 3803 duobus
580 3748 664 3818 signis
679 3748 831 3803 necessaria
846 3759 937 3803 essem
949 3748 983 3802 ad
997 3749 1104 3803 discen·
1157 3736 1313 3808 igss⁰r³¹1¹11⁵
1328 3739 1370 3794 vel
1384 3740 1558 3808 animalium,
1578 3744 1620 3799 vel
1639 3744 1772 3815 lapidum·
1795 3748 1836 3803 vel
1851 3749 1950 3804 berba-

311 3840 376 3895 dum
401 3840 490 3906 nobis,
516 3839 661 3895 distributo
684 3840 779 3895 ordine
803 3839 937 3909 modoque
961 3839 1103 3908 disposito,
1157 3843 1217 3882 rum
1232 3836 1359 3896 naturas,
1380 3831 1528 3888 aliarumve
1542 3850 1651 3901 retum,
1671 3852 1731 3906 φεῦ
1747 3838 1907 3910 plerumque
1922 3842 1950 3897 in

310 3939 444 4001 quantum
458 3945 600 4000 possemus
615 3931 859 3994 conscriberemus,
870 3931 940 3984 unde
951 3930 1103 3998 oportebat,
1157 3918 1306 3991 Scripturis
1333 3923 1516 3980 similitudinis
1544 3925 1659 3996 alicujus
1686 3932 1771 4001 gralia
1799 3942 1947 4002 ponunllll'.

310 4028 343 4076 ῃι
356 4021 390 4076 de
404 4021 504 4092 ignotis
519 4020 635 4091 propriis
650 4021 734 4091 signis
748 4028 808 4090 post
822 4034 980 4090 ageremus,
1000 4018 1026 4072 in
1043 4018 1103 4088 qui·
1156 4009 1223 4066 Nam
1238 4024 1266 4067 el
1280 4016 1313 4068 de
1327 4025 1463 4086 ὃθΐρθηῐθ,
1481 4017 1552 4087 quod
1566 4028 1658 4075 nolum
1675 4030 1732 4088 esi,
1749 4031 1834 4078 totum
1849 4041 1949 4096 corpus

309 4113 363 4167 bns
378 4113 454 4167 radix
478 4123 508 4167 ct
529 4113 637 4167 initium
654 4111 774 4167 discendi
792 4111 927 4166 consistit.
952 4108 1054 4164 Deinde
1072 4108 1105 4163 de
1155 4117 1216 4159 eum
1233 4121 1282 4175 pro
1297 4108 1385 4176 capite
1399 4110 1518 4179 objicere
1537 4110 1714 4177 ferientibus,
1737 4123 1868 4183 quantum
1888 4117 1950 4171 illu·

310 4202 410 4283 ignoti-s
427 4203 581 4265 translatis,
604 4203 630 4256 in
646 4203 743 4272 quibus
757 4201 892 4257 subtilitas
908 4210 935 4254 et
949 4200 1050 4254 utilitas
1063 4198 1103 4254 le·
1155 4200 1224 4248 strat
1242 4210 1351 4250 sensum
1368 4196 1458 4262 illum,
1481 4213 1534 4267 quo
1548 4199 1677 4255 Dominus
1689 4200 1766 4271 jubet
1782 4212 1886 4258 astutos
1900 4221 1950 4261 nos

270 4336 279 4345 ,
307 4298 411 4353 erinnis·
423 4299 547 4362 imitetur,
562 4301 653 4366 postea
667 4306 731 4345 vero
744 4291 776 4346 de
789 4290 922 4360 ambiguis
934 4290 1028 4359 signis,
1042 4304 1105 4358 pre
1154 4299 1214 4339 esso
1229 4285 1299 4340 sicut
1312 4295 1471 4356 serpentes,
1498 4296 1528 4341 ut
1545 4289 1649 4343 scilicet
1667 4304 1716 4358 pro
1731 4292 1821 4360 capite
1842 4301 1947 4358 nostro,

308 4388 379 4458 priis
393 4396 475 4458 atque
489 4387 645 4451 translatis,
662 4381 761 4456 quibus
775 4383 808 4435 ad
824 4395 921 4450 purum
937 4378 1053 4442 elicitis,
1076 4385 1104 4431 et
1155 4375 1226 4443 quod
1249 4384 1291 4430 cst
1312 4375 1454 4442 Cbristus,
1480 4393 1578 4446 corpus
1603 4380 1692 4448 potius
1718 4384 1946 4451 persequentibus

309 4479 459 4534 seeundum
472 4481 616 4534 veritatem
637 4479 769 4543 int-entis,
788 4473 904 4532 lirutitas
919 4479 947 4526 et
963 4470 1103 4540 integritas
1154 4463 1310 4529 offeramus,
1333 4481 1367 4520 no
1390 4465 1456 4521 fidos
1470 4465 1626 4521 Christiana
1644 4477 1775 4537 tanquam
1790 4479 1903 4524 necetur
1920 4471 1947 4524 in

308 4569 434 4626 pedronis
448 4578 606 4642 gelgel-agur·
1155 4552 1244 4617 nobis,
1259 4553 1282 4608 si
1297 4562 1439 4623 paroentes
1454 4556 1578 4624 corpori,
1596 4571 1725 4627 negemus
1740 4558 1835 4612 Deum.
1853 4559 1901 4614 llcl
1916 4560 1948 4614 il-

618 4662 732 4720 cqurq
750 4661 796 4717 qq·
1154 4645 1199 4699 lud
1212 4646 1281 4715 quod
1295 4661 1343 4715 per
1354 4660 1479 4701 cavernae
1493 4647 1631 4718 angustias
1644 4658 1811 4715 coarctatus,
1825 4649 1948 4721 deposita

542 4751 546 4758 ·
575 4758 612 4812 οι
629 4759 725 4829 ,quom
745 4758 836 4828 ,qm
1155 4736 1239 4790 reteri
1252 4737 1352 4797 tunica,
1364 4745 1454 4792 restes
1465 4752 1549 4792 novas
1561 4738 1683 4808 accipere
1695 4741 1804 4806 dicitur,
1816 4751 1947 4809 quantum

346 4845 501 4918 lgnoromm
528 4855 617 4902 aurem
643 4849 781 4918 sigmrum
807 4847 866 4902 41„ae
892 4846 986 4901 form
1012 4854 1099 4911 sum,
1153 4825 1273 4884 concinit
1296 4826 1330 4883 ad
1354 4826 1513 4883 imitandam
1538 4829 1623 4898 ipsam
1641 4833 1775 4902 serpentis
1797 4836 1945 4902 astutiam,

306 4945 440 5006 qmmum
464 4937 498 4992 ad
519 4938 602 4991 verpa
616 4937 751 5006 perquem
777 4951 894 5005 „amque
914 4945 961 4990 aug
978 4936 1099 5006 ignffium
1153 4919 1360 4989 exuendumque
1377 4924 1494 4974 tolerem
1510 4919 1646 4976 bominem
1662 4922 1733 4977 sicut
1746 4922 1893 4994 Apostolus
1907 4927 1948 4982 di-

305 5026 422 5081 verbum
439 5024 507 5081 lacit
522 5026 627 5081 lraerere
641 5025 790 5091 lectorem,
812 5032 859 5079 aut
881 5025 971 5096 ignota
988 5025 1097 5080 locutio.
1153 5009 1209 5074 cit,
1236 5020 1264 5065 Μ
1286 5010 1431 5065 induamur
1448 5028 1513 5067 novo
1528 5007 1596 5084 (COb
1611 5010 1670 5078 rul,
1682 5020 1709 5068 θῑ
1726 5013 1879 5099 θξθϋηύυῐῐε
1898 5031 1946 5086 ρετ

305 5114 375 5182 οη
393 5115 416 5169 gi
433 5131 467 5170 ει
481 5114 791 5186 ηιῑῑςιῑῃςῃῇμρῃῑῃῃι,
812 5123 858 5168 aut
873 5114 1017 5186 quoerenqa
1037 5124 1100 5169 sum
1153 5103 1291 5173 augustias
1316 5102 1423 5158 dicente
1447 5104 1581 5171 Domino,
1609 5104 1712 5160 Intrate
1738 5118 1947 5178 perangustum

305 5207 344 5262 ab
356 5220 451 5260 earum
470 5206 622 5277 linguarum
641 5206 806 5271 bominibus,
821 5214 868 5260 aut
882 5205 971 5273 lingua
986 5206 1097 5271 eadem,
1152 5203 1255 5263 limam
1269 5191 1376 5263 (Mami-
1386 5190 1445 5262 v¹¹)·
1463 5193 1498 5248 Ul
1509 5207 1573 5264 &8⁰
1586 5194 1681 5249 ¹¹⁰¹ffi³
1695 5202 1800 5250 ⁰³²⁰?ae
1814 5196 1947 5265 sellesslis

305 5296 332 5351 οἱ
347 5307 375 5352 et
386 5296 472 5351 otium
485 5304 527 5352 est
539 5306 566 5351 et
580 5297 716 5367 ingenium
730 5296 885 5360 ediscenda,
896 5303 942 5349 aut
954 5295 1099 5365 plurimum
1154 5285 1271 5340 illustrat
1285 5283 1383 5337 multas
1396 5282 1594 5350 similitudines,
1611 5299 1678 5354 quas
1694 5284 1727 5340 de
1741 5285 1793 5340 boe
1806 5284 1944 5339 animante

307 5387 491 5458 interpretum
513 5387 675 5443 consulenda
700 5387 817 5441 collatio.
846 5385 876 5441 st
901 5397 990 5442 autem
1016 5386 1100 5457 ipsius
1155 5376 1295 5447 Scriptura
1315 5375 1379 5431 dare
1398 5374 1555 5441 00¹¹S¹¹0lilr
1575 5375 1614 5430 ⁸10
1633 5375 1785 5444 ldss⁰l³¹¹¹i³
1799 5373 1943 5430 ¹¹⁰ssssllll0·

306 5477 408 5548 linguae
423 5485 540 5543 nostrae,
554 5478 637 5533 idest
651 5477 771 5543 Latium,
787 5477 877 5547 aliqua
892 5478 974 5533 verba
989 5477 1100 5533 locutio·
1153 5487 1214 5528 rum
1229 5469 1401 5534 animalium,
1424 5485 1484 5539 quae
1504 5484 1559 5523 non
1581 5468 1672 5523 minus
1690 5483 1740 5536 per
1756 5465 1946 5521 similitudines

305 5582 412 5638 neuque
426 5567 603 5639 ignoramus,
625 5567 729 5640 legendi
749 5569 944 5625 cousuetudine
959 5568 1100 5624 audiendi·
1153 5568 1364 5625 commemorat,
1381 5559 1493 5628 impedit
1506 5560 1652 5629 plurimum
1667 5557 1873 5613 intellectorem.
1898 5554 1945 5610 Sic

306 5673 362 5729 que
377 5658 560 5716 innotescunt.
585 5659 662 5714 Nulla
681 5676 747 5716 saue
764 5668 827 5716 sunt
845 5660 931 5730 magis
945 5659 1098 5714 mandanda
1152 5653 1283 5724 lapidum,
1297 5652 1336 5707 sic
1349 5651 1505 5717 berbarum,
1520 5651 1561 5706 rel
1576 5662 1689 5721 quaeque
1704 5656 1830 5702 tenentur
1843 5645 1943 5702 radici·

305 5748 549 5820 mentoria,quam
562 5749 606 5805 illa
617 5751 759 5805 verborum
773 5749 989 5819 locutionumque
1000 5765 1099 5820 genera
1150 5745 1212 5800 bus.
1234 5741 1303 5797 Naro
1323 5752 1351 5798 et
1368 5743 1525 5798 carbunculi
1542 5740 1637 5796 notitia
1651 5741 1723 5806 quod
1738 5736 1810 5792 lucet
1825 5737 1851 5791 iu
1868 5744 1942 5793 tene·

304 5851 369 5907 quae
385 5838 555 5907 ignoramus,
577 5846 606 5893 ut
620 5853 681 5892 cum
696 5838 809 5908 peritior
822 5839 989 5904 occurrerit,
1014 5838 1047 5894 de
1066 5852 1099 5893 eo
1150 5837 1218 5902 bris,
1231 5836 1316 5892 multa
1333 5836 1467 5891 illuminat
1482 5835 1564 5889 etiam
1578 5831 1692 5887 obscura
1712 5829 1862 5897 librorum,
1882 5831 1943 5885 ubi-

304 5927 394 5997 qurcri
408 5929 501 5996 possit,
512 5931 554 5985 rel
567 5929 628 5983 talis
643 5929 732 5994 lectio,
748 5943 807 5998 qaoe
820 5928 859 5984 rel
874 5929 1097 5997 praecedentibus,
1150 5944 1257 5999 cunque
1271 5935 1382 5997 propter
1394 5919 1595 5980 similitudinem
1611 5922 1736 5991 punitum
1752 5930 1780 5976 et
1792 5921 1944 5991 ignorantia

303 6017 348 6071 rol
365 6021 603 6092 urnsrqucntibus,
619 6021 736 6076 rclooius
749 6019 801 6091 [rol
816 6020 947 6092 utrisque]
962 6022 1097 6090 ostendat,
1150 6022 1245 6094 berylli
1256 6021 1297 6077 rel
1312 6018 1462 6077 adamantis
1476 6015 1574 6071 claudit
1588 6013 1746 6086 plerumque
1760 6015 1944 6088 intelligentiae
