4509 6850
316 650 368 710 217
803 653 981 710 couneus.
1000 654 1034 708 tu
1055 648 1272 710 uullllAEtlll.
1292 683 1328 697 -
1346 655 1410 711 Llll.
1430 653 1451 712 l.
1909 656 1961 717 litt

315 779 392 828 curua
405 767 465 824 dari
478 768 638 824 monstrauit
651 787 657 822 ι
673 777 700 823 et
714 783 834 840 congrua
846 770 961 826 inultum
970 770 1110 832 distantia,
1126 774 1151 831 Λ
1165 768 1225 838 ipso
1240 769 1421 841 llcdemptorc
1433 781 1538 840 nostro,
1551 776 1700 830 mediatore
1707 773 1754 831 ilci
1769 787 1796 831 et
1808 777 1959 845 buruiuuru,

315 861 381 932 quia
395 858 501 930 primus
513 856 598 913 udam
611 858 645 913 ab
659 858 797 915 immundo
808 861 907 929 spiritu
920 860 1051 931 deceptus
1065 877 1114 931 per
1164 873 1213 929 per
1227 859 1380 916 columbam
1392 864 1527 933 apparuit,
1539 865 1565 919 iu
1578 865 1717 936 discipulis
1729 881 1794 922 uero
1803 868 1959 940 perignem.

315 957 473 1022 serpentem
499 948 596 1020 gaudia
614 950 689 1020 requi
711 950 830 1008 caelestis
844 952 945 1008 amisit.
972 950 1114 1009 Secundus
1164 949 1245 1005 Certe
1266 952 1422 1022 unigenitus
1445 953 1493 1009 bei
1517 954 1603 1010 Filius
1626 955 1712 1011 luder
1731 966 1773 1012 cst
1791 958 1898 1028 generis
1911 959 1962 1014 bu-

313 1043 432 1098 Adarua
451 1038 553 1109 Spiritu
574 1048 669 1096 sancto
695 1055 744 1111 pcr
760 1040 914 1099 columbam
935 1043 1112 1116 glorificatus,
1164 1041 1249 1096 nani.
1271 1041 1326 1098 Sed
1342 1044 1404 1113 quis
1427 1044 1486 1114 ejus
1499 1043 1633 1115 justitiam
1651 1046 1736 1105 ferret
1752 1048 1774 1104 si
1800 1050 1960 1121 priusquam

313 1131 438 1204 dusdem
458 1131 534 1203 regni
561 1131 662 1188 luntina
687 1133 837 1201 reseravit,
859 1133 1049 1205 flammamque
1073 1135 1114 1190 vi·
1164 1147 1215 1188 uos
1227 1148 1276 1205 per
1299 1136 1535 1193 mansuetudinem
1553 1138 1711 1210 colligeret,
1735 1140 1828 1210 culpas
1852 1150 1962 1199 nostras

314 1221 461 1287 brantem,
487 1235 542 1290 qua
568 1220 720 1292 ingressum
742 1222 872 1293 paradisi,
898 1225 1011 1296 expulso
1025 1228 1113 1284 Adam
1163 1227 1314 1296 perreium
1326 1228 1499 1287 rectitudinis
1518 1232 1678 1288 examinare
1699 1233 1850 1290 uoluisset!
1874 1235 1961 1291 llomo

313 1312 415 1383 primo,
440 1312 544 1368 cherub
564 1319 657 1368 custos
672 1312 845 1381 interclusit,
873 1317 1010 1373 sccundus
1026 1319 1112 1375 Adam
1164 1332 1229 1390 erqo
1240 1335 1291 1390 pre
1305 1321 1460 1378 bominibus
1478 1320 1567 1379 lactus
1577 1324 1671 1380 mitem
1681 1339 1712 1382 se
1728 1325 1978 1398 boorinibaspra·

313 1417 364 1474 per
373 1419 472 1474 aquam
481 1404 582 1460 lavacri
597 1406 764 1461 renascentis
774 1408 908 1480 exstingui
924 1408 1023 1466 debere
1037 1426 1113 1467 mou-
1164 1410 1244 1468 buit:
1264 1413 1351 1468 uoluit
1363 1421 1522 1485 peccatores
1539 1414 1631 1483 lerire,
1655 1418 1703 1474 sed
1723 1417 1859 1489 colligere.
1881 1418 1961 1474 Prius

312 1498 421 1554 stravit.
442 1496 476 1554 lit
492 1498 563 1553 uude
578 1497 624 1554 ille
651 1515 713 1553 curn
733 1515 781 1554 sua
798 1499 912 1572 cerqrrqe
931 1503 966 1558 ab
980 1503 1058 1559 hoste
1073 1505 1112 1560 vi·
1164 1500 1247 1555 voluit
1259 1512 1399 1558 mansuem
1417 1506 1564 1577 wirigeldi
1588 1515 1618 1562 ¹¹²
1631 1507 1746 1564 baberet
1758 1524 1827 1579 (1⁰⁰⁸
1839 1518 1960 1580 postum-

312 1597 375 1645 atus
387 1589 465 1654 exiit,
476 1588 539 1645 illuc
557 1589 609 1645 iste
619 1604 681 1645 curn
691 1600 848 1646 sanctorum
863 1592 996 1660 Ecclesia,
1013 1610 1111 1665 sponsa
1163 1587 1226 1644 dum
1242 1589 1387 1662 injudicio
1404 1593 1532 1650 salvaret.
1559 1595 1587 1650 lu
1603 1597 1727 1653 columba
1741 1613 1807 1670 erqo
1826 1614 1959 1671 apparere

312 1682 438 1740 viridiset
450 1698 521 1748 sua,
538 1682 573 1739 de
584 1684 663 1739 hoste
685 1685 772 1739 uictor
793 1686 903 1742 rediret.
928 1687 1001 1745 liene
1020 1701 1111 1746 aurem
1163 1695 1245 1752 super
1269 1697 1332 1738 eum
1350 1682 1444 1739 debuit
1458 1685 1595 1755 Spiritus,
1614 1688 1677 1757 quia
1704 1704 1758 1745 neu
1783 1691 1910 1746 verriebat
1927 1699 1959 1746 ut

312 1774 433 1845 Spiritus
444 1774 634 1831 reconciliator
653 1776 680 1831 in
696 1776 905 1847 columbaque
920 1779 1033 1836 multum
1045 1782 1111 1839 sim·
1162 1780 1274 1843 peccata
1289 1774 1372 1828 ellim
1387 1789 1437 1845 per
1459 1776 1547 1831 2⁰¹¹¹¹¹¹
1561 1787 1731 1848 besemelel,
1751 1780 1799 1836 ⁸0st
1810 1780 1899 1836 adhuc
1910 1795 1960 1852 per

310 1865 373 1936 pler
389 1871 432 1920 est
443 1864 513 1932 evis,
528 1866 664 1936 apparuit,
689 1875 719 1920 ut
740 1876 768 1921 et
788 1882 845 1923 suae
859 1867 985 1926 videlieet
1006 1881 1111 1929 narum
1162 1865 1398 1921 mansuetudinem
1413 1865 1551 1924 toleraret.
1567 1869 1602 1922 llt
1615 1877 1709 1925 contra
1719 1884 1801 1941 super
1812 1870 1960 1942 discipulos

310 1954 515 2026 simplieitatem
529 1972 579 2027 per·
590 1955 670 2024 hujus
685 1958 803 2027 spectem
817 1960 943 2017 animan,
955 1963 1111 2021 0520„qu
1161 1951 1190 2006 in
1207 1951 1270 2022 ique
1293 1953 1385 2010 debuit
1410 1953 1528 2024 Spiritus
1541 1965 1652 2013 sanctus
1673 1958 1867 2026 demonstrari,
1885 1967 1916 2015 ut
1930 1961 1958 2016 hi

310 2045 440 2120 (spuma
457 2049 527 2103 eum
541 2058 649 2104 ranem
670 2049 816 2121 sareptano
835 2052 941 2123 epupro
961 2056 1062 2128 mun)
1081 2067 1109 2113 o
1162 2042 1208 2112 qu
1221 2053 1300 2099 enni
1323 2045 1483 2115 simpliciter
1503 2039 1638 2115 nominer,
1663 2057 1744 2118 atque
1759 2049 1821 2106 roo
1835 2058 1960 2120 necaro

310 2149 373 2190 erni
389 2135 417 2192 in
435 2151 518 2207 qoem
540 2136 680 2193 descendit
698 2149 881 2208 mansuetum,
907 2143 1056 2216 miramque
1075 2161 1108 2202 ἃς
1121 2122 1147 2183 Β
1160 2148 1215 2199 res,
1226 2149 1276 2190 eos
1288 2145 1384 2192 contra
1396 2137 1558 2207 semetipsos
1571 2138 1704 2207 spiritalis
1719 2139 1811 2196 servor
1823 2142 1958 2197 accende-

310 2228 640 2301 misericerdiaesuperuae
656 2247 809 2302 praecurem
833 2236 1045 2306 ministrumque
1059 2238 1108 2295 do-
1158 2232 1213 2292 ieb
1233 2235 1263 2282 θῑ
1285 2235 1409 2298 limidi
1434 2228 1533 2298 quibus
1559 2228 1630 2285 ⁰0⁰⁸
1651 2244 1701 2299 l>er
1722 2231 1959 2288 mlflssueludl'neffl

309 2329 385 2378 ceret
395 2322 497 2378 mundo
508 2337 570 2379 esse
584 2321 716 2389 futurum,
732 2325 853 2383 simulet
867 2342 974 2395 omues,
989 2329 1034 2398 qui
1046 2345 1107 2401 qra-
1158 2327 1296 2386 limeseia
1316 2318 1367 2389 ipsi
1381 2317 1409 2373 5¹¹
1429 2333 1459 2375 ιθ
1479 2332 1529 2389 per
1540 2319 1729 2390 lloenilemiam
1743 2321 1880 2390 punirem·
1902 2320 1958 2377 Νθΰ

308 2413 347 2468 tia
368 2419 461 2470 emeat
475 2414 623 2469 renovandi
642 2414 780 2486 simplices
798 2431 831 2472 ac
851 2418 951 2473 mundo
965 2419 1047 2475 corde
1059 2421 1107 2476 ad-
1158 2410 1209 2481 ἰιιιὶ
1220 2411 1321 2481 (tuille
1333 2425 1395 2467 ⁰⁵⁸0
1416 2420 1544 2482 poteraut
1564 2412 1624 2467 Sine
1635 2400 1758 2483 peccato,
1776 2413 1823 2483 (tui
1836 2415 1959 2471 ²dltaere·

308 2510 434 2559 uteneret
448 2503 563 2575 ingredi.
584 2501 664 2559 Juxta
680 2503 752 2574 quod
771 2505 903 2576 seriptum
920 2515 984 2564 est:
1009 2507 1107 2565 Seniue
1157 2501 1225 2557 bant
1236 2500 1342 2557 coelesti
1359 2500 1526 2571 magisterio,
1551 2498 1655 2556 loanne
1675 2509 1834 2570 attestante,
1848 2504 1896 2575 qui
1907 2503 1956 2568 ait,

307 2595 341 2650 dr
354 2594 469 2650 Domino
481 2595 509 2650 in
521 2596 647 2662 bonitate,
666 2606 691 2651 et
711 2596 739 2651 in
751 2595 919 2667 simplicitate
935 2600 1022 2655 cerdis
1032 2616 1103 2671 quru-
1157 2590 1188 2648 Si
1199 2591 1345 2646 dixerimus
1365 2591 1428 2662 4⁸5⁰
1441 2599 1578 2662 peccalum
1593 2607 1645 2646 non
1664 2592 1800 2660 babemus,
1824 2609 1872 2650 uer
1887 2595 1958 2666 ipror

307 2687 358 2742 rite
369 2685 467 2753 iliam
491 2687 618 2757 quoniam
638 2685 666 2741 in
686 2685 842 2742 malevolam
857 2689 973 2744 amman
995 2705 1047 2746 m
1064 2691 1107 2744 tn.
1152 2679 1316 2746 udarinrar,
1329 2688 1354 2735 et
1369 2680 1465 2735 ueritm
1477 2697 1530 2735 ιιοιι
1543 2681 1619 2736 ertio
1632 2681 1706 2736 nebia
1720 2681 1745 2754 (l
1763 2681 1845 2738 loeo.
1861 2683 1892 2758 ι).

307 2777 398 2833 trcibit
412 2776 553 2848 sementia,
567 2793 614 2832 nee
627 2776 754 2831 dubitabit
770 2778 798 2832 in
808 2793 917 2849 corpore
927 2779 1033 2835 subdito
1043 2797 1105 2852 pec-
1192 2764 1228 2822 El
1240 2783 1298 2824 ‘⁶⁶‘
1308 2784 1358 2823 ²⁴⁰³
1368 2768 1402 2823 δι
1411 2767 1493 2834 “dib
1504 2769 1610 2826 ἅὶιθιιδο·
1620 2768 1673 2825 Ηῑΰ
1683 2779 1722 2826 W
1734 2767 1822 2827 Fllliu
1833 2788 1906 2830 Μι
1919 2775 1963 2830 di·

306 2868 374 2924 cnr.
391 2866 470 2940 (sap.
490 2865 521 2940 ι).
549 2866 618 2921 uam
638 2866 701 2937 quta
720 2866 801 2923 nonis
822 2868 857 2923 aa
879 2868 1035 2926 armenum
1050 2871 1107 2929 mo
1157 2856 1282 2914 erroro
1294 2876 1346 2931 rw
1361 2859 1595 2932 numurus.
1617 2861 1709 2936 (lq.)
1725 2862 1790 2920 noo·
1802 2872 1831 2921 o
1843 2865 1890 2922 dii
1903 2866 1958 2924 uuo

306 2955 437 3028 ιιιιοίιιιιιι
452 2956 652 3027 simplicitatem
666 2955 791 3013 columba
802 2959 979 3030 proponitur,
993 2961 1108 3034 diligen·
1157 2948 1264 3006 Maleus
1284 2959 1313 3007 ⁸1
1334 2950 1423 3007 [1¹⁰³ss
1445 2951 1571 3008 *Ῑῦιίῑίῑθι
1584 2964 1707 3020 ”imilla
1730 2955 1779 3012 sed
1803 2958 1838 3013 (ιθ
1865 2958 1958 3014 verbis

306 3045 362 3102 tius
383 3053 510 3100 naturam
525 3045 677 3113 rideamus,
699 3053 730 3102 ut
748 3061 798 3116 per
815 3048 921 3120 singula
943 3049 1106 3109 moerentia
1157 3042 1234 3099 recia
1247 3057 1308 3114 quac
1320 3044 1354 3100 de
1367 3043 1438 3100 ereio
1450 3043 1522 3100 laeta
1535 3052 1578 3101 est
1590 3045 1698 3102 variant
1710 3045 1886 3115 locutionem,
1903 3048 1959 3105 sal·

306 3135 367 3208 dus
385 3135 596 3207 exemplariter
612 3138 690 3194 uobis
713 3140 907 3197 emendatioris
923 3141 1046 3199 instituta
1058 3159 1089 3200 su
1157 3149 1191 3191 ιι
1202 3141 1292 3190 lamen
1304 3134 1448 3192 ὓθιιῑθΰῑῑθ·
1463 3135 1541 3203 011οᾶ
1552 3135 1626 3191 enim
1634 3135 1825 3193 Mlllbaefflll
1836 3138 1955 3195 dicium:

306 3241 424 3284 murus.
439 3227 462 3280 Α
476 3226 579 3283 malina
587 3226 657 3284 fellis
669 3229 755 3285 alieno
767 3238 819 3286 est,
837 3228 931 3288 omni·
943 3235 1105 3305 ammodo,
1157 3222 1259 3279 llieerr
1275 3223 1361 3279 Filiae
1380 3241 1453 3280 meus
1470 3224 1590 3288 dilectur,
1610 3233 1639 3282 et
1658 3226 1703 3282 alii
1722 3227 1899 3285 duodieunt:
1916 3228 1958 3285 Te

306 3325 330 3374 et
343 3317 386 3372 ira
398 3324 422 3372 rt
432 3315 580 3388 indipoatio
591 3317 728 3375 relictura
741 3319 833 3388 nebia,
845 3336 905 3375 eum
919 3323 990 3377 omni
1003 3323 1105 3380 mulitia
1156 3330 1185 3370 θ’
1196 3311 1284 3369 ΜΝ
1297 3329 1371 3369 ’ΜΝ
1384 3314 1505 3381 &mlius
1518 3315 1553 3370 ad
1564 3315 1687 3370 “bidem
1698 3316 1858 3372 senientiam
1871 3317 1959 3388 dlvii·

306 3403 418 3480 (Epio.
435 3404 486 3479 ιι).
500 3404 606 3462 Nullum
618 3422 666 3465 ore
685 3408 727 3466 rel
745 3410 881 3482 unguibus
893 3410 979 3478 ladit,
1000 3427 1035 3468 ae
1053 3413 1105 3469 mi·
1157 3403 1273 3461 modam
1290 3403 1373 3461 ralee
1389 3402 1448 3461 Vox
1457 3405 1530 3461 enim
1542 3404 1663 3462 eoelestis
1673 3420 1756 3462 noum
1769 3407 1866 3463 borum
1877 3408 1956 3472 dixit,

306 3498 397 3555 nima
417 3496 528 3568 quasdem
538 3497 669 3565 aviculas,
685 3498 727 3554 vel
737 3500 910 3567 perornatos,
930 3500 1029 3573 quipus
1049 3502 1103 3559 mi.
1118 3485 1141 3549 C
1156 3493 1205 3551 sed
1216 3495 1385 3568 evangelista
1396 3495 1542 3553 ostendere
1554 3497 1640 3554 rotun
1650 3499 1686 3554 ad
1702 3497 1775 3554 idem
1785 3497 1958 3570 valerequod

306 3600 391 3645 nores
405 3598 474 3657 pene
485 3600 579 3643 omnes
592 3587 705 3644 aviculae
718 3603 748 3645 se
771 3604 889 3660 suosque
903 3592 1037 3649 nutriunt.
1054 3591 1103 3649 Vi·
1155 3586 1259 3643 dietum
1274 3594 1334 3643 est:
1349 3584 1401 3641 llic
1417 3594 1458 3641 ert
1476 3584 1564 3641 Filiae
1578 3586 1786 3656 uenditarum,
1803 3587 1897 3645 utillis
1909 3604 1958 3662 po·

306 3676 421 3734 dantus
436 3688 471 3733 ne
494 3676 583 3731 deuter
595 3679 679 3732 nostri
697 3679 748 3733 rint
764 3696 839 3735 armo
858 3689 882 3735 et
898 3682 1000 3753 ruqirtoe
1015 3681 1102 3753 (Psoi.
1155 3677 1210 3734 tius
1220 3677 1266 3748 qui
1284 3677 1430 3735 audiebant
1448 3679 1615 3735 iudicaretur
1625 3679 1780 3737 esseillius
1793 3681 1860 3747 bem
1876 3691 1958 3754 atquc

306 3769 376 3841 arr),
396 3783 432 3824 ne
445 3768 634 3825 murdeoteret
643 3771 816 3828 commentea
834 3773 950 3830 invicem
960 3788 1104 3832 corisuma·
1155 3772 1194 3828 lta
1207 3772 1309 3829 dictum
1318 3771 1421 3829 relerre
1430 3773 1529 3829 voluit:
1543 3772 1583 3828 Tu
1593 3789 1619 3829 er
1630 3770 1656 3826 F
1656 3774 1717 3829 iliae
1731 3791 1814 3839 atreus,
1827 3792 1860 3833 ac
1871 3777 1895 3832 ri
1904 3777 1958 3834 illis

306 3874 371 3917 ntur
385 3857 549 3917 abinvicem
561 3857 632 3933 (Gal.
643 3860 681 3933 r).
700 3861 893 3922 contineamus
909 3881 1007 3925 manus
1025 3884 1041 3924 a
1061 3884 1105 3924 ra·
1155 3865 1311 3922 diceretur:
1332 3865 1385 3921 llic
1407 3874 1446 3921 ert
1467 3863 1556 3921 Filias
1578 3883 1661 3924 meur.
1676 3867 1735 3924 Nou
1749 3869 1823 3925 enim
1846 3870 1957 3926 cbristo

306 3946 398 4019 plain
414 3948 460 4019 qui
474 3946 683 4020 tumulariam
697 3952 876 4019 peramplius
891 3953 1006 4024 paretur,
1020 3959 1104 4029 maqir
1156 3956 1330 4013 indicabatur
1347 3957 1420 4027 quod
1446 3955 1559 4022 sciebat,
1585 3957 1633 4013 sed
1654 3957 1813 4026 audiebant,
1832 3959 1958 4030 quiade·

306 4046 398 4093 autem
411 4035 512 4093 iuberet
525 4039 659 4109 operando
672 4040 803 4108 erunibus,
823 4044 893 4113 qued
903 4045 1061 4115 innumeri,
1077 4058 1104 4103 ut
1157 4053 1228 4111 rant,
1241 4055 1353 4116 propter
1379 4061 1449 4118 quos
1475 4045 1558 4101 etiam
1582 4044 1641 4115 ipsa
1666 4059 1718 4100 vor
1735 4045 1807 4102 iacta
1822 4054 1874 4103 est.
1894 4046 1956 4104 lam

307 4130 404 4187 babeat
422 4130 492 4186 uude
504 4131 602 4186 tribum
615 4132 793 4189 oraminum
807 4137 915 4205 potienti
932 4137 1040 4209 (lipara.
1054 4140 1103 4210 ru).
1156 4150 1221 4193 uero
1234 4139 1306 4206 quod
1321 4135 1490 4192 aliusdicit:
1505 4134 1540 4189 ln
1549 4151 1601 4205 quo
1611 4135 1677 4189 milri
1686 4135 1834 4206 complacui
1842 4153 1852 4203 ,·
1864 4136 1954 4194 alius:

309 4220 377 4279 Natu
386 4228 416 4277 et
427 4220 552 4278 columba
563 4237 634 4293 saepe
650 4223 751 4279 alienos
765 4225 841 4294 quasi
853 4242 916 4281 siros
937 4227 1023 4283 lertur
1033 4228 1105 4284 alere
1157 4226 1191 4282 ln
1204 4236 1230 4282 te
1241 4226 1387 4299 complorati
1402 4243 1412 4292 ;
1432 4226 1521 4281 alius:
1548 4224 1583 4280 ln
1603 4234 1628 4281 te
1649 4225 1807 4297 conplacuit
1820 4227 1895 4295 milri,
1908 4244 1951 4300 ap·

309 4312 408 4385 pullos,
432 4312 490 4383 ipsa
503 4321 582 4369 terre
598 4311 731 4370 lructibus
750 4321 779 4368 et
789 4315 891 4369 senune
904 4317 1034 4385 pascitur.
1050 4317 1105 4372 Au·
1156 4325 1243 4389 paret,
1268 4332 1331 4372 cum
1354 4315 1465 4386 quilibet
1488 4316 1715 4389 evangelistarum
1741 4315 1859 4374 caelestis
1880 4320 1956 4376 vocis

310 4404 600 4475 diamusbpostelum:
615 4404 718 4461 Beiram
728 4416 766 4460 ert
782 4423 835 4461 non
845 4407 978 4461 colmere
989 4425 1105 4474 earnem,
1156 4408 1239 4464 etiam
1253 4407 1335 4463 uerba
1349 4406 1476 4472 tenuerit,
1503 4406 1572 4464 alies
1585 4407 1620 4461 ad
1643 4406 1767 4462 eamdem
1790 4409 1954 4465 sententiaro

310 4506 334 4551 et
349 4514 402 4553 ruo
425 4496 512 4553 bibere
534 4497 623 4552 naum
643 4495 733 4569 (Rem.
753 4496 820 4569 rra).
851 4497 884 4552 lit
901 4498 1039 4567 apostolus
1052 4498 1104 4555 Pe·
1157 4498 1317 4555 santiliarius
1337 4497 1525 4568 explicandam
1548 4498 1631 4553 rerba
1656 4510 1793 4563 narrasse,
1814 4506 1845 4552 ut
1856 4497 1956 4554 intelli-

310 4597 388 4645 trua:
414 4586 574 4654 llinirtrete,
590 4587 690 4657 inquit,
708 4587 736 4641 in
749 4587 801 4656 pide
815 4597 900 4641 uestra
921 4587 1053 4655 virtutem,
1077 4591 1106 4645 in
1156 4596 1236 4661 qatur
1252 4588 1303 4643 boe
1321 4588 1425 4643 dictum
1446 4602 1507 4643 esse
1521 4588 1555 4644 ab
1579 4587 1715 4654 omuibus,
1740 4596 1870 4658 tauquam
1883 4588 1956 4645 dice-

311 4682 407 4735 rirtate
417 4688 505 4735 auteur
525 4678 676 4741 selemiam,
694 4679 721 4732 io
741 4679 850 4733 scientia
864 4688 951 4733 auteur
971 4679 1106 4736 abstinen-
1159 4686 1249 4735 retur:
1262 4678 1292 4733 br
1305 4686 1331 4732 te
1340 4676 1470 4747 placitum
1481 4689 1571 4732 meum
1584 4676 1724 4742 carustitui,
1736 4677 1787 4733 boc
1800 4687 1853 4744 est,
1866 4694 1915 4749 per
1928 4688 1956 4735 te

310 4770 388 4837 ιὲιιιι,
410 4769 612 4825 inabstinentia
633 4780 721 4825 ratem
741 4770 911 4839 patientiam,
937 4771 1106 4842 inpatientia
1159 4787 1265 4842 gerere,
1276 4770 1348 4841 quod
1358 4769 1423 4825 urilri
1436 4771 1534 4839 placet.
1551 4768 1711 4841 (litamus.)
1726 4770 1796 4840 lingo
1808 4770 1893 4828 Filius
1906 4771 1956 4828 lici

311 4869 400 4915 αιοιι
418 4859 552 4929 pietatem,
571 4860 705 4928 inpietate
719 4868 806 4913 retent
819 4875 935 4915 umorem
949 4860 1105 4930 [ruteruita-
1119 4831 1145 4890 D
1157 4867 1310 4937 baptisatur
1324 4866 1352 4919 iu
1376 4863 1496 4928 bomine,
1521 4863 1638 4933 Spiritus
1651 4861 1699 4919 Ilei
1712 4863 1851 4920 descendit
1866 4864 1893 4920 iu
1907 4880 1955 4920 cd·

311 4950 346 5007 tia
361 4948 407 5022 (ll
419 4948 492 5005 Patr.
512 4952 543 5020 r).
556 4950 692 5005 Gemitum
703 4963 753 5020 pro
765 4958 847 5006 cantu
861 4952 952 5007 babet.
968 4952 1060 5010 lliseri
1069 4956 1106 5011 ei·
1158 4957 1262 5024 luruba,
1282 4958 1363 5013 Pater
1376 4958 1447 5012 beas
1460 4963 1538 5011 sonat
1557 4956 1584 5010 iu
1598 4967 1675 5020 voce,
1690 4962 1792 5010 sanctae
1813 4961 1841 5009 et
1855 4954 1955 5009 inclini·

311 5060 374 5103 raas
387 5053 416 5102 et
432 5045 581 5117 lugeamus,
604 5053 634 5099 et
653 5044 792 5116 ploramus
813 5060 906 5103 coram
919 5046 1046 5114 bomine
1060 5050 1106 5120 qui
1159 5051 1219 5107 duae
1231 5050 1374 5107 Trinitatis
1390 5051 1419 5106 in
1444 5050 1580 5122 baptismo
1605 5049 1760 5106 declaratur
1784 5050 1953 5120 mysterium.

312 5140 378 5196 lesit
389 5154 449 5195 ues.
466 5139 545 5194 llisus
559 5147 652 5195 nester
665 5139 693 5193 in
705 5139 808 5195 luctum
817 5146 992 5196 convertatur
1002 5149 1030 5196 et
1043 5156 1108 5212 qau-
1159 5144 1193 5199 Et
1204 5151 1288 5204 recte,
1313 5151 1343 5197 ut
1363 5143 1409 5212 qui
1433 5148 1665 5199 sacramentorum
1681 5154 1793 5197 suorum
1816 5139 1956 5209 dispensa·

312 5233 388 5288 diuur
400 5232 427 5287 in
441 5246 596 5287 moererem.
609 5229 766 5286 Bearierrim
779 5229 904 5301 iaqenter,
924 5232 1049 5302 quonium
1059 5233 1109 5303 ipsi
1162 5234 1264 5290 toribus
1287 5242 1349 5287 erat
1371 5241 1556 5303 praecepturus
1578 5231 1672 5285 docere
1697 5245 1785 5286 omnes
1809 5239 1908 5299 pentes,
1931 5237 1955 5282 et

312 5321 633 5393 sauciabanturfflattb.
645 5320 682 5393 v).
695 5321 784 5394 Super
794 5337 879 5393 aquas
892 5323 987 5379 sedere
996 5339 1109 5380 censue-
1161 5324 1293 5393 buptiaere
1305 5338 1348 5378 cca
1359 5325 1387 5376 in
1408 5323 1513 5377 nornine
1533 5320 1634 5387 Petris,
1658 5330 1682 5375 et
1700 5318 1775 5384 Filii,
1791 5328 1816 5372 et
1839 5319 1955 5388 Spiritus

314 5416 363 5481 ait,
385 5422 416 5470 ut
426 5415 532 5471 uenturi
547 5421 653 5484 raptum
673 5413 824 5485 accipiuis,
843 5414 957 5483 praevisa
982 5414 1010 5470 in
1030 5416 1109 5484 aquis
1159 5418 1253 5481 suncti,
1269 5417 1374 5487 priruue
1388 5414 1445 5483 ipse
1455 5414 1542 5470 moto
1556 5413 1717 5484 baptismate
1731 5420 1955 5479 tomrnpersoua-

314 5507 424 5573 crebra,
433 5505 564 5572 declinet;
576 5520 609 5560 ae
623 5503 804 5561 mundatoriis
810 5503 1013 5572 Scripturarum
1025 5501 1109 5557 duco·
1160 5507 1222 5562 liter
1235 5505 1367 5576 panderet
1376 5504 1471 5559 adesse
1482 5504 1650 5561 Trinitatem.
1665 5501 1741 5569 Quod
1753 5508 1843 5554 autom
1854 5499 1893 5553 ait
1903 5513 1954 5554 ror

315 5598 352 5655 tis
368 5597 455 5654 seduli
468 5599 588 5653 assidere
598 5610 735 5662 eureruus,
748 5609 862 5665 quarum
877 5594 993 5664 speculis
1006 5594 1106 5656 edocti,
1160 5607 1292 5670 paterna:
1309 5595 1361 5651 llic
1378 5605 1418 5650 ert
1431 5594 1519 5650 Filius
1539 5612 1612 5651 oureus
1632 5595 1751 5658 dilectae,
1773 5593 1800 5645 iu
1819 5608 1870 5663 qno
1889 5593 1954 5646 milri

316 5688 473 5760 ‘liquescere
482 5696 510 5743 et
520 5702 673 5758 precavere
684 5686 821 5741 ualeamus
835 5685 946 5740 insidias
958 5685 1045 5741 bostis
1057 5685 1108 5739 iui-
1160 5687 1316 5759 roorplaeui,
1332 5687 1365 5742 ad
1379 5686 1610 5756 comparationem
1623 5682 1723 5738 terreni
1738 5680 1858 5737 bominis
1877 5681 1952 5747 dicit,

314 5778 372 5849 qui.
391 5776 606 5835 llaeedeuatura
616 5777 747 5834 columba
758 5777 1003 5845 septemvinmum
1019 5790 1108 5831 excor-
1160 5778 1257 5848 inquo
1286 5788 1416 5849 peccante
1440 5776 1637 5848 quodammodo
1660 5788 1690 5830 se
1714 5774 1768 5829 sibl
1785 5772 1955 5844 displicuisse

315 5870 358 5941 pla
376 5884 606 5927 cornuremorasse
623 5869 748 5935 subiciat,
769 5878 797 5925 et
817 5878 890 5924 recte
904 5866 1030 5934 sortasse,
1043 5868 1106 5938 quia
1159 5868 1231 5925 licus
1248 5870 1372 5925 corrditor
1385 5869 1513 5933 insinuat,
1526 5881 1588 5922 crrm
1609 5865 1664 5921 ait:
1685 5862 1797 5920 Pendet
1817 5880 1857 5919 me
1870 5864 1955 5919 iomi-

316 5962 435 6036 Spiritus
445 5965 543 6031 salicti,
566 5965 612 6035 qui
625 5966 651 6019 iu
663 5962 787 6020 columba
807 5961 957 6028 descendit,
982 5961 1107 6032 septilor·
1160 5978 1218 6017 κειιι
1231 5962 1323 6031 secisse
1335 5963 1361 6017 in
1381 5958 1602 6033 terraturium).
1619 5958 1782 6015 l’oeuitentia
1800 5955 1910 6028 «paridem
1925 5954 1953 6011 iu

318 6052 422 6113 urises'i
449 6058 545 6129 gratia.
570 6054 672 6128 (Grep.)
697 6054 751 6110 Sed
774 6055 1065 6125 qurerernluruesteur
1079 6053 1107 6106 in
1160 6052 1245 6109 ὓειιιιι
1261 6053 1333 6109 urdlo
1359 6054 1443 6117 cadit,
1470 6053 1517 6109 aed
1541 6058 1634 6107 uestro
1659 6063 1734 6104 urere
1758 6047 1883 6121 loqueos,
1906 6045 1954 6117 qul

514 6151 654 6211 Parnoi.
678 6148 772 6210 Cl'll.
1097 6225 1100 6231 .
1695 6140 1738 6202 ut
