<?xml version="1.0" encoding="UTF-8"?>
<!DOCTYPE html PUBLIC "-//W3C//DTD XHTML 1.0 Transitional//EN"
    "http://www.w3.org/TR/xhtml1/DTD/xhtml1-transitional.dtd">
<html xmlns="http://www.w3.org/1999/xhtml" xml:lang="en" lang="en">
 <head>
  <title>
</title>
<meta http-equiv="Content-Type" content="text/html;charset=utf-8" />
  <meta name='ocr-system' content='tesseract 3.04.00' />
  <meta name='ocr-capabilities' content='ocr_page ocr_carea ocr_par ocr_line ocrx_word'/>
</head>
<body>
  <div class='ocr_page' id='page_1' title='image "./patrologiaecurs88unkngoog/patrologiaecurs88unkngoog_0528.png"; bbox 0 0 4509 6850; ppageno 0'>
   <div class='ocr_carea' id='block_1_1' title="bbox 307 632 376 689">
    <p class='ocr_par' dir='ltr' id='par_1_1' title="bbox 307 632 376 689">
     <span class='ocr_line' id='line_1_1' title="bbox 307 632 376 689; baseline -0.014 -1"><span class='ocrx_word' id='word_1_1' title='bbox 307 632 376 689; x_wconf 80' lang='lat' dir='ltr'><strong>lbb‘l</strong></span> 
     </span>
    </p>
   </div>
   <div class='ocr_carea' id='block_1_2' title="bbox 642 619 1617 685">
    <p class='ocr_par' dir='ltr' id='par_1_2' title="bbox 642 619 1617 685">
     <span class='ocr_line' id='line_1_2' title="bbox 642 619 1617 685; baseline -0.009 -1"><span class='ocrx_word' id='word_1_2' title='bbox 642 630 672 685; x_wconf 86' lang='lat' dir='ltr'><strong>b.</strong></span> <span class='ocrx_word' id='word_1_3' title='bbox 693 627 818 685; x_wconf 76' lang='lat' dir='ltr'><strong>lldBle</strong></span> <span class='ocrx_word' id='word_1_4' title='bbox 838 626 946 683; x_wconf 83' lang='lat' dir='ltr'><strong>tttttlttt</strong></span> <span class='ocrx_word' id='word_1_5' title='bbox 966 624 1125 680; x_wconf 76' lang='lat' dir='ltr'><strong>anctttee.</strong></span> <span class='ocrx_word' id='word_1_6' title='bbox 1147 622 1304 680; x_wconf 74' lang='lat' dir='ltr'><strong>nocent.</strong></span> <span class='ocrx_word' id='word_1_7' title='bbox 1323 619 1467 681; x_wconf 74' lang='lat' dir='ltr'><strong>beenbtt</strong></span> <span class='ocrx_word' id='word_1_8' title='bbox 1487 619 1577 678; x_wconf 78' lang='lat' dir='ltr'><strong>PARS</strong></span> <span class='ocrx_word' id='word_1_9' title='bbox 1596 620 1617 676; x_wconf 90' lang='lat' dir='ltr'><strong>l.</strong></span> 
     </span>
    </p>
   </div>
   <div class='ocr_carea' id='block_1_3' title="bbox 1873 619 1945 675">
    <p class='ocr_par' dir='ltr' id='par_1_3' title="bbox 1873 619 1945 675">
     <span class='ocr_line' id='line_1_3' title="bbox 1873 619 1945 675; baseline 0.056 -3"><span class='ocrx_word' id='word_1_10' title='bbox 1873 619 1945 675; x_wconf 70' lang='lat' dir='ltr'><strong>tcttt</strong></span> 
     </span>
    </p>
   </div>
   <div class='ocr_carea' id='block_1_4' title="bbox 308 736 1945 811">
    <p class='ocr_par' dir='ltr' id='par_1_4' title="bbox 308 736 1945 811">
     <span class='ocr_line' id='line_1_4' title="bbox 308 736 1945 811; baseline -0.013 0"><span class='ocrx_word' id='word_1_11' title='bbox 308 750 484 811; x_wconf 82' lang='lat' dir='ltr'><strong>bundlitatcnt</strong></span> <span class='ocrx_word' id='word_1_12' title='bbox 497 755 524 801; x_wconf 91' lang='lat' dir='ltr'><strong>et</strong></span> <span class='ocrx_word' id='word_1_13' title='bbox 544 746 744 811; x_wconf 86' lang='lat' dir='ltr'><strong>innocentiam,</strong></span> <span class='ocrx_word' id='word_1_14' title='bbox 759 746 785 798; x_wconf 94' lang='lat' dir='ltr'><strong>in</strong></span> <span class='ocrx_word' id='word_1_15' title='bbox 799 759 831 798; x_wconf 91' lang='lat' dir='ltr'><strong>eo</strong></span> <span class='ocrx_word' id='word_1_16' title='bbox 845 742 968 798; x_wconf 82' lang='lat' dir='ltr'><strong>Cltristus</strong></span> <span class='ocrx_word' id='word_1_17' title='bbox 981 741 1093 809; x_wconf 89' lang='lat' dir='ltr'><strong>suscipi·</strong></span> <span class='ocrx_word' id='word_1_18' title='bbox 1109 740 1133 799; x_wconf 78' lang='grc' dir='ltr'>Α</span> <span class='ocrx_word' id='word_1_19' title='bbox 1147 740 1212 794; x_wconf 92' lang='lat' dir='ltr'><strong>titur</strong></span> <span class='ocrx_word' id='word_1_20' title='bbox 1225 737 1308 795; x_wconf 84' lang='lat' dir='ltr'><strong>ludas</strong></span> <span class='ocrx_word' id='word_1_21' title='bbox 1325 755 1333 805; x_wconf 84' lang='lat'><strong>,</strong></span> <span class='ocrx_word' id='word_1_22' title='bbox 1359 739 1404 809; x_wconf 88' lang='lat' dir='ltr'><strong>qni</strong></span> <span class='ocrx_word' id='word_1_23' title='bbox 1430 737 1576 808; x_wconf 76' lang='lat' dir='ltr'>proditioni</span> <span class='ocrx_word' id='word_1_24' title='bbox 1594 736 1713 791; x_wconf 76' lang='lat' dir='ltr'><strong>arrianum</strong></span> <span class='ocrx_word' id='word_1_25' title='bbox 1728 744 1945 805; x_wconf 70' lang='lat' dir='ltr'><strong>praepararerat.</strong></span> 
     </span>
    </p>
   </div>
   <div class='ocr_carea' id='block_1_5' title="bbox 292 833 1100 2356">
    <p class='ocr_par' dir='ltr' id='par_1_5' title="bbox 292 833 1100 2356">
     <span class='ocr_line' id='line_1_5' title="bbox 306 833 1097 911; baseline -0.019 -10"><span class='ocrx_word' id='word_1_26' title='bbox 306 856 360 901; x_wconf 86' lang='lat' dir='ltr'><strong>tur.</strong></span> <span class='ocrx_word' id='word_1_27' title='bbox 376 842 410 897; x_wconf 85' lang='lat' dir='ltr'><strong>Et</strong></span> <span class='ocrx_word' id='word_1_28' title='bbox 421 841 568 911; x_wconf 70' lang='lat' dir='ltr'><strong>prudenter</strong></span> <span class='ocrx_word' id='word_1_29' title='bbox 590 855 638 901; x_wconf 91' lang='lat' dir='ltr'><strong>ne,</strong></span> <span class='ocrx_word' id='word_1_30' title='bbox 664 853 724 892; x_wconf 91' lang='lat' dir='ltr'><strong>cum</strong></span> <span class='ocrx_word' id='word_1_31' title='bbox 746 836 863 892; x_wconf 90' lang='lat' dir='ltr'><strong>delatum</strong></span> <span class='ocrx_word' id='word_1_32' title='bbox 877 834 957 890; x_wconf 71' lang='lat' dir='ltr'><strong>litent</strong></span> <span class='ocrx_word' id='word_1_33' title='bbox 969 833 1097 904; x_wconf 90' lang='lat' dir='ltr'><strong>apostolis</strong></span> 
     </span>
     <span class='ocr_line' id='line_1_6' title="bbox 306 924 1098 1005; baseline -0.018 -14"><span class='ocrx_word' id='word_1_34' title='bbox 306 935 442 1005; x_wconf 73' lang='lat' dir='ltr'><strong>fastigium</strong></span> <span class='ocrx_word' id='word_1_35' title='bbox 457 930 579 995; x_wconf 77' lang='lat' dir='ltr'><strong>lionoris,</strong></span> <span class='ocrx_word' id='word_1_36' title='bbox 593 944 622 983; x_wconf 87' lang='lat' dir='ltr'><strong>se</strong></span> <span class='ocrx_word' id='word_1_37' title='bbox 632 935 727 999; x_wconf 88' lang='lat' dir='ltr'><strong>putent</strong></span> <span class='ocrx_word' id='word_1_38' title='bbox 739 928 907 991; x_wconf 86' lang='lat' dir='ltr'><strong>honoratos,</strong></span> <span class='ocrx_word' id='word_1_39' title='bbox 927 924 1026 993; x_wconf 79' lang='lat' dir='ltr'><strong>adjecit</strong></span> <span class='ocrx_word' id='word_1_40' title='bbox 1044 939 1098 978; x_wconf 95' lang='lat' dir='ltr'><strong>non</strong></span> 
     </span>
     <span class='ocr_line' id='line_1_7' title="bbox 292 1017 1060 1090; baseline -0.018 -7"><span class='ocrx_word' id='word_1_41' title='bbox 292 1026 367 1083; x_wconf 79' lang='lat' dir='ltr'><strong>,illas</strong></span> <span class='ocrx_word' id='word_1_42' title='bbox 386 1024 427 1079; x_wconf 90' lang='lat' dir='ltr'><strong>sui</strong></span> <span class='ocrx_word' id='word_1_43' title='bbox 443 1021 540 1077; x_wconf 90' lang='lat' dir='ltr'><strong>merito</strong></span> <span class='ocrx_word' id='word_1_44' title='bbox 553 1021 600 1075; x_wconf 88' lang='lat' dir='ltr'><strong>sed</strong></span> <span class='ocrx_word' id='word_1_45' title='bbox 614 1020 735 1090; x_wconf 88' lang='lat' dir='ltr'><strong>magistri</strong></span> <span class='ocrx_word' id='word_1_46' title='bbox 753 1020 855 1073; x_wconf 84' lang='lat' dir='ltr'>honore</span> <span class='ocrx_word' id='word_1_47' title='bbox 867 1017 1060 1085; x_wconf 88' lang='lat' dir='ltr'><strong>suscipiendos.</strong></span> 
     </span>
     <span class='ocr_line' id='line_1_8' title="bbox 342 1105 1098 1181; baseline -0.013 -11"><span class='ocrx_word' id='word_1_48' title='bbox 342 1115 394 1181; x_wconf 74' lang='lat' dir='ltr'><strong>Qut</strong></span> <span class='ocrx_word' id='word_1_49' title='bbox 404 1124 490 1168; x_wconf 85' lang='lat' dir='ltr'><strong>autem</strong></span> <span class='ocrx_word' id='word_1_50' title='bbox 504 1110 720 1167; x_wconf 71' lang='lat' dir='ltr'><strong>scandalizaverit</strong></span> <span class='ocrx_word' id='word_1_51' title='bbox 734 1126 815 1163; x_wconf 81' lang='lat' dir='ltr'><strong>atram</strong></span> <span class='ocrx_word' id='word_1_52' title='bbox 827 1111 859 1163; x_wconf 82' lang='lat' dir='ltr'><strong>de</strong></span> <span class='ocrx_word' id='word_1_53' title='bbox 869 1109 971 1180; x_wconf 75' lang='lat' dir='ltr'><strong>pusillis</strong></span> <span class='ocrx_word' id='word_1_54' title='bbox 982 1105 1039 1162; x_wconf 82' lang='lat' dir='ltr'><strong>istic</strong></span> <span class='ocrx_word' id='word_1_55' title='bbox 1053 1109 1098 1179; x_wconf 85' lang='lat' dir='ltr'><strong>qai</strong></span> 
     </span>
     <span class='ocr_line' id='line_1_9' title="bbox 304 1198 1099 1271; baseline -0.009 -13"><span class='ocrx_word' id='word_1_56' title='bbox 304 1207 332 1258; x_wconf 88' lang='lat' dir='ltr'><strong>in</strong></span> <span class='ocrx_word' id='word_1_57' title='bbox 344 1221 385 1258; x_wconf 83' lang='lat' dir='ltr'><strong>are</strong></span> <span class='ocrx_word' id='word_1_58' title='bbox 397 1203 517 1266; x_wconf 81' lang='lat' dir='ltr'><strong>credunt,</strong></span> <span class='ocrx_word' id='word_1_59' title='bbox 528 1201 629 1271; x_wconf 76' lang='lat' dir='ltr'><strong>repetiit</strong></span> <span class='ocrx_word' id='word_1_60' title='bbox 642 1201 667 1254; x_wconf 86' lang='lat' dir='ltr'><strong>ei</strong></span> <span class='ocrx_word' id='word_1_61' title='bbox 680 1210 708 1253; x_wconf 87' lang='lat' dir='ltr'><strong>ut</strong></span> <span class='ocrx_word' id='word_1_62' title='bbox 722 1199 898 1269; x_wconf 82' lang='lat' dir='ltr'><strong>atrapendotor</strong></span> <span class='ocrx_word' id='word_1_63' title='bbox 916 1198 985 1252; x_wconf 85' lang='lat' dir='ltr'><strong>raolo</strong></span> <span class='ocrx_word' id='word_1_64' title='bbox 1009 1200 1099 1252; x_wconf 80' lang='lat' dir='ltr'><strong>asino·</strong></span> 
     </span>
     <span class='ocr_line' id='line_1_10' title="bbox 306 1287 1097 1360; baseline -0.004 -16"><span class='ocrx_word' id='word_1_65' title='bbox 306 1294 347 1346; x_wconf 89' lang='lat' dir='ltr'><strong>rio</strong></span> <span class='ocrx_word' id='word_1_66' title='bbox 361 1293 388 1346; x_wconf 82' lang='lat' dir='ltr'><strong>t&#39;a</strong></span> <span class='ocrx_word' id='word_1_67' title='bbox 399 1291 466 1345; x_wconf 85' lang='lat' dir='ltr'><strong>collo</strong></span> <span class='ocrx_word' id='word_1_68' title='bbox 488 1291 546 1360; x_wconf 66' lang='lat' dir='ltr'><strong>ejrts</strong></span> <span class='ocrx_word' id='word_1_69' title='bbox 568 1298 591 1342; x_wconf 87' lang='lat' dir='ltr'><strong>ct</strong></span> <span class='ocrx_word' id='word_1_70' title='bbox 608 1288 774 1359; x_wconf 80' lang='lat' dir='ltr'><strong>deincrqntar</strong></span> <span class='ocrx_word' id='word_1_71' title='bbox 792 1289 818 1341; x_wconf 88' lang='lat' dir='ltr'><strong>ia</strong></span> <span class='ocrx_word' id='word_1_72' title='bbox 831 1287 991 1357; x_wconf 71' lang='lat' dir='ltr'><strong>prostantium</strong></span> <span class='ocrx_word' id='word_1_73' title='bbox 1003 1288 1097 1341; x_wconf 77' lang='lat' dir='ltr'><strong>tatoris.</strong></span> 
     </span>
     <span class='ocr_line' id='line_1_11' title="bbox 305 1378 1098 1452; baseline -0.004 -18"><span class='ocrx_word' id='word_1_74' title='bbox 305 1384 464 1451; x_wconf 75' lang='lat' dir='ltr'><strong>Quanquam</strong></span> <span class='ocrx_word' id='word_1_75' title='bbox 484 1379 617 1452; x_wconf 86' lang='lat' dir='ltr'><strong>generalis</strong></span> <span class='ocrx_word' id='word_1_76' title='bbox 629 1378 717 1448; x_wconf 88' lang='lat' dir='ltr'><strong>possit</strong></span> <span class='ocrx_word' id='word_1_77' title='bbox 731 1392 790 1432; x_wconf 88' lang='lat' dir='ltr'><strong>csse</strong></span> <span class='ocrx_word' id='word_1_78' title='bbox 808 1378 940 1432; x_wconf 88' lang='lat' dir='ltr'><strong>sententia</strong></span> <span class='ocrx_word' id='word_1_79' title='bbox 956 1378 1098 1431; x_wconf 82' lang='lat' dir='ltr'><strong>adrersmn</strong></span> 
     </span>
     <span class='ocr_line' id='line_1_12' title="bbox 305 1467 1099 1541; baseline -0.005 -15"><span class='ocrx_word' id='word_1_80' title='bbox 305 1487 400 1527; x_wconf 81' lang='grc' dir='ltr'>ιιιιιιιοε</span> <span class='ocrx_word' id='word_1_81' title='bbox 415 1471 460 1541; x_wconf 90' lang='lat' dir='ltr'><strong>qui</strong></span> <span class='ocrx_word' id='word_1_82' title='bbox 475 1471 592 1539; x_wconf 81' lang='lat' dir='ltr'><strong>aliquem</strong></span> <span class='ocrx_word' id='word_1_83' title='bbox 618 1468 812 1531; x_wconf 80' lang='lat' dir='ltr'><strong>scandalizent,</strong></span> <span class='ocrx_word' id='word_1_84' title='bbox 835 1477 924 1523; x_wconf 74' lang='lat' dir='ltr'><strong>tarraco</strong></span> <span class='ocrx_word' id='word_1_85' title='bbox 941 1467 1018 1537; x_wconf 79' lang='lat' dir='ltr'><strong>juata</strong></span> <span class='ocrx_word' id='word_1_86' title='bbox 1034 1484 1099 1522; x_wconf 85' lang='lat' dir='ltr'><strong>ron·</strong></span> 
     </span>
     <span class='ocr_line' id='line_1_13' title="bbox 305 1559 1099 1631; baseline 0.003 -17"><span class='ocrx_word' id='word_1_87' title='bbox 305 1562 474 1631; x_wconf 83' lang='lat' dir='ltr'><strong>sequentiam</strong></span> <span class='ocrx_word' id='word_1_88' title='bbox 490 1561 623 1615; x_wconf 91' lang='lat' dir='ltr'><strong>sermonis</strong></span> <span class='ocrx_word' id='word_1_89' title='bbox 637 1560 718 1613; x_wconf 86' lang='lat' dir='ltr'><strong>etiam</strong></span> <span class='ocrx_word' id='word_1_90' title='bbox 730 1568 825 1614; x_wconf 81' lang='lat' dir='ltr'><strong>corttra</strong></span> <span class='ocrx_word' id='word_1_91' title='bbox 844 1559 981 1628; x_wconf 84' lang='lat' dir='ltr'><strong>apostolos</strong></span> <span class='ocrx_word' id='word_1_92' title='bbox 995 1560 1099 1616; x_wconf 80' lang='lat' dir='ltr'><strong>dietttnt</strong></span> 
     </span>
     <span class='ocr_line' id='line_1_14' title="bbox 305 1649 1100 1722; baseline -0.005 -14"><span class='ocrx_word' id='word_1_93' title='bbox 305 1652 417 1722; x_wconf 78' lang='lat' dir='ltr'><strong>intelligi</strong></span> <span class='ocrx_word' id='word_1_94' title='bbox 430 1659 529 1721; x_wconf 91' lang='lat' dir='ltr'><strong>potest.</strong></span> <span class='ocrx_word' id='word_1_95' title='bbox 549 1651 599 1717; x_wconf 75' lang='lat' dir='ltr'><strong>ert</strong></span> <span class='ocrx_word' id='word_1_96' title='bbox 623 1651 813 1720; x_wconf 86' lang='lat' dir='ltr'><strong>interrogando</strong></span> <span class='ocrx_word' id='word_1_97' title='bbox 836 1650 898 1719; x_wconf 81' lang='lat' dir='ltr'><strong>quis</strong></span> <span class='ocrx_word' id='word_1_98' title='bbox 921 1649 1006 1718; x_wconf 83' lang='lat' dir='ltr'><strong>ntajor</strong></span> <span class='ocrx_word' id='word_1_99' title='bbox 1027 1659 1100 1704; x_wconf 90' lang='lat' dir='ltr'><strong>esset</strong></span> 
     </span>
     <span class='ocr_line' id='line_1_15' title="bbox 306 1739 1099 1814; baseline -0.005 -17"><span class='ocrx_word' id='word_1_100' title='bbox 306 1743 332 1797; x_wconf 93' lang='lat' dir='ltr'><strong>in</strong></span> <span class='ocrx_word' id='word_1_101' title='bbox 346 1757 430 1814; x_wconf 84' lang='lat' dir='ltr'><strong>regno</strong></span> <span class='ocrx_word' id='word_1_102' title='bbox 443 1740 585 1805; x_wconf 87' lang='lat' dir='ltr'><strong>eoelorum,</strong></span> <span class='ocrx_word' id='word_1_103' title='bbox 601 1739 761 1795; x_wconf 84' lang='lat' dir='ltr'><strong>ridebantur</strong></span> <span class='ocrx_word' id='word_1_104' title='bbox 781 1740 852 1794; x_wconf 90' lang='lat' dir='ltr'><strong>inter</strong></span> <span class='ocrx_word' id='word_1_105' title='bbox 871 1755 900 1795; x_wconf 91' lang='lat' dir='ltr'><strong>se</strong></span> <span class='ocrx_word' id='word_1_106' title='bbox 921 1740 953 1794; x_wconf 91' lang='lat' dir='ltr'><strong>de</strong></span> <span class='ocrx_word' id='word_1_107' title='bbox 967 1741 1099 1810; x_wconf 85' lang='lat' dir='ltr'><strong>dignitate</strong></span> 
     </span>
     <span class='ocr_line' id='line_1_16' title="bbox 305 1829 1100 1898; baseline -0.008 -10"><span class='ocrx_word' id='word_1_108' title='bbox 305 1830 483 1897; x_wconf 88' lang='lat' dir='ltr'><strong>contendcrc;</strong></span> <span class='ocrx_word' id='word_1_109' title='bbox 500 1840 527 1885; x_wconf 87' lang='grc' dir='ltr'>οι</span> <span class='ocrx_word' id='word_1_110' title='bbox 540 1831 562 1885; x_wconf 89' lang='lat' dir='ltr'><strong>si</strong></span> <span class='ocrx_word' id='word_1_111' title='bbox 589 1830 615 1885; x_wconf 94' lang='lat' dir='ltr'><strong>in</strong></span> <span class='ocrx_word' id='word_1_112' title='bbox 638 1831 689 1885; x_wconf 89' lang='lat' dir='ltr'><strong>boc</strong></span> <span class='ocrx_word' id='word_1_113' title='bbox 703 1829 766 1882; x_wconf 88' lang='lat' dir='ltr'><strong>ritia</strong></span> <span class='ocrx_word' id='word_1_114' title='bbox 781 1829 1004 1898; x_wconf 86' lang='lat' dir='ltr'><strong>permansissent,</strong></span> <span class='ocrx_word' id='word_1_115' title='bbox 1024 1838 1100 1897; x_wconf 88' lang='lat' dir='ltr'><strong>pote·</strong></span> 
     </span>
     <span class='ocr_line' id='line_1_17' title="bbox 307 1920 1100 1993; baseline -0.008 -15"><span class='ocrx_word' id='word_1_116' title='bbox 307 1932 369 1978; x_wconf 86' lang='lat' dir='ltr'><strong>rant</strong></span> <span class='ocrx_word' id='word_1_117' title='bbox 379 1937 427 1978; x_wconf 91' lang='lat' dir='ltr'><strong>eos</strong></span> <span class='ocrx_word' id='word_1_118' title='bbox 441 1937 510 1993; x_wconf 88' lang='lat' dir='ltr'><strong>quos</strong></span> <span class='ocrx_word' id='word_1_119' title='bbox 526 1921 559 1976; x_wconf 93' lang='lat' dir='ltr'><strong>ad</strong></span> <span class='ocrx_word' id='word_1_120' title='bbox 583 1920 662 1975; x_wconf 88' lang='lat' dir='ltr'><strong>tidem</strong></span> <span class='ocrx_word' id='word_1_121' title='bbox 677 1921 808 1975; x_wconf 72' lang='lat' dir='ltr'><strong>vocabant</strong></span> <span class='ocrx_word' id='word_1_122' title='bbox 822 1935 871 1991; x_wconf 88' lang='lat' dir='ltr'><strong>per</strong></span> <span class='ocrx_word' id='word_1_123' title='bbox 889 1936 968 1976; x_wconf 88' lang='lat' dir='ltr'><strong>suum</strong></span> <span class='ocrx_word' id='word_1_124' title='bbox 985 1920 1100 1975; x_wconf 83' lang='lat' dir='ltr'><strong>scanda-</strong></span> 
     </span>
     <span class='ocr_line' id='line_1_18' title="bbox 306 2011 1098 2085; baseline -0.005 -17"><span class='ocrx_word' id='word_1_125' title='bbox 306 2016 361 2069; x_wconf 92' lang='lat' dir='ltr'><strong>lum</strong></span> <span class='ocrx_word' id='word_1_126' title='bbox 387 2015 510 2085; x_wconf 87' lang='lat' dir='ltr'><strong>perdere,</strong></span> <span class='ocrx_word' id='word_1_127' title='bbox 534 2013 596 2067; x_wconf 87' lang='lat' dir='ltr'><strong>dum</strong></span> <span class='ocrx_word' id='word_1_128' title='bbox 612 2012 748 2081; x_wconf 86' lang='lat' dir='ltr'><strong>apostolos¹</strong></span> <span class='ocrx_word' id='word_1_129' title='bbox 764 2011 855 2066; x_wconf 89' lang='lat' dir='ltr'><strong>rident</strong></span> <span class='ocrx_word' id='word_1_130' title='bbox 875 2012 946 2067; x_wconf 89' lang='lat' dir='ltr'><strong>inter</strong></span> <span class='ocrx_word' id='word_1_131' title='bbox 959 2026 988 2066; x_wconf 90' lang='lat' dir='ltr'><strong>se</strong></span> <span class='ocrx_word' id='word_1_132' title='bbox 1001 2012 1034 2066; x_wconf 86' lang='lat' dir='ltr'><strong>de</strong></span> <span class='ocrx_word' id='word_1_133' title='bbox 1048 2011 1098 2065; x_wconf 90' lang='lat' dir='ltr'><strong>bo·</strong></span> 
     </span>
     <span class='ocr_line' id='line_1_19' title="bbox 304 2101 1100 2174; baseline -0.006 -16"><span class='ocrx_word' id='word_1_134' title='bbox 304 2119 371 2159; x_wconf 90' lang='lat' dir='ltr'><strong>nore</strong></span> <span class='ocrx_word' id='word_1_135' title='bbox 382 2118 513 2174; x_wconf 88' lang='lat' dir='ltr'><strong>pugnare.</strong></span> <span class='ocrx_word' id='word_1_136' title='bbox 530 2101 607 2167; x_wconf 84' lang='lat' dir='ltr'><strong>Quod</strong></span> <span class='ocrx_word' id='word_1_137' title='bbox 623 2110 713 2156; x_wconf 92' lang='lat' dir='ltr'><strong>autem</strong></span> <span class='ocrx_word' id='word_1_138' title='bbox 729 2102 797 2155; x_wconf 84' lang='lat' dir='ltr'><strong>dixit</strong></span> <span class='ocrx_word' id='word_1_139' title='bbox 812 2118 820 2154; x_wconf 76' lang='grc' dir='ltr'>ι</span> <span class='ocrx_word' id='word_1_140' title='bbox 839 2101 950 2171; x_wconf 84' lang='lat' dir='ltr'><strong>Eaperlr&#39;t</strong></span> <span class='ocrx_word' id='word_1_141' title='bbox 964 2102 989 2154; x_wconf 86' lang='lat' dir='ltr'><strong>ei</strong></span> <span class='ocrx_word' id='word_1_142' title='bbox 1003 2110 1031 2153; x_wconf 89' lang='grc' dir='ltr'><strong>ιιι</strong></span> <span class='ocrx_word' id='word_1_143' title='bbox 1042 2118 1100 2154; x_wconf 81' lang='lat' dir='ltr'><strong>sara-</strong></span> 
     </span>
     <span class='ocr_line' id='line_1_20' title="bbox 306 2189 1099 2266; baseline -0.001 -20"><span class='ocrx_word' id='word_1_144' title='bbox 306 2192 436 2266; x_wconf 81' lang='lat' dir='ltr'><strong>pcatlotar</strong></span> <span class='ocrx_word' id='word_1_145' title='bbox 444 2190 513 2244; x_wconf 86' lang='lat' dir='ltr'><strong>molo</strong></span> <span class='ocrx_word' id='word_1_146' title='bbox 526 2191 644 2244; x_wconf 76' lang='lat' dir='ltr'><strong>asinario</strong></span> <span class='ocrx_word' id='word_1_147' title='bbox 661 2191 688 2244; x_wconf 86' lang='lat' dir='ltr'><strong>in</strong></span> <span class='ocrx_word' id='word_1_148' title='bbox 700 2189 766 2243; x_wconf 90' lang='lat' dir='ltr'><strong>collo</strong></span> <span class='ocrx_word' id='word_1_149' title='bbox 778 2191 846 2260; x_wconf 81' lang='lat' dir='ltr'><strong>ejas,</strong></span> <span class='ocrx_word' id='word_1_150' title='bbox 858 2190 1006 2246; x_wconf 88' lang='lat' dir='ltr'><strong>seeundum</strong></span> <span class='ocrx_word' id='word_1_151' title='bbox 1018 2191 1099 2245; x_wconf 89' lang='lat' dir='ltr'><strong>ritum</strong></span> 
     </span>
     <span class='ocr_line' id='line_1_21' title="bbox 305 2278 1099 2356; baseline -0.004 -16"><span class='ocrx_word' id='word_1_152' title='bbox 305 2284 452 2356; x_wconf 75' lang='lat' dir='ltr'><strong>prouincia&gt;</strong></span> <span class='ocrx_word' id='word_1_153' title='bbox 476 2282 613 2351; x_wconf 87' lang='lat' dir='ltr'><strong>loquitur,</strong></span> <span class='ocrx_word' id='word_1_154' title='bbox 631 2282 703 2351; x_wconf 89' lang='lat' dir='ltr'><strong>quod</strong></span> <span class='ocrx_word' id='word_1_155' title='bbox 728 2278 860 2348; x_wconf 88' lang='lat' dir='ltr'><strong>majorum</strong></span> <span class='ocrx_word' id='word_1_156' title='bbox 884 2282 1027 2336; x_wconf 91' lang='lat' dir='ltr'><strong>criminum</strong></span> <span class='ocrx_word' id='word_1_157' title='bbox 1046 2283 1099 2337; x_wconf 89' lang='lat' dir='ltr'><strong>ista</strong></span> 
     </span>
    </p>
   </div>
   <div class='ocr_carea' id='block_1_6' title="bbox 305 2371 1119 2453">
    <p class='ocr_par' dir='ltr' id='par_1_6' title="bbox 305 2371 1119 2453">
     <span class='ocr_line' id='line_1_22' title="bbox 305 2371 1119 2453; baseline 0 -25"><span class='ocrx_word' id='word_1_158' title='bbox 305 2375 375 2445; x_wconf 91' lang='lat' dir='ltr'><strong>apud</strong></span> <span class='ocrx_word' id='word_1_159' title='bbox 388 2381 496 2429; x_wconf 75' lang='lat' dir='ltr'><strong>ueteres</strong></span> <span class='ocrx_word' id='word_1_160' title='bbox 517 2371 625 2428; x_wconf 77' lang='lat' dir='ltr'><strong>ludaeos</strong></span> <span class='ocrx_word' id='word_1_161' title='bbox 648 2388 727 2441; x_wconf 91' lang='lat' dir='ltr'><strong>poena</strong></span> <span class='ocrx_word' id='word_1_162' title='bbox 748 2372 849 2437; x_wconf 88' lang='lat' dir='ltr'><strong>luerit,</strong></span> <span class='ocrx_word' id='word_1_163' title='bbox 866 2381 897 2427; x_wconf 91' lang='lat' dir='ltr'><strong>ut</strong></span> <span class='ocrx_word' id='word_1_164' title='bbox 919 2374 944 2427; x_wconf 94' lang='lat' dir='ltr'><strong>in</strong></span> <span class='ocrx_word' id='word_1_165' title='bbox 964 2373 1119 2453; x_wconf 46' lang='lat' dir='ltr'><strong>profundo,</strong></span> 
     </span>
    </p>
   </div>
   <div class='ocr_carea' id='block_1_7' title="bbox 304 2462 1102 3355">
    <p class='ocr_par' dir='ltr' id='par_1_7' title="bbox 304 2462 1102 3355">
     <span class='ocr_line' id='line_1_23' title="bbox 305 2462 1099 2537; baseline -0.001 -17"><span class='ocrx_word' id='word_1_166' title='bbox 305 2467 389 2537; x_wconf 89' lang='lat' dir='ltr'><strong>ligato</strong></span> <span class='ocrx_word' id='word_1_167' title='bbox 407 2479 473 2520; x_wconf 84' lang='lat' dir='ltr'><strong>saxo</strong></span> <span class='ocrx_word' id='word_1_168' title='bbox 489 2464 710 2533; x_wconf 72' lang='lat' dir='ltr'><strong>demergerentur</strong></span> <span class='ocrx_word' id='word_1_169' title='bbox 725 2462 816 2535; x_wconf 79' lang='lat' dir='ltr'><strong>(Rae.)</strong></span> <span class='ocrx_word' id='word_1_170' title='bbox 832 2462 943 2533; x_wconf 65' lang='lat' dir='ltr'><strong>Expedit</strong></span> <span class='ocrx_word' id='word_1_171' title='bbox 962 2472 1053 2519; x_wconf 87' lang='lat' dir='ltr'><strong>autem</strong></span> <span class='ocrx_word' id='word_1_172' title='bbox 1074 2464 1099 2519; x_wconf 85' lang='lat' dir='ltr'><strong>ei</strong></span> 
     </span>
     <span class='ocr_line' id='line_1_24' title="bbox 305 2553 1099 2625; baseline -0.005 -12"><span class='ocrx_word' id='word_1_173' title='bbox 305 2558 384 2624; x_wconf 92' lang='lat' dir='ltr'><strong>dicit,</strong></span> <span class='ocrx_word' id='word_1_174' title='bbox 398 2557 462 2625; x_wconf 90' lang='lat' dir='ltr'><strong>quia</strong></span> <span class='ocrx_word' id='word_1_175' title='bbox 485 2553 570 2609; x_wconf 90' lang='lat' dir='ltr'><strong>multo</strong></span> <span class='ocrx_word' id='word_1_176' title='bbox 595 2553 687 2608; x_wconf 91' lang='lat' dir='ltr'><strong>utilius</strong></span> <span class='ocrx_word' id='word_1_177' title='bbox 709 2562 751 2608; x_wconf 86' lang='lat' dir='ltr'><strong>cst</strong></span> <span class='ocrx_word' id='word_1_178' title='bbox 764 2555 902 2608; x_wconf 83' lang='lat' dir='ltr'><strong>innoxium</strong></span> <span class='ocrx_word' id='word_1_179' title='bbox 924 2568 1005 2624; x_wconf 84' lang='lat' dir='ltr'><strong>poena</strong></span> <span class='ocrx_word' id='word_1_180' title='bbox 1019 2570 1099 2624; x_wconf 89' lang='lat' dir='ltr'><strong>quam</strong></span> 
     </span>
     <span class='ocr_line' id='line_1_25' title="bbox 306 2644 1100 2715; baseline -0.003 -13"><span class='ocrx_word' id='word_1_181' title='bbox 306 2645 494 2710; x_wconf 86' lang='lat' dir='ltr'><strong>atrocissima,</strong></span> <span class='ocrx_word' id='word_1_182' title='bbox 522 2644 684 2714; x_wconf 88' lang='lat' dir='ltr'><strong>temporaria</strong></span> <span class='ocrx_word' id='word_1_183' title='bbox 704 2652 815 2709; x_wconf 78' lang='lat' dir='ltr'><strong>tanneia,</strong></span> <span class='ocrx_word' id='word_1_184' title='bbox 835 2644 919 2715; x_wconf 83' lang='lat' dir='ltr'><strong>vitam</strong></span> <span class='ocrx_word' id='word_1_185' title='bbox 939 2644 1018 2699; x_wconf 87' lang='lat' dir='ltr'><strong>linire</strong></span> <span class='ocrx_word' id='word_1_186' title='bbox 1039 2660 1100 2700; x_wconf 91' lang='lat' dir='ltr'><strong>cor·</strong></span> 
     </span>
     <span class='ocr_line' id='line_1_26' title="bbox 305 2735 1100 2812; baseline -0.009 -17"><span class='ocrx_word' id='word_1_187' title='bbox 305 2754 427 2811; x_wconf 85' lang='lat' dir='ltr'><strong>porcam,</strong></span> <span class='ocrx_word' id='word_1_188' title='bbox 438 2752 519 2812; x_wconf 84' lang='lat' dir='ltr'><strong>quam</strong></span> <span class='ocrx_word' id='word_1_189' title='bbox 539 2736 660 2810; x_wconf 73' lang='lat' dir='ltr'><strong>laedendo</strong></span> <span class='ocrx_word' id='word_1_190' title='bbox 673 2735 785 2790; x_wconf 89' lang='lat' dir='ltr'><strong>lrntrem</strong></span> <span class='ocrx_word' id='word_1_191' title='bbox 799 2744 914 2789; x_wconf 83' lang='lat' dir='ltr'><strong>mortem</strong></span> <span class='ocrx_word' id='word_1_192' title='bbox 927 2735 1024 2789; x_wconf 80' lang='lat' dir='ltr'><strong>anima</strong></span> <span class='ocrx_word' id='word_1_193' title='bbox 1040 2749 1100 2789; x_wconf 85' lang='lat' dir='ltr'><strong>mc·</strong></span> 
     </span>
     <span class='ocr_line' id='line_1_27' title="bbox 306 2824 1102 2898; baseline -0.006 -15"><span class='ocrx_word' id='word_1_194' title='bbox 306 2829 360 2885; x_wconf 90' lang='lat' dir='ltr'><strong>reri</strong></span> <span class='ocrx_word' id='word_1_195' title='bbox 377 2836 547 2898; x_wconf 85' lang='lat' dir='ltr'><strong>perpetuam.</strong></span> <span class='ocrx_word' id='word_1_196' title='bbox 566 2824 649 2881; x_wconf 83' lang='lat' dir='ltr'><strong>llecte</strong></span> <span class='ocrx_word' id='word_1_197' title='bbox 661 2833 750 2881; x_wconf 91' lang='lat' dir='ltr'><strong>autem</strong></span> <span class='ocrx_word' id='word_1_198' title='bbox 764 2825 810 2895; x_wconf 89' lang='lat' dir='ltr'><strong>qui</strong></span> <span class='ocrx_word' id='word_1_199' title='bbox 822 2824 1000 2881; x_wconf 76' lang='lat' dir='ltr'><strong>scamdalizari</strong></span> <span class='ocrx_word' id='word_1_200' title='bbox 1011 2834 1102 2896; x_wconf 88' lang='lat' dir='ltr'><strong>potest</strong></span> 
     </span>
     <span class='ocr_line' id='line_1_28' title="bbox 304 2918 1100 2991; baseline -0.003 -16"><span class='ocrx_word' id='word_1_201' title='bbox 304 2920 418 2991; x_wconf 90' lang='lat' dir='ltr'><strong>pusillus</strong></span> <span class='ocrx_word' id='word_1_202' title='bbox 433 2918 598 2991; x_wconf 65' lang='lat' dir='ltr'><strong>appellatum</strong></span> <span class='ocrx_word' id='word_1_203' title='bbox 613 2918 658 2987; x_wconf 91' lang='lat' dir='ltr'><strong>qui</strong></span> <span class='ocrx_word' id='word_1_204' title='bbox 675 2918 748 2972; x_wconf 89' lang='lat' dir='ltr'><strong>enim</strong></span> <span class='ocrx_word' id='word_1_205' title='bbox 771 2933 885 2990; x_wconf 87' lang='lat' dir='ltr'><strong>magnus</strong></span> <span class='ocrx_word' id='word_1_206' title='bbox 906 2926 957 2985; x_wconf 90' lang='lat' dir='ltr'><strong>cst,</strong></span> <span class='ocrx_word' id='word_1_207' title='bbox 975 2932 1100 2989; x_wconf 70' lang='lat' dir='ltr'><strong>quaecun-</strong></span> 
     </span>
     <span class='ocr_line' id='line_1_29' title="bbox 305 3008 1101 3082; baseline 0 -17"><span class='ocrx_word' id='word_1_208' title='bbox 305 3025 359 3082; x_wconf 86' lang='lat' dir='ltr'><strong>que</strong></span> <span class='ocrx_word' id='word_1_209' title='bbox 373 3009 484 3076; x_wconf 80' lang='lat' dir='ltr'><strong>t&#39;iderit,</strong></span> <span class='ocrx_word' id='word_1_210' title='bbox 502 3022 670 3078; x_wconf 75' lang='lat' dir='ltr'><strong>quecunque</strong></span> <span class='ocrx_word' id='word_1_211' title='bbox 689 3023 784 3079; x_wconf 89' lang='lat' dir='ltr'><strong>passas</strong></span> <span class='ocrx_word' id='word_1_212' title='bbox 806 3008 898 3074; x_wconf 88' lang='lat' dir='ltr'><strong>luerit,</strong></span> <span class='ocrx_word' id='word_1_213' title='bbox 917 3025 970 3064; x_wconf 91' lang='lat' dir='ltr'><strong>non</strong></span> <span class='ocrx_word' id='word_1_214' title='bbox 983 3008 1101 3074; x_wconf 74' lang='lat' dir='ltr'><strong>declinat</strong></span> 
     </span>
     <span class='ocr_line' id='line_1_30' title="bbox 305 3099 1100 3173; baseline -0.003 -16"><span class='ocrx_word' id='word_1_215' title='bbox 305 3120 322 3157; x_wconf 87' lang='lat' dir='ltr'><strong>a</strong></span> <span class='ocrx_word' id='word_1_216' title='bbox 337 3100 404 3167; x_wconf 83' lang='lat' dir='ltr'><strong>dde;</strong></span> <span class='ocrx_word' id='word_1_217' title='bbox 419 3101 466 3173; x_wconf 90' lang='lat' dir='ltr'><strong>qni</strong></span> <span class='ocrx_word' id='word_1_218' title='bbox 479 3108 569 3155; x_wconf 75' lang='lat' dir='ltr'><strong>animm</strong></span> <span class='ocrx_word' id='word_1_219' title='bbox 583 3099 697 3170; x_wconf 89' lang='lat' dir='ltr'><strong>pusillus</strong></span> <span class='ocrx_word' id='word_1_220' title='bbox 717 3109 759 3155; x_wconf 89' lang='lat' dir='ltr'><strong>est</strong></span> <span class='ocrx_word' id='word_1_221' title='bbox 773 3100 864 3156; x_wconf 89' lang='lat' dir='ltr'><strong>animo</strong></span> <span class='ocrx_word' id='word_1_222' title='bbox 878 3106 905 3155; x_wconf 90' lang='lat' dir='ltr'><strong>cl</strong></span> <span class='ocrx_word' id='word_1_223' title='bbox 920 3116 1019 3172; x_wconf 77' lang='lat' dir='ltr'><strong>pareus</strong></span> <span class='ocrx_word' id='word_1_224' title='bbox 1031 3142 1039 3164; x_wconf 94' lang='lat'><strong>,</strong></span> <span class='ocrx_word' id='word_1_225' title='bbox 1053 3116 1100 3155; x_wconf 91' lang='lat' dir='ltr'><strong>oc-</strong></span> 
     </span>
     <span class='ocr_line' id='line_1_31' title="bbox 306 3191 1100 3262; baseline -0.001 -15"><span class='ocrx_word' id='word_1_226' title='bbox 306 3193 432 3247; x_wconf 90' lang='lat' dir='ltr'><strong>casiones</strong></span> <span class='ocrx_word' id='word_1_227' title='bbox 453 3191 551 3262; x_wconf 83' lang='lat' dir='ltr'><strong>quaerit</strong></span> <span class='ocrx_word' id='word_1_228' title='bbox 572 3191 708 3261; x_wconf 91' lang='lat' dir='ltr'><strong>quomodo</strong></span> <span class='ocrx_word' id='word_1_229' title='bbox 732 3191 939 3246; x_wconf 80' lang='lat' dir='ltr'><strong>scandalizetur.</strong></span> <span class='ocrx_word' id='word_1_230' title='bbox 953 3191 1100 3261; x_wconf 78' lang='lat' dir='ltr'><strong>Propterea</strong></span> 
     </span>
     <span class='ocr_line' id='line_1_32' title="bbox 306 3280 1098 3355; baseline -0.004 -15"><span class='ocrx_word' id='word_1_231' title='bbox 306 3287 423 3355; x_wconf 87' lang='lat' dir='ltr'><strong>deniqne</strong></span> <span class='ocrx_word' id='word_1_232' title='bbox 438 3292 546 3355; x_wconf 84' lang='lat' dir='ltr'><strong>oportet</strong></span> <span class='ocrx_word' id='word_1_233' title='bbox 560 3298 610 3339; x_wconf 92' lang='lat' dir='ltr'><strong>nos</strong></span> <span class='ocrx_word' id='word_1_234' title='bbox 622 3280 740 3338; x_wconf 83' lang='lat' dir='ltr'><strong>maxime</strong></span> <span class='ocrx_word' id='word_1_235' title='bbox 752 3284 795 3338; x_wconf 89' lang='lat' dir='ltr'><strong>bis</strong></span> <span class='ocrx_word' id='word_1_236' title='bbox 806 3283 946 3340; x_wconf 88' lang='lat' dir='ltr'><strong>consulere</strong></span> <span class='ocrx_word' id='word_1_237' title='bbox 961 3284 1009 3353; x_wconf 91' lang='lat' dir='ltr'><strong>qui</strong></span> <span class='ocrx_word' id='word_1_238' title='bbox 1023 3283 1098 3353; x_wconf 82' lang='lat' dir='ltr'><strong>parti</strong></span> 
     </span>
    </p>
   </div>
   <div class='ocr_carea' id='block_1_8' title="bbox 1148 825 1950 1075">
    <p class='ocr_par' dir='ltr' id='par_1_8' title="bbox 1148 825 1950 1075">
     <span class='ocr_line' id='line_1_33' title="bbox 1152 825 1946 900; baseline -0.004 -18"><span class='ocrx_word' id='word_1_239' title='bbox 1152 830 1223 884; x_wconf 83' lang='lat' dir='ltr'><strong>Dicit</strong></span> <span class='ocrx_word' id='word_1_240' title='bbox 1236 841 1264 884; x_wconf 93' lang='lat' dir='ltr'><strong>ct</strong></span> <span class='ocrx_word' id='word_1_241' title='bbox 1285 829 1448 900; x_wconf 72' lang='lat' dir='ltr'><strong>Apostolus:</strong></span> <span class='ocrx_word' id='word_1_242' title='bbox 1467 825 1574 897; x_wconf 87' lang='lat' dir='ltr'><strong>Oportet</strong></span> <span class='ocrx_word' id='word_1_243' title='bbox 1594 839 1680 880; x_wconf 84' lang='lat' dir='ltr'><strong>notem</strong></span> <span class='ocrx_word' id='word_1_244' title='bbox 1696 836 1719 879; x_wconf 90' lang='lat' dir='ltr'><strong>et</strong></span> <span class='ocrx_word' id='word_1_245' title='bbox 1734 827 1849 881; x_wconf 75' lang='lat' dir='ltr'><strong>narcara</strong></span> <span class='ocrx_word' id='word_1_246' title='bbox 1867 842 1946 888; x_wconf 79' lang='lat' dir='ltr'><strong>erae,</strong></span> 
     </span>
     <span class='ocr_line' id='line_1_34' title="bbox 1149 915 1950 990; baseline -0.001 -18"><span class='ocrx_word' id='word_1_247' title='bbox 1149 930 1177 973; x_wconf 86' lang='lat' dir='ltr'><strong>at</strong></span> <span class='ocrx_word' id='word_1_248' title='bbox 1192 920 1236 989; x_wconf 86' lang='lat' dir='ltr'><strong>qai</strong></span> <span class='ocrx_word' id='word_1_249' title='bbox 1249 920 1351 990; x_wconf 69' lang='lat' dir='ltr'><strong>probati</strong></span> <span class='ocrx_word' id='word_1_250' title='bbox 1364 928 1424 972; x_wconf 81' lang='lat' dir='ltr'><strong>ram</strong></span> <span class='ocrx_word' id='word_1_251' title='bbox 1440 917 1571 986; x_wconf 72' lang='lat' dir='ltr'><strong>mortisesti</strong></span> <span class='ocrx_word' id='word_1_252' title='bbox 1583 916 1648 984; x_wconf 73' lang='lat' dir='ltr'><strong>filant</strong></span> <span class='ocrx_word' id='word_1_253' title='bbox 1662 918 1689 968; x_wconf 86' lang='lat' dir='ltr'><strong>r&#39;n</strong></span> <span class='ocrx_word' id='word_1_254' title='bbox 1709 915 1790 969; x_wconf 82' lang='lat' dir='ltr'><strong>cobis.</strong></span> <span class='ocrx_word' id='word_1_255' title='bbox 1815 915 1950 986; x_wconf 83' lang='lat' dir='ltr'><strong>impossi-</strong></span> 
     </span>
     <span class='ocr_line' id='line_1_35' title="bbox 1148 998 1950 1075; baseline -0.006 -15"><span class='ocrx_word' id='word_1_256' title='bbox 1148 1005 1202 1060; x_wconf 89' lang='lat' dir='ltr'><strong>bile</strong></span> <span class='ocrx_word' id='word_1_257' title='bbox 1213 1015 1255 1061; x_wconf 88' lang='lat' dir='ltr'><strong>est</strong></span> <span class='ocrx_word' id='word_1_258' title='bbox 1265 1018 1329 1075; x_wconf 92' lang='lat' dir='ltr'><strong>ergo</strong></span> <span class='ocrx_word' id='word_1_259' title='bbox 1343 1014 1373 1058; x_wconf 97' lang='lat' dir='ltr'><strong>ut</strong></span> <span class='ocrx_word' id='word_1_260' title='bbox 1385 1003 1453 1057; x_wconf 91' lang='lat' dir='ltr'><strong>alius</strong></span> <span class='ocrx_word' id='word_1_261' title='bbox 1466 1001 1630 1072; x_wconf 74' lang='lat' dir='ltr'><strong>euangelista</strong></span> <span class='ocrx_word' id='word_1_262' title='bbox 1644 998 1720 1062; x_wconf 88' lang='lat' dir='ltr'><strong>dicit,</strong></span> <span class='ocrx_word' id='word_1_263' title='bbox 1735 1000 1761 1054; x_wconf 92' lang='lat' dir='ltr'><strong>in</strong></span> <span class='ocrx_word' id='word_1_264' title='bbox 1777 1001 1830 1056; x_wconf 91' lang='lat' dir='ltr'><strong>boc</strong></span> <span class='ocrx_word' id='word_1_265' title='bbox 1844 1002 1950 1055; x_wconf 88' lang='lat' dir='ltr'><strong>mando</strong></span> 
     </span>
    </p>
   </div>
   <div class='ocr_carea' id='block_1_9' title="bbox 1115 1090 1950 3361">
    <p class='ocr_par' dir='ltr' id='par_1_9' title="bbox 1115 1090 1950 3160">
     <span class='ocr_line' id='line_1_36' title="bbox 1149 1090 1950 1176; baseline -0.004 -26"><span class='ocrx_word' id='word_1_266' title='bbox 1149 1095 1473 1176; x_wconf 17' lang='lat' dir='ltr'><strong>erroribnsxaerumnisque</strong></span> <span class='ocrx_word' id='word_1_267' title='bbox 1486 1092 1642 1162; x_wconf 89' lang='lat' dir='ltr'><strong>plenissimo</strong></span> <span class='ocrx_word' id='word_1_268' title='bbox 1653 1090 1779 1145; x_wconf 85' lang='lat' dir='ltr'><strong>seandala</strong></span> <span class='ocrx_word' id='word_1_269' title='bbox 1794 1093 1950 1163; x_wconf 74' lang='lat' dir='ltr'><strong>sepissime</strong></span> 
     </span>
     <span class='ocr_line' id='line_1_37' title="bbox 1149 1183 1948 1253; baseline -0.005 -10"><span class='ocrx_word' id='word_1_270' title='bbox 1149 1202 1202 1243; x_wconf 92' lang='lat' dir='ltr'><strong>non</strong></span> <span class='ocrx_word' id='word_1_271' title='bbox 1216 1187 1318 1242; x_wconf 80' lang='lat' dir='ltr'><strong>venire.</strong></span> <span class='ocrx_word' id='word_1_272' title='bbox 1332 1187 1385 1242; x_wconf 87' lang='lat' dir='ltr'><strong>Sed</strong></span> <span class='ocrx_word' id='word_1_273' title='bbox 1399 1202 1440 1241; x_wconf 78' lang='lat' dir='ltr'><strong>rae</strong></span> <span class='ocrx_word' id='word_1_274' title='bbox 1455 1186 1493 1239; x_wconf 88' lang='lat' dir='ltr'><strong>illi</strong></span> <span class='ocrx_word' id='word_1_275' title='bbox 1505 1185 1551 1253; x_wconf 91' lang='lat' dir='ltr'><strong>qui</strong></span> <span class='ocrx_word' id='word_1_276' title='bbox 1566 1184 1637 1253; x_wconf 90' lang='lat' dir='ltr'><strong>qnod</strong></span> <span class='ocrx_word' id='word_1_277' title='bbox 1652 1183 1820 1252; x_wconf 74' lang='lat' dir='ltr'><strong>impossibile</strong></span> <span class='ocrx_word' id='word_1_278' title='bbox 1833 1192 1879 1238; x_wconf 89' lang='lat' dir='ltr'><strong>est</strong></span> <span class='ocrx_word' id='word_1_279' title='bbox 1894 1200 1948 1239; x_wconf 93' lang='lat' dir='ltr'><strong>nou</strong></span> 
     </span>
     <span class='ocr_line' id='line_1_38' title="bbox 1149 1275 1712 1346; baseline -0.011 -12"><span class='ocrx_word' id='word_1_280' title='bbox 1149 1283 1241 1336; x_wconf 80' lang='lat' dir='ltr'><strong>tenire</strong></span> <span class='ocrx_word' id='word_1_281' title='bbox 1251 1296 1300 1335; x_wconf 86' lang='lat' dir='ltr'><strong>suo</strong></span> <span class='ocrx_word' id='word_1_282' title='bbox 1314 1280 1378 1334; x_wconf 80' lang='lat' dir='ltr'><strong>titio</strong></span> <span class='ocrx_word' id='word_1_283' title='bbox 1389 1276 1454 1333; x_wconf 89' lang='lat' dir='ltr'><strong>lacit</strong></span> <span class='ocrx_word' id='word_1_284' title='bbox 1464 1283 1494 1331; x_wconf 68' lang='lat' dir='ltr'><strong>u&#39;t</strong></span> <span class='ocrx_word' id='word_1_285' title='bbox 1507 1289 1556 1346; x_wconf 91' lang='lat' dir='ltr'><strong>per</strong></span> <span class='ocrx_word' id='word_1_286' title='bbox 1569 1292 1598 1331; x_wconf 87' lang='lat' dir='ltr'><strong>sc</strong></span> <span class='ocrx_word' id='word_1_287' title='bbox 1611 1275 1712 1329; x_wconf 77' lang='lat' dir='ltr'><strong>veniat.</strong></span> 
     </span>
     <span class='ocr_line' id='line_1_39' title="bbox 1185 1367 1947 1436; baseline -0.008 -8"><span class='ocrx_word' id='word_1_288' title='bbox 1185 1372 1215 1429; x_wconf 85' lang='lat' dir='ltr'><strong>Si</strong></span> <span class='ocrx_word' id='word_1_289' title='bbox 1226 1383 1313 1427; x_wconf 84' lang='lat' dir='ltr'><strong>antem</strong></span> <span class='ocrx_word' id='word_1_290' title='bbox 1324 1387 1418 1425; x_wconf 79' lang='lat' dir='ltr'><strong>antonus</strong></span> <span class='ocrx_word' id='word_1_291' title='bbox 1436 1379 1494 1434; x_wconf 85' lang='lat' dir='ltr'><strong>toa,</strong></span> <span class='ocrx_word' id='word_1_292' title='bbox 1515 1368 1555 1422; x_wconf 85' lang='lat' dir='ltr'><strong>cel</strong></span> <span class='ocrx_word' id='word_1_293' title='bbox 1576 1384 1620 1436; x_wconf 86' lang='lat' dir='ltr'><strong>pes</strong></span> <span class='ocrx_word' id='word_1_294' title='bbox 1641 1377 1702 1424; x_wconf 83' lang='lat' dir='ltr'><strong>taus</strong></span> <span class='ocrx_word' id='word_1_295' title='bbox 1719 1367 1889 1421; x_wconf 81' lang='lat' dir='ltr'><strong>trorrdaliant</strong></span> <span class='ocrx_word' id='word_1_296' title='bbox 1903 1379 1947 1434; x_wconf 92' lang='lat' dir='ltr'><strong>te,</strong></span> 
     </span>
     <span class='ocr_line' id='line_1_40' title="bbox 1149 1460 1949 1532; baseline -0.008 -12"><span class='ocrx_word' id='word_1_297' title='bbox 1149 1467 1270 1521; x_wconf 83' lang='lat' dir='ltr'><strong>abscinde</strong></span> <span class='ocrx_word' id='word_1_298' title='bbox 1284 1482 1363 1529; x_wconf 83' lang='lat' dir='ltr'><strong>errat,</strong></span> <span class='ocrx_word' id='word_1_299' title='bbox 1379 1474 1403 1516; x_wconf 89' lang='lat' dir='ltr'><strong>ct</strong></span> <span class='ocrx_word' id='word_1_300' title='bbox 1420 1463 1518 1532; x_wconf 79' lang='lat' dir='ltr'><strong>projice</strong></span> <span class='ocrx_word' id='word_1_301' title='bbox 1542 1461 1588 1514; x_wconf 86' lang='lat' dir='ltr'><strong>aba</strong></span> <span class='ocrx_word' id='word_1_302' title='bbox 1603 1470 1649 1515; x_wconf 86' lang='lat' dir='ltr'><strong>le:</strong></span> <span class='ocrx_word' id='word_1_303' title='bbox 1666 1460 1763 1513; x_wconf 80' lang='lat' dir='ltr'><strong>bertuna</strong></span> <span class='ocrx_word' id='word_1_304' title='bbox 1784 1461 1833 1513; x_wconf 81' lang='lat' dir='ltr'><strong>det</strong></span> <span class='ocrx_word' id='word_1_305' title='bbox 1854 1471 1892 1514; x_wconf 84' lang='lat' dir='ltr'><strong>cst</strong></span> <span class='ocrx_word' id='word_1_306' title='bbox 1913 1463 1949 1515; x_wconf 83' lang='lat' dir='ltr'><strong>orl</strong></span> 
     </span>
     <span class='ocr_line' id='line_1_41' title="bbox 1149 1550 1948 1625; baseline -0.009 -14"><span class='ocrx_word' id='word_1_307' title='bbox 1149 1559 1228 1611; x_wconf 84' lang='lat' dir='ltr'><strong>citant</strong></span> <span class='ocrx_word' id='word_1_308' title='bbox 1243 1556 1344 1625; x_wconf 79' lang='lat' dir='ltr'><strong>lrrqrcdi</strong></span> <span class='ocrx_word' id='word_1_309' title='bbox 1365 1554 1486 1615; x_wconf 80' lang='lat' dir='ltr'><strong>debilem,</strong></span> <span class='ocrx_word' id='word_1_310' title='bbox 1507 1568 1585 1621; x_wconf 84' lang='lat' dir='ltr'><strong>quom</strong></span> <span class='ocrx_word' id='word_1_311' title='bbox 1608 1552 1789 1604; x_wconf 82' lang='lat' dir='ltr'><strong>decamanus</strong></span> <span class='ocrx_word' id='word_1_312' title='bbox 1816 1550 1857 1604; x_wconf 85' lang='lat' dir='ltr'><strong>cel</strong></span> <span class='ocrx_word' id='word_1_313' title='bbox 1880 1552 1948 1604; x_wconf 81' lang='lat' dir='ltr'><strong>datos</strong></span> 
     </span>
     <span class='ocr_line' id='line_1_42' title="bbox 1148 1645 1947 1718; baseline -0.004 -14"><span class='ocrx_word' id='word_1_314' title='bbox 1148 1651 1225 1718; x_wconf 85' lang='lat' dir='ltr'><strong>pedor</strong></span> <span class='ocrx_word' id='word_1_315' title='bbox 1238 1650 1373 1703; x_wconf 84' lang='lat' dir='ltr'><strong>larbcatom</strong></span> <span class='ocrx_word' id='word_1_316' title='bbox 1385 1649 1452 1701; x_wconf 85' lang='lat' dir='ltr'><strong>atilli</strong></span> <span class='ocrx_word' id='word_1_317' title='bbox 1468 1649 1495 1701; x_wconf 87' lang='lat' dir='ltr'><strong>t&#39;n</strong></span> <span class='ocrx_word' id='word_1_318' title='bbox 1508 1649 1592 1718; x_wconf 79' lang='lat' dir='ltr'><strong>ignem</strong></span> <span class='ocrx_word' id='word_1_319' title='bbox 1603 1657 1740 1701; x_wconf 78' lang='lat' dir='ltr'><strong>eternum.</strong></span> <span class='ocrx_word' id='word_1_320' title='bbox 1753 1645 1865 1718; x_wconf 78' lang='lat' dir='ltr'><strong>(Beda.)</strong></span> <span class='ocrx_word' id='word_1_321' title='bbox 1877 1647 1947 1715; x_wconf 81' lang='lat' dir='ltr'><strong>Quia</strong></span> 
     </span>
     <span class='ocr_line' id='line_1_43' title="bbox 1149 1737 1948 1814; baseline -0.003 -19"><span class='ocrx_word' id='word_1_322' title='bbox 1149 1756 1231 1811; x_wconf 89' lang='lat' dir='ltr'><strong>supra</strong></span> <span class='ocrx_word' id='word_1_323' title='bbox 1242 1740 1370 1795; x_wconf 87' lang='lat' dir='ltr'><strong>docuerat</strong></span> <span class='ocrx_word' id='word_1_324' title='bbox 1383 1754 1416 1793; x_wconf 88' lang='lat' dir='ltr'><strong>ne</strong></span> <span class='ocrx_word' id='word_1_325' title='bbox 1435 1739 1648 1814; x_wconf 80' lang='lat' dir='ltr'><strong>scandalizemus</strong></span> <span class='ocrx_word' id='word_1_326' title='bbox 1663 1753 1710 1793; x_wconf 90' lang='lat' dir='ltr'><strong>eos</strong></span> <span class='ocrx_word' id='word_1_327' title='bbox 1727 1739 1776 1807; x_wconf 91' lang='lat' dir='ltr'><strong>qni</strong></span> <span class='ocrx_word' id='word_1_328' title='bbox 1790 1739 1910 1793; x_wconf 87' lang='lat' dir='ltr'><strong>credunt</strong></span> <span class='ocrx_word' id='word_1_329' title='bbox 1921 1737 1948 1793; x_wconf 92' lang='lat' dir='ltr'><strong>in</strong></span> 
     </span>
     <span class='ocr_line' id='line_1_44' title="bbox 1150 1830 1950 1899; baseline -0.004 -12"><span class='ocrx_word' id='word_1_330' title='bbox 1150 1848 1223 1896; x_wconf 90' lang='lat' dir='ltr'><strong>eum,</strong></span> <span class='ocrx_word' id='word_1_331' title='bbox 1238 1846 1309 1886; x_wconf 91' lang='lat' dir='ltr'><strong>nunc</strong></span> <span class='ocrx_word' id='word_1_332' title='bbox 1323 1838 1521 1899; x_wconf 88' lang='lat' dir='ltr'><strong>consequenter</strong></span> <span class='ocrx_word' id='word_1_333' title='bbox 1545 1830 1673 1885; x_wconf 92' lang='lat' dir='ltr'><strong>admonet</strong></span> <span class='ocrx_word' id='word_1_334' title='bbox 1690 1836 1825 1899; x_wconf 92' lang='lat' dir='ltr'><strong>quantum</strong></span> <span class='ocrx_word' id='word_1_335' title='bbox 1849 1843 1950 1884; x_wconf 85' lang='lat' dir='ltr'><strong>carere</strong></span> 
     </span>
     <span class='ocr_line' id='line_1_45' title="bbox 1151 1917 1950 1990; baseline -0.004 -13"><span class='ocrx_word' id='word_1_336' title='bbox 1151 1922 1296 1977; x_wconf 87' lang='lat' dir='ltr'><strong>debeamus</strong></span> <span class='ocrx_word' id='word_1_337' title='bbox 1308 1936 1355 1977; x_wconf 87' lang='lat' dir='ltr'><strong>eos</strong></span> <span class='ocrx_word' id='word_1_338' title='bbox 1370 1921 1415 1990; x_wconf 91' lang='lat' dir='ltr'><strong>qui</strong></span> <span class='ocrx_word' id='word_1_339' title='bbox 1430 1919 1690 1985; x_wconf 81' lang='lat' dir='ltr'><strong>scandalizaremus,</strong></span> <span class='ocrx_word' id='word_1_340' title='bbox 1705 1919 1796 1985; x_wconf 86' lang='lat' dir='ltr'><strong>idest,</strong></span> <span class='ocrx_word' id='word_1_341' title='bbox 1811 1920 1897 1974; x_wconf 75' lang='lat' dir='ltr'><strong>aerbo</strong></span> <span class='ocrx_word' id='word_1_342' title='bbox 1908 1917 1950 1974; x_wconf 82' lang='lat' dir='ltr'><strong>rel</strong></span> 
     </span>
     <span class='ocr_line' id='line_1_46' title="bbox 1151 2011 1948 2081; baseline -0.003 -15"><span class='ocrx_word' id='word_1_343' title='bbox 1151 2013 1276 2081; x_wconf 85' lang='lat' dir='ltr'><strong>exemplo</strong></span> <span class='ocrx_word' id='word_1_344' title='bbox 1296 2027 1345 2066; x_wconf 86' lang='lat' dir='ltr'><strong>suo</strong></span> <span class='ocrx_word' id='word_1_345' title='bbox 1359 2011 1393 2065; x_wconf 90' lang='lat' dir='ltr'><strong>ad</strong></span> <span class='ocrx_word' id='word_1_346' title='bbox 1408 2012 1514 2066; x_wconf 91' lang='lat' dir='ltr'><strong>ruinam</strong></span> <span class='ocrx_word' id='word_1_347' title='bbox 1535 2011 1639 2081; x_wconf 90' lang='lat' dir='ltr'><strong>peccati</strong></span> <span class='ocrx_word' id='word_1_348' title='bbox 1655 2011 1810 2081; x_wconf 86' lang='lat' dir='ltr'><strong>propellere</strong></span> <span class='ocrx_word' id='word_1_349' title='bbox 1831 2019 1948 2066; x_wconf 89' lang='lat' dir='ltr'><strong>certant.</strong></span> 
     </span>
     <span class='ocr_line' id='line_1_47' title="bbox 1115 2086 1949 2174; baseline 0.001 -17"><span class='ocrx_word' id='word_1_350' title='bbox 1115 2086 1261 2158; x_wconf 78' lang='lat' dir='ltr'><strong>Batauum</strong></span> <span class='ocrx_word' id='word_1_351' title='bbox 1286 2104 1385 2173; x_wconf 87' lang='lat' dir='ltr'><strong>qnippe</strong></span> <span class='ocrx_word' id='word_1_352' title='bbox 1407 2112 1530 2167; x_wconf 83' lang='lat' dir='ltr'><strong>nostram</strong></span> <span class='ocrx_word' id='word_1_353' title='bbox 1548 2102 1664 2173; x_wconf 90' lang='lat' dir='ltr'><strong>appellat</strong></span> <span class='ocrx_word' id='word_1_354' title='bbox 1678 2101 1868 2165; x_wconf 86' lang='lat' dir='ltr'><strong>necessarium</strong></span> <span class='ocrx_word' id='word_1_355' title='bbox 1881 2105 1949 2174; x_wconf 84' lang='lat' dir='ltr'><strong>anri·</strong></span> 
     </span>
     <span class='ocr_line' id='line_1_48' title="bbox 1150 2193 1948 2265; baseline -0.003 -15"><span class='ocrx_word' id='word_1_356' title='bbox 1150 2211 1233 2260; x_wconf 80' lang='lat' dir='ltr'><strong>curm,</strong></span> <span class='ocrx_word' id='word_1_357' title='bbox 1254 2194 1332 2263; x_wconf 87' lang='lat' dir='ltr'><strong>eujus</strong></span> <span class='ocrx_word' id='word_1_358' title='bbox 1349 2209 1431 2265; x_wconf 90' lang='lat' dir='ltr'><strong>opera</strong></span> <span class='ocrx_word' id='word_1_359' title='bbox 1456 2204 1538 2264; x_wconf 86' lang='lat' dir='ltr'><strong>atque</strong></span> <span class='ocrx_word' id='word_1_360' title='bbox 1565 2194 1666 2249; x_wconf 87' lang='lat' dir='ltr'><strong>auxilio</strong></span> <span class='ocrx_word' id='word_1_361' title='bbox 1692 2193 1854 2264; x_wconf 87' lang='lat' dir='ltr'><strong>quotidiano</strong></span> <span class='ocrx_word' id='word_1_362' title='bbox 1881 2208 1948 2262; x_wconf 85' lang='lat' dir='ltr'><strong>opus</strong></span> 
     </span>
     <span class='ocr_line' id='line_1_49' title="bbox 1150 2283 1949 2341; baseline 0 -2"><span class='ocrx_word' id='word_1_363' title='bbox 1150 2286 1290 2341; x_wconf 90' lang='lat' dir='ltr'><strong>babemus.</strong></span> <span class='ocrx_word' id='word_1_364' title='bbox 1307 2284 1361 2341; x_wconf 85' lang='lat' dir='ltr'><strong>Sed</strong></span> <span class='ocrx_word' id='word_1_365' title='bbox 1372 2285 1433 2340; x_wconf 90' lang='lat' dir='ltr'><strong>talis</strong></span> <span class='ocrx_word' id='word_1_366' title='bbox 1445 2284 1467 2339; x_wconf 88' lang='lat' dir='ltr'><strong>si</strong></span> <span class='ocrx_word' id='word_1_367' title='bbox 1481 2299 1530 2340; x_wconf 87' lang='lat' dir='ltr'><strong>nos</strong></span> <span class='ocrx_word' id='word_1_368' title='bbox 1542 2283 1639 2339; x_wconf 78' lang='lat' dir='ltr'><strong>laedere</strong></span> <span class='ocrx_word' id='word_1_369' title='bbox 1654 2284 1681 2339; x_wconf 92' lang='lat' dir='ltr'><strong>in</strong></span> <span class='ocrx_word' id='word_1_370' title='bbox 1697 2299 1778 2339; x_wconf 90' lang='lat' dir='ltr'><strong>causa</strong></span> <span class='ocrx_word' id='word_1_371' title='bbox 1791 2286 1892 2339; x_wconf 69' lang='lat' dir='ltr'><strong>animae</strong></span> <span class='ocrx_word' id='word_1_372' title='bbox 1904 2300 1949 2339; x_wconf 84' lang='lat' dir='ltr'><strong>ro·</strong></span> 
     </span>
     <span class='ocr_line' id='line_1_50' title="bbox 1151 2376 1946 2442; baseline -0.003 -11"><span class='ocrx_word' id='word_1_373' title='bbox 1151 2376 1242 2442; x_wconf 90' lang='lat' dir='ltr'><strong>luerit,</strong></span> <span class='ocrx_word' id='word_1_374' title='bbox 1257 2376 1441 2431; x_wconf 79' lang='lat' dir='ltr'><strong>excludendus</strong></span> <span class='ocrx_word' id='word_1_375' title='bbox 1452 2384 1493 2429; x_wconf 89' lang='lat' dir='ltr'><strong>cst</strong></span> <span class='ocrx_word' id='word_1_376' title='bbox 1507 2390 1523 2429; x_wconf 89' lang='lat' dir='ltr'><strong>a</strong></span> <span class='ocrx_word' id='word_1_377' title='bbox 1538 2384 1631 2430; x_wconf 89' lang='lat' dir='ltr'><strong>nostra</strong></span> <span class='ocrx_word' id='word_1_378' title='bbox 1645 2376 1787 2440; x_wconf 87' lang='lat' dir='ltr'><strong>societate,</strong></span> <span class='ocrx_word' id='word_1_379' title='bbox 1802 2390 1838 2441; x_wconf 84' lang='lat' dir='ltr'><strong>ne</strong></span> <span class='ocrx_word' id='word_1_380' title='bbox 1851 2376 1873 2429; x_wconf 90' lang='lat' dir='ltr'><strong>si</strong></span> <span class='ocrx_word' id='word_1_381' title='bbox 1884 2391 1946 2429; x_wconf 84' lang='lat' dir='ltr'><strong>cum</strong></span> 
     </span>
     <span class='ocr_line' id='line_1_51' title="bbox 1150 2464 1948 2540; baseline -0.005 -17"><span class='ocrx_word' id='word_1_382' title='bbox 1150 2468 1256 2540; x_wconf 87' lang='lat' dir='ltr'><strong>perdito</strong></span> <span class='ocrx_word' id='word_1_383' title='bbox 1270 2467 1296 2522; x_wconf 90' lang='lat' dir='ltr'><strong>in</strong></span> <span class='ocrx_word' id='word_1_384' title='bbox 1311 2468 1363 2522; x_wconf 88' lang='lat' dir='ltr'><strong>bac</strong></span> <span class='ocrx_word' id='word_1_385' title='bbox 1377 2465 1435 2520; x_wconf 77' lang='lat' dir='ltr'><strong>rita‘</strong></span> <span class='ocrx_word' id='word_1_386' title='bbox 1445 2473 1550 2537; x_wconf 88' lang='lat' dir='ltr'><strong>partem</strong></span> <span class='ocrx_word' id='word_1_387' title='bbox 1562 2465 1662 2520; x_wconf 89' lang='lat' dir='ltr'><strong>babere</strong></span> <span class='ocrx_word' id='word_1_388' title='bbox 1672 2464 1810 2532; x_wconf 73' lang='lat' dir='ltr'><strong>volumus,</strong></span> <span class='ocrx_word' id='word_1_389' title='bbox 1827 2465 1909 2520; x_wconf 87' lang='lat' dir='ltr'><strong>simul</strong></span> <span class='ocrx_word' id='word_1_390' title='bbox 1920 2466 1948 2521; x_wconf 89' lang='lat' dir='ltr'><strong>in</strong></span> 
     </span>
     <span class='ocr_line' id='line_1_52' title="bbox 1152 2557 1947 2629; baseline -0.001 -15"><span class='ocrx_word' id='word_1_391' title='bbox 1152 2560 1242 2615; x_wconf 87' lang='lat' dir='ltr'><strong>lutura</strong></span> <span class='ocrx_word' id='word_1_392' title='bbox 1255 2573 1315 2615; x_wconf 86' lang='lat' dir='ltr'><strong>curn</strong></span> <span class='ocrx_word' id='word_1_393' title='bbox 1329 2557 1375 2613; x_wconf 90' lang='lat' dir='ltr'><strong>illo</strong></span> <span class='ocrx_word' id='word_1_394' title='bbox 1387 2574 1541 2629; x_wconf 84' lang='lat' dir='ltr'><strong>pereamus.</strong></span> <span class='ocrx_word' id='word_1_395' title='bbox 1555 2558 1583 2612; x_wconf 93' lang='lat' dir='ltr'><strong>ln</strong></span> <span class='ocrx_word' id='word_1_396' title='bbox 1599 2559 1676 2627; x_wconf 91' lang='lat' dir='ltr'><strong>pede,</strong></span> <span class='ocrx_word' id='word_1_397' title='bbox 1688 2559 1760 2613; x_wconf 88' lang='lat' dir='ltr'><strong>sicut</strong></span> <span class='ocrx_word' id='word_1_398' title='bbox 1769 2567 1799 2613; x_wconf 92' lang='grc' dir='ltr'>οι</span> <span class='ocrx_word' id='word_1_399' title='bbox 1814 2558 1843 2614; x_wconf 92' lang='lat' dir='ltr'><strong>in</strong></span> <span class='ocrx_word' id='word_1_400' title='bbox 1855 2575 1947 2624; x_wconf 87' lang='lat' dir='ltr'><strong>manu,</strong></span> 
     </span>
     <span class='ocr_line' id='line_1_53' title="bbox 1151 2643 1948 2718; baseline -0.001 -10"><span class='ocrx_word' id='word_1_401' title='bbox 1151 2643 1249 2716; x_wconf 86' lang='lat' dir='ltr'><strong>ebaros</strong></span> <span class='ocrx_word' id='word_1_402' title='bbox 1264 2650 1478 2706; x_wconf 86' lang='lat' dir='ltr'><strong>inemendabiles</strong></span> <span class='ocrx_word' id='word_1_403' title='bbox 1494 2651 1573 2706; x_wconf 87' lang='lat' dir='ltr'><strong>docet</strong></span> <span class='ocrx_word' id='word_1_404' title='bbox 1593 2651 1751 2707; x_wconf 89' lang='lat' dir='ltr'><strong>alienandos</strong></span> <span class='ocrx_word' id='word_1_405' title='bbox 1770 2667 1787 2705; x_wconf 91' lang='lat' dir='ltr'><strong>a</strong></span> <span class='ocrx_word' id='word_1_406' title='bbox 1806 2653 1894 2718; x_wconf 86' lang='lat' dir='ltr'><strong>nobis,</strong></span> <span class='ocrx_word' id='word_1_407' title='bbox 1915 2668 1948 2707; x_wconf 87' lang='lat' dir='ltr'><strong>ae</strong></span> 
     </span>
     <span class='ocr_line' id='line_1_54' title="bbox 1150 2742 1946 2816; baseline 0 -19"><span class='ocrx_word' id='word_1_408' title='bbox 1150 2757 1199 2813; x_wconf 90' lang='lat' dir='ltr'><strong>per</strong></span> <span class='ocrx_word' id='word_1_409' title='bbox 1219 2742 1417 2816; x_wconf 84' lang='lat' dir='ltr'><strong>immunditiam</strong></span> <span class='ocrx_word' id='word_1_410' title='bbox 1432 2755 1526 2795; x_wconf 90' lang='lat' dir='ltr'><strong>eorum</strong></span> <span class='ocrx_word' id='word_1_411' title='bbox 1539 2756 1607 2810; x_wconf 89' lang='lat' dir='ltr'><strong>quos</strong></span> <span class='ocrx_word' id='word_1_412' title='bbox 1622 2742 1757 2812; x_wconf 86' lang='lat' dir='ltr'><strong>castigare</strong></span> <span class='ocrx_word' id='word_1_413' title='bbox 1781 2744 1946 2811; x_wconf 87' lang='lat' dir='ltr'><strong>nequimus,</strong></span> 
     </span>
     <span class='ocr_line' id='line_1_55' title="bbox 1150 2830 1949 2904; baseline 0.001 -15"><span class='ocrx_word' id='word_1_414' title='bbox 1150 2842 1179 2889; x_wconf 92' lang='lat' dir='ltr'><strong>et</strong></span> <span class='ocrx_word' id='word_1_415' title='bbox 1200 2833 1249 2903; x_wconf 90' lang='lat' dir='ltr'><strong>ipsi</strong></span> <span class='ocrx_word' id='word_1_416' title='bbox 1273 2831 1366 2903; x_wconf 89' lang='lat' dir='ltr'><strong>polluti</strong></span> <span class='ocrx_word' id='word_1_417' title='bbox 1393 2845 1545 2901; x_wconf 88' lang='lat' dir='ltr'><strong>percamus.</strong></span> <span class='ocrx_word' id='word_1_418' title='bbox 1561 2830 1614 2885; x_wconf 87' lang='lat' dir='ltr'><strong>Sed</strong></span> <span class='ocrx_word' id='word_1_419' title='bbox 1632 2847 1730 2887; x_wconf 91' lang='lat' dir='ltr'><strong>manus</strong></span> <span class='ocrx_word' id='word_1_420' title='bbox 1747 2842 1863 2904; x_wconf 86' lang='lat' dir='ltr'><strong>propter</strong></span> <span class='ocrx_word' id='word_1_421' title='bbox 1880 2847 1949 2902; x_wconf 79' lang='lat' dir='ltr'><strong>opas</strong></span> 
     </span>
     <span class='ocr_line' id='line_1_56' title="bbox 1151 2922 1949 2994; baseline -0.005 -11"><span class='ocrx_word' id='word_1_422' title='bbox 1151 2924 1335 2982; x_wconf 79' lang='lat' dir='ltr'><strong>necessarlum</strong></span> <span class='ocrx_word' id='word_1_423' title='bbox 1358 2922 1453 2988; x_wconf 91' lang='lat' dir='ltr'><strong>nobis,</strong></span> <span class='ocrx_word' id='word_1_424' title='bbox 1477 2923 1561 2993; x_wconf 88' lang='lat' dir='ltr'><strong>pedes</strong></span> <span class='ocrx_word' id='word_1_425' title='bbox 1587 2929 1651 2977; x_wconf 89' lang='lat' dir='ltr'><strong>sunt</strong></span> <span class='ocrx_word' id='word_1_426' title='bbox 1667 2922 1731 2977; x_wconf 84' lang='lat' dir='ltr'><strong>dicti</strong></span> <span class='ocrx_word' id='word_1_427' title='bbox 1747 2924 1818 2979; x_wconf 86' lang='lat' dir='ltr'><strong>tales</strong></span> <span class='ocrx_word' id='word_1_428' title='bbox 1836 2933 1949 2994; x_wconf 88' lang='lat' dir='ltr'><strong>propter</strong></span> 
     </span>
     <span class='ocr_line' id='line_1_57' title="bbox 1151 3013 1947 3083; baseline 0.003 -14"><span class='ocrx_word' id='word_1_429' title='bbox 1151 3015 1351 3079; x_wconf 84' lang='lat' dir='ltr'><strong>ministerium,</strong></span> <span class='ocrx_word' id='word_1_430' title='bbox 1367 3013 1559 3083; x_wconf 86' lang='lat' dir='ltr'><strong>discursusque</strong></span> <span class='ocrx_word' id='word_1_431' title='bbox 1573 3013 1601 3068; x_wconf 92' lang='lat' dir='ltr'><strong>in</strong></span> <span class='ocrx_word' id='word_1_432' title='bbox 1614 3014 1715 3069; x_wconf 89' lang='lat' dir='ltr'><strong>nostris</strong></span> <span class='ocrx_word' id='word_1_433' title='bbox 1728 3014 1822 3070; x_wconf 90' lang='lat' dir='ltr'><strong>usibus</strong></span> <span class='ocrx_word' id='word_1_434' title='bbox 1840 3031 1947 3071; x_wconf 88' lang='lat' dir='ltr'><strong>accom-</strong></span> 
     </span>
     <span class='ocr_line' id='line_1_58' title="bbox 1152 3106 1283 3160; baseline 0.008 -1"><span class='ocrx_word' id='word_1_435' title='bbox 1152 3106 1255 3160; x_wconf 85' lang='lat' dir='ltr'><strong>modos.</strong></span> <span class='ocrx_word' id='word_1_436' title='bbox 1280 3140 1283 3145; x_wconf 90' lang='lat'><em>-</em></span> 
     </span>
    </p>

    <p class='ocr_par' dir='ltr' id='par_1_10' title="bbox 1147 3184 1948 3361">
     <span class='ocr_line' id='line_1_59' title="bbox 1187 3184 1948 3267; baseline -0.001 -15"><span class='ocrx_word' id='word_1_437' title='bbox 1187 3198 1221 3252; x_wconf 81' lang='lat' dir='ltr'><strong>Et</strong></span> <span class='ocrx_word' id='word_1_438' title='bbox 1234 3184 1258 3252; x_wconf 77' lang='lat' dir='ltr'><strong>ai</strong></span> <span class='ocrx_word' id='word_1_439' title='bbox 1273 3197 1365 3254; x_wconf 85' lang='lat' dir='ltr'><strong>acalaa</strong></span> <span class='ocrx_word' id='word_1_440' title='bbox 1378 3207 1439 3253; x_wconf 82' lang='lat' dir='ltr'><strong>toas</strong></span> <span class='ocrx_word' id='word_1_441' title='bbox 1453 3197 1618 3251; x_wconf 78' lang='lat' dir='ltr'><strong>scandalizat</strong></span> <span class='ocrx_word' id='word_1_442' title='bbox 1633 3207 1674 3263; x_wconf 90' lang='lat' dir='ltr'><strong>te,</strong></span> <span class='ocrx_word' id='word_1_443' title='bbox 1689 3213 1752 3251; x_wconf 86' lang='lat' dir='ltr'><strong>erae</strong></span> <span class='ocrx_word' id='word_1_444' title='bbox 1762 3213 1835 3263; x_wconf 86' lang='lat' dir='ltr'><strong>earn,</strong></span> <span class='ocrx_word' id='word_1_445' title='bbox 1848 3207 1873 3251; x_wconf 90' lang='lat' dir='ltr'><strong>et</strong></span> <span class='ocrx_word' id='word_1_446' title='bbox 1886 3213 1948 3267; x_wconf 89' lang='lat' dir='ltr'><strong>pra·</strong></span> 
     </span>
     <span class='ocr_line' id='line_1_60' title="bbox 1147 3290 1948 3361; baseline -0.001 -18"><span class='ocrx_word' id='word_1_447' title='bbox 1147 3292 1202 3361; x_wconf 84' lang='lat' dir='ltr'><strong>jiee</strong></span> <span class='ocrx_word' id='word_1_448' title='bbox 1217 3291 1263 3345; x_wconf 81' lang='lat' dir='ltr'><strong>alra</strong></span> <span class='ocrx_word' id='word_1_449' title='bbox 1282 3300 1306 3345; x_wconf 85' lang='lat' dir='ltr'><strong>te</strong></span> <span class='ocrx_word' id='word_1_450' title='bbox 1320 3306 1329 3345; x_wconf 93' lang='lat'><strong>.·</strong></span> <span class='ocrx_word' id='word_1_451' title='bbox 1343 3291 1439 3344; x_wconf 82' lang='lat' dir='ltr'><strong>bonam</strong></span> <span class='ocrx_word' id='word_1_452' title='bbox 1459 3290 1505 3344; x_wconf 85' lang='lat' dir='ltr'><strong>tibi</strong></span> <span class='ocrx_word' id='word_1_453' title='bbox 1527 3301 1564 3344; x_wconf 84' lang='lat' dir='ltr'><strong>eat</strong></span> <span class='ocrx_word' id='word_1_454' title='bbox 1589 3290 1726 3343; x_wconf 82' lang='lat' dir='ltr'><strong>daberttent</strong></span> <span class='ocrx_word' id='word_1_455' title='bbox 1741 3306 1826 3344; x_wconf 83' lang='lat' dir='ltr'><strong>anam</strong></span> <span class='ocrx_word' id='word_1_456' title='bbox 1841 3290 1948 3343; x_wconf 81' lang='lat' dir='ltr'><strong>oculum</strong></span> 
     </span>
    </p>
   </div>
   <div class='ocr_carea' id='block_1_10' title="bbox 306 3373 1948 3451">
    <p class='ocr_par' dir='ltr' id='par_1_11' title="bbox 306 3373 1948 3451">
     <span class='ocr_line' id='line_1_61' title="bbox 306 3373 1948 3451; baseline -0.009 -19"><span class='ocrx_word' id='word_1_457' title='bbox 306 3384 370 3432; x_wconf 91' lang='lat' dir='ltr'><strong>sunt</strong></span> <span class='ocrx_word' id='word_1_458' title='bbox 384 3375 409 3430; x_wconf 89' lang='lat' dir='ltr'><strong>in</strong></span> <span class='ocrx_word' id='word_1_459' title='bbox 423 3374 487 3441; x_wconf 82' lang='lat' dir='ltr'><strong>ade,</strong></span> <span class='ocrx_word' id='word_1_460' title='bbox 510 3389 544 3430; x_wconf 90' lang='lat' dir='ltr'><strong>ne</strong></span> <span class='ocrx_word' id='word_1_461' title='bbox 556 3374 698 3432; x_wconf 89' lang='lat' dir='ltr'><strong>occasione</strong></span> <span class='ocrx_word' id='word_1_462' title='bbox 712 3373 797 3431; x_wconf 90' lang='lat' dir='ltr'><strong>nostri</strong></span> <span class='ocrx_word' id='word_1_463' title='bbox 810 3373 995 3438; x_wconf 81' lang='lat' dir='ltr'><strong>offendantur,</strong></span> <span class='ocrx_word' id='word_1_464' title='bbox 1011 3382 1039 3428; x_wconf 91' lang='lat' dir='ltr'><strong>ct</strong></span> <span class='ocrx_word' id='word_1_465' title='bbox 1057 3389 1100 3429; x_wconf 86' lang='lat' dir='ltr'><strong>re·</strong></span> <span class='ocrx_word' id='word_1_466' title='bbox 1152 3383 1179 3435; x_wconf 66' lang='lat' dir='ltr'><strong>a„</strong></span> <span class='ocrx_word' id='word_1_467' title='bbox 1193 3381 1273 3436; x_wconf 53' lang='lat' dir='ltr'><strong>..riam</strong></span> <span class='ocrx_word' id='word_1_468' title='bbox 1289 3382 1405 3446; x_wconf 59' lang='lat' dir='ltr'><strong>enirm,</strong></span> <span class='ocrx_word' id='word_1_469' title='bbox 1424 3396 1503 3451; x_wconf 63' lang='lat' dir='ltr'><strong>quam</strong></span> <span class='ocrx_word' id='word_1_470' title='bbox 1521 3379 1586 3434; x_wconf 54' lang='lat'><strong>(1220,</strong></span> <span class='ocrx_word' id='word_1_471' title='bbox 1607 3379 1695 3433; x_wconf 60' lang='lat'><strong>002110,</strong></span> <span class='ocrx_word' id='word_1_472' title='bbox 1715 3378 1854 3432; x_wconf 82' lang='lat' dir='ltr'><strong>debentem</strong></span> <span class='ocrx_word' id='word_1_473' title='bbox 1879 3377 1948 3431; x_wconf 59' lang='lat' dir='ltr'><strong>mppr</strong></span> 
     </span>
    </p>
   </div>
   <div class='ocr_carea' id='block_1_11' title="bbox 307 3442 1944 3544">
    <p class='ocr_par' dir='ltr' id='par_1_12' title="bbox 307 3442 1944 3544">
     <span class='ocr_line' id='line_1_62' title="bbox 307 3442 1944 3544; baseline 0.001 -21"><span class='ocrx_word' id='word_1_474' title='bbox 307 3467 406 3523; x_wconf 88' lang='lat' dir='ltr'><strong>cedant</strong></span> <span class='ocrx_word' id='word_1_475' title='bbox 416 3482 430 3520; x_wconf 92' lang='lat' dir='ltr'><strong>a</strong></span> <span class='ocrx_word' id='word_1_476' title='bbox 442 3466 505 3531; x_wconf 88' lang='lat' dir='ltr'><strong>tide,</strong></span> <span class='ocrx_word' id='word_1_477' title='bbox 518 3483 550 3521; x_wconf 90' lang='lat' dir='ltr'><strong>ac</strong></span> <span class='ocrx_word' id='word_1_478' title='bbox 564 3466 690 3522; x_wconf 87' lang='lat' dir='ltr'><strong>decidant</strong></span> <span class='ocrx_word' id='word_1_479' title='bbox 711 3466 836 3520; x_wconf 88' lang='lat' dir='ltr'><strong>asalutc.</strong></span> <span class='ocrx_word' id='word_1_480' title='bbox 856 3463 959 3537; x_wconf 76' lang='lat' dir='ltr'><strong>(Grep.)</strong></span> <span class='ocrx_word' id='word_1_481' title='bbox 977 3465 1043 3519; x_wconf 90' lang='lat' dir='ltr'><strong>ltem</strong></span> <span class='ocrx_word' id='word_1_482' title='bbox 1053 3481 1101 3536; x_wconf 89' lang='lat' dir='ltr'><strong>per</strong></span> <span class='ocrx_word' id='word_1_483' title='bbox 1111 3442 1138 3537; x_wconf 36' lang='lat' dir='ltr'><strong>,C</strong></span> <span class='ocrx_word' id='word_1_484' title='bbox 1153 3474 1336 3544; x_wconf 79' lang='lat' dir='ltr'><strong>ingelrannum</strong></span> <span class='ocrx_word' id='word_1_485' title='bbox 1352 3473 1430 3544; x_wconf 80' lang='lat' dir='ltr'><strong>ipnia.</strong></span> <span class='ocrx_word' id='word_1_486' title='bbox 1446 3473 1474 3527; x_wconf 92' lang='lat' dir='ltr'><strong>ln</strong></span> <span class='ocrx_word' id='word_1_487' title='bbox 1490 3472 1568 3528; x_wconf 92' lang='lat' dir='ltr'><strong>oculo</strong></span> <span class='ocrx_word' id='word_1_488' title='bbox 1581 3487 1687 3542; x_wconf 92' lang='lat' dir='ltr'><strong>quoque</strong></span> <span class='ocrx_word' id='word_1_489' title='bbox 1700 3482 1814 3542; x_wconf 83' lang='lat' dir='ltr'><strong>propter</strong></span> <span class='ocrx_word' id='word_1_490' title='bbox 1829 3474 1944 3527; x_wconf 84' lang='lat' dir='ltr'><strong>scanda-</strong></span> 
     </span>
    </p>
   </div>
   <div class='ocr_carea' id='block_1_12' title="bbox 307 3555 1105 5436">
    <p class='ocr_par' dir='ltr' id='par_1_13' title="bbox 307 3555 1105 5436">
     <span class='ocr_line' id='line_1_63' title="bbox 307 3555 1101 3612; baseline 0 -2"><span class='ocrx_word' id='word_1_491' title='bbox 307 3556 407 3610; x_wconf 90' lang='lat' dir='ltr'><strong>molam</strong></span> <span class='ocrx_word' id='word_1_492' title='bbox 423 3555 570 3611; x_wconf 86' lang='lat' dir='ltr'><strong>asinariam</strong></span> <span class='ocrx_word' id='word_1_493' title='bbox 586 3556 724 3611; x_wconf 74' lang='lat' dir='ltr'><strong>saecularis</strong></span> <span class='ocrx_word' id='word_1_494' title='bbox 746 3557 808 3610; x_wconf 84' lang='lat' dir='ltr'><strong>uitae</strong></span> <span class='ocrx_word' id='word_1_495' title='bbox 822 3556 951 3612; x_wconf 88' lang='lat' dir='ltr'><strong>circuitus</strong></span> <span class='ocrx_word' id='word_1_496' title='bbox 974 3572 1006 3611; x_wconf 88' lang='lat' dir='ltr'><strong>ae</strong></span> <span class='ocrx_word' id='word_1_497' title='bbox 1025 3556 1101 3611; x_wconf 88' lang='lat' dir='ltr'><strong>labor</strong></span> 
     </span>
     <span class='ocr_line' id='line_1_64' title="bbox 307 3644 1101 3716; baseline -0.004 -15"><span class='ocrx_word' id='word_1_498' title='bbox 307 3645 479 3715; x_wconf 80' lang='lat' dir='ltr'><strong>exprimitur,</strong></span> <span class='ocrx_word' id='word_1_499' title='bbox 495 3652 523 3702; x_wconf 91' lang='lat' dir='ltr'><strong>et</strong></span> <span class='ocrx_word' id='word_1_500' title='bbox 536 3661 586 3716; x_wconf 89' lang='lat' dir='ltr'><strong>per</strong></span> <span class='ocrx_word' id='word_1_501' title='bbox 603 3644 765 3714; x_wconf 80' lang='lat' dir='ltr'><strong>profundum</strong></span> <span class='ocrx_word' id='word_1_502' title='bbox 780 3645 864 3699; x_wconf 85' lang='lat' dir='ltr'><strong>maris</strong></span> <span class='ocrx_word' id='word_1_503' title='bbox 883 3654 1005 3700; x_wconf 81' lang='lat' dir='ltr'><strong>extrema</strong></span> <span class='ocrx_word' id='word_1_504' title='bbox 1025 3645 1101 3699; x_wconf 89' lang='lat' dir='ltr'><strong>dam-</strong></span> 
     </span>
     <span class='ocr_line' id='line_1_65' title="bbox 309 3735 1100 3808; baseline -0.005 -17"><span class='ocrx_word' id='word_1_505' title='bbox 309 3739 383 3792; x_wconf 87' lang='lat' dir='ltr'><strong>natio</strong></span> <span class='ocrx_word' id='word_1_506' title='bbox 401 3737 567 3806; x_wconf 87' lang='lat' dir='ltr'><strong>designatur.</strong></span> <span class='ocrx_word' id='word_1_507' title='bbox 592 3736 643 3802; x_wconf 84' lang='lat' dir='ltr'><strong>Qui</strong></span> <span class='ocrx_word' id='word_1_508' title='bbox 666 3751 731 3806; x_wconf 84' lang='lat' dir='ltr'><strong>ergo</strong></span> <span class='ocrx_word' id='word_1_509' title='bbox 752 3736 786 3789; x_wconf 92' lang='lat' dir='ltr'><strong>ad</strong></span> <span class='ocrx_word' id='word_1_510' title='bbox 808 3735 962 3789; x_wconf 86' lang='lat' dir='ltr'><strong>sanctitatis</strong></span> <span class='ocrx_word' id='word_1_511' title='bbox 977 3735 1100 3808; x_wconf 81' lang='lat' dir='ltr'><strong>speciem</strong></span> 
     </span>
     <span class='ocr_line' id='line_1_66' title="bbox 308 3824 1100 3894; baseline -0.005 -10"><span class='ocrx_word' id='word_1_512' title='bbox 308 3830 441 3884; x_wconf 85' lang='lat' dir='ltr'><strong>deductus</strong></span> <span class='ocrx_word' id='word_1_513' title='bbox 465 3828 507 3883; x_wconf 79' lang='lat' dir='ltr'><strong>rel</strong></span> <span class='ocrx_word' id='word_1_514' title='bbox 524 3829 607 3892; x_wconf 70' lang='lat' dir='ltr'><strong>norbo</strong></span> <span class='ocrx_word' id='word_1_515' title='bbox 623 3838 738 3882; x_wconf 87' lang='lat' dir='ltr'><strong>caeteros</strong></span> <span class='ocrx_word' id='word_1_516' title='bbox 759 3827 884 3892; x_wconf 89' lang='lat' dir='ltr'><strong>destruit,</strong></span> <span class='ocrx_word' id='word_1_517' title='bbox 905 3825 947 3881; x_wconf 82' lang='lat' dir='ltr'><strong>rel</strong></span> <span class='ocrx_word' id='word_1_518' title='bbox 966 3824 1100 3894; x_wconf 83' lang='lat' dir='ltr'><strong>exemplo,</strong></span> 
     </span>
     <span class='ocr_line' id='line_1_67' title="bbox 309 3916 1102 3992; baseline -0.008 -16"><span class='ocrx_word' id='word_1_519' title='bbox 309 3922 405 3978; x_wconf 79' lang='lat' dir='ltr'><strong>ninellus</strong></span> <span class='ocrx_word' id='word_1_520' title='bbox 428 3919 550 3992; x_wconf 88' lang='lat' dir='ltr'><strong>prolecto</strong></span> <span class='ocrx_word' id='word_1_521' title='bbox 575 3929 633 3975; x_wconf 87' lang='lat' dir='ltr'><strong>erat</strong></span> <span class='ocrx_word' id='word_1_522' title='bbox 650 3927 680 3972; x_wconf 91' lang='grc' dir='ltr'><strong>ιιι</strong></span> <span class='ocrx_word' id='word_1_523' title='bbox 698 3918 769 3972; x_wconf 84' lang='grc' dir='ltr'>Ιιιιιιο</span> <span class='ocrx_word' id='word_1_524' title='bbox 781 3918 814 3972; x_wconf 90' lang='lat' dir='ltr'><strong>ad</strong></span> <span class='ocrx_word' id='word_1_525' title='bbox 828 3925 943 3972; x_wconf 87' lang='lat' dir='ltr'><strong>ntortom</strong></span> <span class='ocrx_word' id='word_1_526' title='bbox 962 3916 1013 3971; x_wconf 92' lang='lat' dir='ltr'><strong>sub</strong></span> <span class='ocrx_word' id='word_1_527' title='bbox 1028 3925 1102 3971; x_wconf 82' lang='lat' dir='ltr'><strong>este·</strong></span> 
     </span>
     <span class='ocr_line' id='line_1_68' title="bbox 309 4007 1101 4079; baseline -0.01 -11"><span class='ocrx_word' id='word_1_528' title='bbox 309 4013 375 4068; x_wconf 83' lang='lat' dir='ltr'><strong>riori</strong></span> <span class='ocrx_word' id='word_1_529' title='bbox 400 4013 493 4067; x_wconf 86' lang='lat' dir='ltr'><strong>babitu</strong></span> <span class='ocrx_word' id='word_1_530' title='bbox 516 4019 624 4067; x_wconf 74' lang='lat' dir='ltr'><strong>taurona</strong></span> <span class='ocrx_word' id='word_1_531' title='bbox 640 4019 700 4065; x_wconf 78' lang='lat' dir='ltr'><strong>acta</strong></span> <span class='ocrx_word' id='word_1_532' title='bbox 714 4008 951 4079; x_wconf 80' lang='lat' dir='ltr'><strong>constringerent:</strong></span> <span class='ocrx_word' id='word_1_533' title='bbox 973 4007 1035 4078; x_wconf 87' lang='lat' dir='ltr'><strong>quia</strong></span> <span class='ocrx_word' id='word_1_534' title='bbox 1059 4007 1101 4061; x_wconf 92' lang='lat' dir='ltr'><strong>ni·</strong></span> 
     </span>
     <span class='ocr_line' id='line_1_69' title="bbox 310 4099 1103 4169; baseline -0.005 -11"><span class='ocrx_word' id='word_1_535' title='bbox 310 4105 408 4161; x_wconf 78' lang='lat' dir='ltr'><strong>ninum</strong></span> <span class='ocrx_word' id='word_1_536' title='bbox 420 4105 446 4160; x_wconf 89' lang='lat' dir='ltr'><strong>si</strong></span> <span class='ocrx_word' id='word_1_537' title='bbox 458 4104 530 4159; x_wconf 89' lang='lat' dir='ltr'><strong>solus</strong></span> <span class='ocrx_word' id='word_1_538' title='bbox 543 4103 663 4168; x_wconf 90' lang='lat' dir='ltr'><strong>caderet,</strong></span> <span class='ocrx_word' id='word_1_539' title='bbox 689 4108 825 4169; x_wconf 91' lang='lat' dir='ltr'><strong>utcunque</strong></span> <span class='ocrx_word' id='word_1_540' title='bbox 845 4100 917 4155; x_wconf 83' lang='grc' dir='ltr'>Ιιιιιιο</span> <span class='ocrx_word' id='word_1_541' title='bbox 936 4099 1103 4163; x_wconf 84' lang='lat' dir='ltr'><strong>tolerabilior</strong></span> 
     </span>
     <span class='ocr_line' id='line_1_70' title="bbox 312 4189 1104 4267; baseline -0.008 -16"><span class='ocrx_word' id='word_1_542' title='bbox 312 4196 409 4251; x_wconf 92' lang='lat' dir='ltr'><strong>inlerni</strong></span> <span class='ocrx_word' id='word_1_543' title='bbox 423 4211 503 4267; x_wconf 85' lang='lat' dir='ltr'><strong>poena</strong></span> <span class='ocrx_word' id='word_1_544' title='bbox 518 4194 661 4249; x_wconf 86' lang='lat' dir='ltr'><strong>cruciaret.</strong></span> <span class='ocrx_word' id='word_1_545' title='bbox 671 4189 911 4265; x_wconf 76' lang='lat' dir='ltr'><strong>(decimas.)Sirc</strong></span> <span class='ocrx_word' id='word_1_546' title='bbox 921 4190 999 4246; x_wconf 91' lang='lat' dir='ltr'><strong>aliter</strong></span> <span class='ocrx_word' id='word_1_547' title='bbox 1011 4190 1104 4245; x_wconf 87' lang='lat' dir='ltr'><strong>asinus</strong></span> 
     </span>
     <span class='ocr_line' id='line_1_71' title="bbox 309 4281 1102 4352; baseline -0.009 -10"><span class='ocrx_word' id='word_1_548' title='bbox 309 4296 352 4342; x_wconf 91' lang='lat' dir='ltr'><strong>ost</strong></span> <span class='ocrx_word' id='word_1_549' title='bbox 366 4285 400 4341; x_wconf 89' lang='lat' dir='ltr'><strong>ad</strong></span> <span class='ocrx_word' id='word_1_550' title='bbox 412 4284 522 4349; x_wconf 89' lang='lat' dir='ltr'><strong>molam,</strong></span> <span class='ocrx_word' id='word_1_551' title='bbox 534 4298 622 4339; x_wconf 78' lang='lat' dir='ltr'><strong>eaeerrs</strong></span> <span class='ocrx_word' id='word_1_552' title='bbox 634 4283 668 4337; x_wconf 90' lang='lat' dir='ltr'><strong>ad</strong></span> <span class='ocrx_word' id='word_1_553' title='bbox 681 4281 813 4352; x_wconf 84' lang='lat' dir='ltr'><strong>lapidem,</strong></span> <span class='ocrx_word' id='word_1_554' title='bbox 827 4281 935 4352; x_wconf 83' lang='lat' dir='ltr'><strong>gentilis</strong></span> <span class='ocrx_word' id='word_1_555' title='bbox 948 4281 982 4335; x_wconf 91' lang='lat' dir='ltr'><strong>ad</strong></span> <span class='ocrx_word' id='word_1_556' title='bbox 995 4296 1102 4346; x_wconf 76' lang='lat' dir='ltr'><strong>saxum,</strong></span> 
     </span>
     <span class='ocr_line' id='line_1_72' title="bbox 310 4366 1104 4445; baseline -0.01 -15"><span class='ocrx_word' id='word_1_557' title='bbox 310 4375 355 4445; x_wconf 89' lang='lat' dir='ltr'><strong>qui</strong></span> <span class='ocrx_word' id='word_1_558' title='bbox 374 4375 545 4441; x_wconf 77' lang='lat' dir='ltr'><strong>adorateum</strong></span> <span class='ocrx_word' id='word_1_559' title='bbox 559 4387 640 4441; x_wconf 90' lang='lat' dir='ltr'><strong>quem</strong></span> <span class='ocrx_word' id='word_1_560' title='bbox 659 4386 712 4425; x_wconf 90' lang='lat' dir='ltr'><strong>non</strong></span> <span class='ocrx_word' id='word_1_561' title='bbox 726 4368 810 4434; x_wconf 84' lang='lat' dir='ltr'><strong>ridet,</strong></span> <span class='ocrx_word' id='word_1_562' title='bbox 822 4384 872 4424; x_wconf 80' lang='lat' dir='ltr'><strong>nnec</strong></span> <span class='ocrx_word' id='word_1_563' title='bbox 886 4367 1017 4440; x_wconf 88' lang='lat' dir='ltr'><strong>agnoscit.</strong></span> <span class='ocrx_word' id='word_1_564' title='bbox 1033 4366 1104 4422; x_wconf 87' lang='lat' dir='ltr'><strong>Deus</strong></span> 
     </span>
     <span class='ocr_line' id='line_1_73' title="bbox 311 4458 1104 4532; baseline -0.013 -10"><span class='ocrx_word' id='word_1_565' title='bbox 311 4467 383 4522; x_wconf 91' lang='lat' dir='ltr'><strong>enim</strong></span> <span class='ocrx_word' id='word_1_566' title='bbox 409 4482 461 4520; x_wconf 84' lang='lat' dir='ltr'><strong>raon</strong></span> <span class='ocrx_word' id='word_1_567' title='bbox 486 4465 513 4518; x_wconf 88' lang='lat' dir='ltr'><strong>ia</strong></span> <span class='ocrx_word' id='word_1_568' title='bbox 530 4461 690 4532; x_wconf 69' lang='lat' dir='ltr'><strong>intortusoctir</strong></span> <span class='ocrx_word' id='word_1_569' title='bbox 713 4459 813 4515; x_wconf 83' lang='lat' dir='ltr'><strong>dabitat</strong></span> <span class='ocrx_word' id='word_1_570' title='bbox 829 4459 898 4531; x_wconf 80' lang='lat' dir='ltr'><strong>(det.</strong></span> <span class='ocrx_word' id='word_1_571' title='bbox 923 4460 988 4530; x_wconf 84' lang='lat' dir='ltr'><strong>ru).</strong></span> <span class='ocrx_word' id='word_1_572' title='bbox 1005 4473 1055 4513; x_wconf 91' lang='lat' dir='ltr'><strong>nec</strong></span> <span class='ocrx_word' id='word_1_573' title='bbox 1076 4458 1104 4512; x_wconf 92' lang='lat' dir='ltr'><strong>in</strong></span> 
     </span>
     <span class='ocr_line' id='line_1_74' title="bbox 312 4547 1104 4621; baseline -0.014 -8"><span class='ocrx_word' id='word_1_574' title='bbox 312 4556 441 4621; x_wconf 80' lang='lat' dir='ltr'><strong>tutetallo,</strong></span> <span class='ocrx_word' id='word_1_575' title='bbox 456 4564 504 4610; x_wconf 90' lang='lat' dir='ltr'><strong>aut</strong></span> <span class='ocrx_word' id='word_1_576' title='bbox 518 4569 584 4609; x_wconf 87' lang='lat' dir='ltr'><strong>saxo</strong></span> <span class='ocrx_word' id='word_1_577' title='bbox 598 4550 780 4621; x_wconf 74' lang='lat' dir='ltr'><strong>cognoscitur.</strong></span> <span class='ocrx_word' id='word_1_578' title='bbox 794 4548 844 4603; x_wconf 90' lang='lat' dir='ltr'><strong>llic</strong></span> <span class='ocrx_word' id='word_1_579' title='bbox 857 4563 922 4618; x_wconf 80' lang='lat' dir='ltr'><strong>ergo</strong></span> <span class='ocrx_word' id='word_1_580' title='bbox 936 4547 1044 4619; x_wconf 87' lang='lat' dir='ltr'><strong>gentilis</strong></span> <span class='ocrx_word' id='word_1_581' title='bbox 1056 4562 1104 4617; x_wconf 81' lang='lat' dir='ltr'><strong>po</strong></span> 
     </span>
     <span class='ocr_line' id='line_1_75' title="bbox 311 4637 1104 4718; baseline -0.014 -14"><span class='ocrx_word' id='word_1_582' title='bbox 311 4647 402 4718; x_wconf 89' lang='lat' dir='ltr'><strong>pulos,</strong></span> <span class='ocrx_word' id='word_1_583' title='bbox 417 4662 479 4702; x_wconf 91' lang='lat' dir='ltr'><strong>cum</strong></span> <span class='ocrx_word' id='word_1_584' title='bbox 493 4643 711 4716; x_wconf 88' lang='lat' dir='ltr'><strong>persecutionem</strong></span> <span class='ocrx_word' id='word_1_585' title='bbox 725 4639 883 4696; x_wconf 87' lang='lat' dir='ltr'><strong>Cbristiano</strong></span> <span class='ocrx_word' id='word_1_586' title='bbox 901 4639 1037 4704; x_wconf 92' lang='lat' dir='ltr'><strong>intulerit,</strong></span> <span class='ocrx_word' id='word_1_587' title='bbox 1053 4637 1104 4693; x_wconf 89' lang='lat' dir='ltr'><strong>bae</strong></span> 
     </span>
     <span class='ocr_line' id='line_1_76' title="bbox 312 4727 1103 4809; baseline -0.014 -16"><span class='ocrx_word' id='word_1_588' title='bbox 312 4753 392 4809; x_wconf 89' lang='lat' dir='ltr'><strong>poena</strong></span> <span class='ocrx_word' id='word_1_589' title='bbox 406 4738 534 4809; x_wconf 86' lang='lat' dir='ltr'><strong>plectitur</strong></span> <span class='ocrx_word' id='word_1_590' title='bbox 546 4744 575 4789; x_wconf 93' lang='lat' dir='ltr'><strong>ut</strong></span> <span class='ocrx_word' id='word_1_591' title='bbox 587 4749 648 4789; x_wconf 92' lang='lat' dir='ltr'><strong>cnm</strong></span> <span class='ocrx_word' id='word_1_592' title='bbox 665 4747 714 4787; x_wconf 88' lang='lat' dir='ltr'><strong>sua</strong></span> <span class='ocrx_word' id='word_1_593' title='bbox 727 4732 858 4801; x_wconf 86' lang='lat' dir='ltr'><strong>sacrilega</strong></span> <span class='ocrx_word' id='word_1_594' title='bbox 879 4729 949 4786; x_wconf 76' lang='lat' dir='ltr'><strong>attola</strong></span> <span class='ocrx_word' id='word_1_595' title='bbox 966 4727 1103 4798; x_wconf 83' lang='lat' dir='ltr'><strong>judicandi</strong></span> 
     </span>
     <span class='ocr_line' id='line_1_77' title="bbox 314 4819 1104 4894; baseline -0.019 -8"><span class='ocrx_word' id='word_1_596' title='bbox 314 4829 406 4886; x_wconf 75' lang='lat' dir='ltr'><strong>sacnti</strong></span> <span class='ocrx_word' id='word_1_597' title='bbox 419 4827 546 4883; x_wconf 80' lang='lat' dir='ltr'><strong>{luctibus</strong></span> <span class='ocrx_word' id='word_1_598' title='bbox 558 4825 742 4894; x_wconf 89' lang='lat' dir='ltr'><strong>admergatur.</strong></span> <span class='ocrx_word' id='word_1_599' title='bbox 757 4819 858 4892; x_wconf 75' lang='lat' dir='ltr'><strong>(tiraq.)</strong></span> <span class='ocrx_word' id='word_1_600' title='bbox 873 4819 1023 4874; x_wconf 84' lang='lat' dir='ltr'><strong>Notandum</strong></span> <span class='ocrx_word' id='word_1_601' title='bbox 1039 4833 1104 4873; x_wconf 91' lang='lat' dir='ltr'><strong>sane</strong></span> 
     </span>
     <span class='ocr_line' id='line_1_78' title="bbox 313 4909 1105 4990; baseline -0.011 -19"><span class='ocrx_word' id='word_1_602' title='bbox 313 4921 377 4990; x_wconf 88' lang='lat' dir='ltr'><strong>quia</strong></span> <span class='ocrx_word' id='word_1_603' title='bbox 399 4919 427 4974; x_wconf 91' lang='lat' dir='ltr'><strong>in</strong></span> <span class='ocrx_word' id='word_1_604' title='bbox 444 4926 537 4974; x_wconf 88' lang='lat' dir='ltr'><strong>nostro</strong></span> <span class='ocrx_word' id='word_1_605' title='bbox 549 4917 622 4971; x_wconf 92' lang='lat' dir='ltr'><strong>bonu</strong></span> <span class='ocrx_word' id='word_1_606' title='bbox 640 4929 722 4984; x_wconf 91' lang='lat' dir='ltr'><strong>opere</strong></span> <span class='ocrx_word' id='word_1_607' title='bbox 741 4912 885 4981; x_wconf 89' lang='lat' dir='ltr'><strong>aliquando</strong></span> <span class='ocrx_word' id='word_1_608' title='bbox 900 4909 1049 4963; x_wconf 75' lang='lat' dir='ltr'><strong>catenadam</strong></span> <span class='ocrx_word' id='word_1_609' title='bbox 1063 4917 1105 4964; x_wconf 91' lang='lat' dir='ltr'><strong>est</strong></span> 
     </span>
     <span class='ocr_line' id='line_1_79' title="bbox 313 4993 1105 5075; baseline -0.02 -9"><span class='ocrx_word' id='word_1_610' title='bbox 313 5005 471 5065; x_wconf 71' lang='lat' dir='ltr'><strong>sitandalum</strong></span> <span class='ocrx_word' id='word_1_611' title='bbox 487 5004 604 5075; x_wconf 76' lang='lat' dir='ltr'><strong>proximi</strong></span> <span class='ocrx_word' id='word_1_612' title='bbox 617 5043 624 5068; x_wconf 91' lang='lat'><strong>,</strong></span> <span class='ocrx_word' id='word_1_613' title='bbox 639 4993 783 5070; x_wconf 86' lang='lat' dir='ltr'><strong>aliquando</strong></span> <span class='ocrx_word' id='word_1_614' title='bbox 804 5012 869 5052; x_wconf 89' lang='lat' dir='ltr'><strong>rero</strong></span> <span class='ocrx_word' id='word_1_615' title='bbox 887 5013 936 5068; x_wconf 90' lang='lat' dir='ltr'><strong>pro</strong></span> <span class='ocrx_word' id='word_1_616' title='bbox 948 4997 1031 5051; x_wconf 88' lang='lat' dir='ltr'><strong>nihilo</strong></span> <span class='ocrx_word' id='word_1_617' title='bbox 1042 5011 1105 5055; x_wconf 93' lang='lat' dir='ltr'><strong>con-</strong></span> 
     </span>
     <span class='ocr_line' id='line_1_80' title="bbox 316 5089 1104 5165; baseline -0.016 -11"><span class='ocrx_word' id='word_1_618' title='bbox 316 5097 500 5155; x_wconf 89' lang='lat' dir='ltr'><strong>temnendum.</strong></span> <span class='ocrx_word' id='word_1_619' title='bbox 516 5095 545 5149; x_wconf 92' lang='lat' dir='ltr'><strong>ln</strong></span> <span class='ocrx_word' id='word_1_620' title='bbox 560 5101 692 5165; x_wconf 90' lang='lat' dir='ltr'><strong>quantum</strong></span> <span class='ocrx_word' id='word_1_621' title='bbox 707 5090 780 5146; x_wconf 92' lang='lat' dir='ltr'><strong>enim</strong></span> <span class='ocrx_word' id='word_1_622' title='bbox 795 5089 854 5144; x_wconf 90' lang='lat' dir='ltr'><strong>sine</strong></span> <span class='ocrx_word' id='word_1_623' title='bbox 874 5096 985 5160; x_wconf 88' lang='lat' dir='ltr'><strong>peceato</strong></span> <span class='ocrx_word' id='word_1_624' title='bbox 1006 5100 1104 5158; x_wconf 90' lang='lat' dir='ltr'><strong>possu-</strong></span> 
     </span>
     <span class='ocr_line' id='line_1_81' title="bbox 314 5177 1105 5256; baseline -0.014 -13"><span class='ocrx_word' id='word_1_625' title='bbox 314 5204 395 5255; x_wconf 90' lang='lat' dir='ltr'><strong>mus,</strong></span> <span class='ocrx_word' id='word_1_626' title='bbox 411 5186 499 5242; x_wconf 85' lang='lat' dir='ltr'><strong>ritare</strong></span> <span class='ocrx_word' id='word_1_627' title='bbox 519 5185 703 5256; x_wconf 86' lang='lat' dir='ltr'><strong>proximorum</strong></span> <span class='ocrx_word' id='word_1_628' title='bbox 725 5179 882 5237; x_wconf 83' lang='lat' dir='ltr'><strong>scartdalum</strong></span> <span class='ocrx_word' id='word_1_629' title='bbox 913 5180 1051 5235; x_wconf 90' lang='lat' dir='ltr'><strong>debemus.</strong></span> <span class='ocrx_word' id='word_1_630' title='bbox 1076 5177 1105 5233; x_wconf 91' lang='lat' dir='ltr'><strong>Si</strong></span> 
     </span>
     <span class='ocr_line' id='line_1_82' title="bbox 315 5272 1104 5351; baseline -0.015 -15"><span class='ocrx_word' id='word_1_631' title='bbox 315 5291 406 5351; x_wconf 81' lang='lat' dir='ltr'><strong>autem</strong></span> <span class='ocrx_word' id='word_1_632' title='bbox 428 5282 462 5338; x_wconf 92' lang='lat' dir='ltr'><strong>de</strong></span> <span class='ocrx_word' id='word_1_633' title='bbox 483 5279 597 5334; x_wconf 80' lang='lat' dir='ltr'><strong>veritate</strong></span> <span class='ocrx_word' id='word_1_634' title='bbox 618 5275 774 5351; x_wconf 77' lang='lat' dir='ltr'><strong>scandalum</strong></span> <span class='ocrx_word' id='word_1_635' title='bbox 791 5273 924 5338; x_wconf 82' lang='lat' dir='ltr'><strong>sumitur,</strong></span> <span class='ocrx_word' id='word_1_636' title='bbox 939 5272 1031 5327; x_wconf 89' lang='lat' dir='ltr'><strong>utilius</strong></span> <span class='ocrx_word' id='word_1_637' title='bbox 1044 5287 1104 5341; x_wconf 92' lang='lat' dir='ltr'><strong>per-</strong></span> 
     </span>
     <span class='ocr_line' id='line_1_83' title="bbox 316 5363 1103 5436; baseline -0.015 -9"><span class='ocrx_word' id='word_1_638' title='bbox 316 5373 432 5429; x_wconf 91' lang='lat' dir='ltr'><strong>mittitur</strong></span> <span class='ocrx_word' id='word_1_639' title='bbox 454 5368 610 5427; x_wconf 86' lang='lat' dir='ltr'><strong>scandalum</strong></span> <span class='ocrx_word' id='word_1_640' title='bbox 625 5366 699 5422; x_wconf 88' lang='lat' dir='ltr'><strong>nasci</strong></span> <span class='ocrx_word' id='word_1_641' title='bbox 715 5381 796 5436; x_wconf 87' lang='lat' dir='ltr'><strong>quam</strong></span> <span class='ocrx_word' id='word_1_642' title='bbox 810 5365 912 5420; x_wconf 80' lang='lat' dir='ltr'><strong>veritas</strong></span> <span class='ocrx_word' id='word_1_643' title='bbox 927 5363 1103 5432; x_wconf 88' lang='lat' dir='ltr'><strong>relinquatur.</strong></span> 
     </span>
    </p>
   </div>
   <div class='ocr_carea' id='block_1_13' title="bbox 317 5470 1106 5734">
    <p class='ocr_par' dir='ltr' id='par_1_14' title="bbox 317 5470 1106 5734">
     <span class='ocr_line' id='line_1_84' title="bbox 358 5470 1104 5537; baseline -0.015 -4"><span class='ocrx_word' id='word_1_644' title='bbox 358 5480 402 5536; x_wconf 74' lang='lat' dir='ltr'><strong>Vc</strong></span> <span class='ocrx_word' id='word_1_645' title='bbox 414 5481 513 5537; x_wconf 73' lang='lat' dir='ltr'><strong>mando</strong></span> <span class='ocrx_word' id='word_1_646' title='bbox 525 5497 541 5534; x_wconf 87' lang='lat' dir='ltr'><strong>a</strong></span> <span class='ocrx_word' id='word_1_647' title='bbox 552 5478 694 5534; x_wconf 76' lang='lat' dir='ltr'><strong>scandalis.</strong></span> <span class='ocrx_word' id='word_1_648' title='bbox 712 5475 824 5531; x_wconf 80' lang='lat' dir='ltr'><strong>Neaerae</strong></span> <span class='ocrx_word' id='word_1_649' title='bbox 833 5483 872 5528; x_wconf 84' lang='lat' dir='ltr'><strong>eat</strong></span> <span class='ocrx_word' id='word_1_650' title='bbox 882 5473 950 5526; x_wconf 86' lang='lat' dir='ltr'><strong>enim</strong></span> <span class='ocrx_word' id='word_1_651' title='bbox 962 5480 988 5524; x_wconf 85' lang='lat' dir='ltr'><strong>ot</strong></span> <span class='ocrx_word' id='word_1_652' title='bbox 1001 5470 1104 5523; x_wconf 79' lang='lat' dir='ltr'><strong>veniant</strong></span> 
     </span>
     <span class='ocr_line' id='line_1_85' title="bbox 317 5551 1106 5641; baseline -0.02 -13"><span class='ocrx_word' id='word_1_653' title='bbox 317 5572 463 5640; x_wconf 60' lang='lat' dir='ltr'><strong>condeta·</strong></span> <span class='ocrx_word' id='word_1_654' title='bbox 486 5579 663 5626; x_wconf 79' lang='lat' dir='ltr'><strong>cerumtamen</strong></span> <span class='ocrx_word' id='word_1_655' title='bbox 677 5579 715 5622; x_wconf 79' lang='lat' dir='ltr'><strong>otc</strong></span> <span class='ocrx_word' id='word_1_656' title='bbox 738 5564 836 5620; x_wconf 82' lang='lat' dir='ltr'><strong>bomiai</strong></span> <span class='ocrx_word' id='word_1_657' title='bbox 849 5578 980 5641; x_wconf 85' lang='lat' dir='ltr'><strong>perquem</strong></span> <span class='ocrx_word' id='word_1_658' title='bbox 994 5551 1106 5637; x_wconf 80' lang='lat' dir='ltr'><strong>sorado-</strong></span> 
     </span>
     <span class='ocr_line' id='line_1_86' title="bbox 318 5651 1105 5734; baseline -0.018 -16"><span class='ocrx_word' id='word_1_659' title='bbox 318 5664 373 5718; x_wconf 87' lang='lat' dir='ltr'><strong>ltnn</strong></span> <span class='ocrx_word' id='word_1_660' title='bbox 400 5665 477 5717; x_wconf 81' lang='lat' dir='ltr'><strong>acaia.</strong></span> <span class='ocrx_word' id='word_1_661' title='bbox 498 5661 632 5734; x_wconf 70' lang='lat' dir='ltr'><strong>(diaron.)</strong></span> <span class='ocrx_word' id='word_1_662' title='bbox 650 5658 708 5713; x_wconf 86' lang='lat' dir='ltr'><strong>Non</strong></span> <span class='ocrx_word' id='word_1_663' title='bbox 733 5671 787 5727; x_wconf 92' lang='lat' dir='ltr'><strong>quo</strong></span> <span class='ocrx_word' id='word_1_664' title='bbox 811 5668 923 5711; x_wconf 88' lang='lat' dir='ltr'><strong>necesse</strong></span> <span class='ocrx_word' id='word_1_665' title='bbox 951 5654 987 5707; x_wconf 84' lang='lat' dir='ltr'><strong>sit</strong></span> <span class='ocrx_word' id='word_1_666' title='bbox 1015 5651 1105 5705; x_wconf 81' lang='lat' dir='ltr'><strong>tenire</strong></span> 
     </span>
    </p>
   </div>
   <div class='ocr_carea' id='block_1_14' title="bbox 318 5741 1107 5914">
    <p class='ocr_par' dir='ltr' id='par_1_15' title="bbox 318 5741 1107 5914">
     <span class='ocr_line' id='line_1_87' title="bbox 318 5741 1107 5824; baseline -0.023 -12"><span class='ocrx_word' id='word_1_667' title='bbox 318 5753 445 5812; x_wconf 81' lang='lat' dir='ltr'><strong>scandala</strong></span> <span class='ocrx_word' id='word_1_668' title='bbox 458 5753 587 5824; x_wconf 84' lang='lat' dir='ltr'><strong>(alioquin</strong></span> <span class='ocrx_word' id='word_1_669' title='bbox 602 5753 705 5819; x_wconf 86' lang='lat' dir='ltr'><strong>absque</strong></span> <span class='ocrx_word' id='word_1_670' title='bbox 718 5747 795 5816; x_wconf 84' lang='lat' dir='ltr'><strong>eulpa</strong></span> <span class='ocrx_word' id='word_1_671' title='bbox 810 5751 901 5800; x_wconf 91' lang='lat' dir='ltr'><strong>essent</strong></span> <span class='ocrx_word' id='word_1_672' title='bbox 925 5742 971 5812; x_wconf 93' lang='lat' dir='ltr'><strong>qui</strong></span> <span class='ocrx_word' id='word_1_673' title='bbox 993 5741 1107 5797; x_wconf 89' lang='lat' dir='ltr'><strong>scanda-</strong></span> 
     </span>
     <span class='ocr_line' id='line_1_88' title="bbox 319 5830 1106 5914; baseline -0.024 -13"><span class='ocrx_word' id='word_1_674' title='bbox 319 5845 375 5902; x_wconf 92' lang='lat' dir='ltr'><strong>lum</strong></span> <span class='ocrx_word' id='word_1_675' title='bbox 399 5843 526 5914; x_wconf 79' lang='lat' dir='ltr'><strong>faciunt),</strong></span> <span class='ocrx_word' id='word_1_676' title='bbox 553 5843 600 5897; x_wconf 71' lang='lat' dir='ltr'><strong>sed</strong></span> <span class='ocrx_word' id='word_1_677' title='bbox 624 5856 686 5895; x_wconf 92' lang='lat' dir='ltr'><strong>cum</strong></span> <span class='ocrx_word' id='word_1_678' title='bbox 706 5851 816 5892; x_wconf 88' lang='lat' dir='ltr'><strong>neccsse</strong></span> <span class='ocrx_word' id='word_1_679' title='bbox 840 5833 874 5888; x_wconf 89' lang='lat' dir='ltr'><strong>sit</strong></span> <span class='ocrx_word' id='word_1_680' title='bbox 891 5835 918 5887; x_wconf 92' lang='lat' dir='ltr'><strong>in</strong></span> <span class='ocrx_word' id='word_1_681' title='bbox 932 5833 985 5888; x_wconf 90' lang='lat' dir='ltr'><strong>isto</strong></span> <span class='ocrx_word' id='word_1_682' title='bbox 1007 5830 1106 5885; x_wconf 85' lang='lat' dir='ltr'><strong>ttttmdu</strong></span> 
     </span>
    </p>
   </div>
   <div class='ocr_carea' id='block_1_15' title="bbox 320 5920 1107 6095">
    <p class='ocr_par' dir='ltr' id='par_1_16' title="bbox 320 5920 1107 6095">
     <span class='ocr_line' id='line_1_89' title="bbox 320 5920 1106 6000; baseline -0.024 -6"><span class='ocrx_word' id='word_1_683' title='bbox 320 5935 380 5994; x_wconf 79' lang='lat' dir='ltr'><strong>ficri</strong></span> <span class='ocrx_word' id='word_1_684' title='bbox 415 5934 562 5998; x_wconf 83' lang='lat' dir='ltr'><strong>scattdala,</strong></span> <span class='ocrx_word' id='word_1_685' title='bbox 588 5930 773 6000; x_wconf 86' lang='lat' dir='ltr'><strong>unusquisque</strong></span> <span class='ocrx_word' id='word_1_686' title='bbox 798 5940 847 5980; x_wconf 91' lang='lat' dir='ltr'><strong>suo</strong></span> <span class='ocrx_word' id='word_1_687' title='bbox 879 5924 944 5978; x_wconf 78' lang='lat' dir='ltr'><strong>vitio</strong></span> <span class='ocrx_word' id='word_1_688' title='bbox 971 5920 1106 5976; x_wconf 85' lang='lat' dir='ltr'><strong>scattdalis</strong></span> 
     </span>
     <span class='ocr_line' id='line_1_90' title="bbox 322 6013 1107 6095; baseline -0.017 -15"><span class='ocrx_word' id='word_1_689' title='bbox 322 6036 414 6095; x_wconf 86' lang='lat' dir='ltr'><strong>patet;</strong></span> <span class='ocrx_word' id='word_1_690' title='bbox 434 6024 566 6092; x_wconf 85' lang='lat' dir='ltr'><strong>simulque</strong></span> <span class='ocrx_word' id='word_1_691' title='bbox 584 6037 632 6092; x_wconf 90' lang='lat' dir='ltr'><strong>per</strong></span> <span class='ocrx_word' id='word_1_692' title='bbox 648 6017 801 6089; x_wconf 88' lang='lat' dir='ltr'><strong>generalem</strong></span> <span class='ocrx_word' id='word_1_693' title='bbox 825 6013 987 6070; x_wconf 87' lang='lat' dir='ltr'><strong>sententiam</strong></span> <span class='ocrx_word' id='word_1_694' title='bbox 1010 6027 1107 6082; x_wconf 78' lang='lat' dir='ltr'><strong>pereu-</strong></span> 
     </span>
    </p>
   </div>
   <div class='ocr_carea' id='block_1_16' title="bbox 1120 3556 1953 6094">
    <p class='ocr_par' dir='ltr' id='par_1_17' title="bbox 1153 3556 1949 4084">
     <span class='ocr_line' id='line_1_91' title="bbox 1153 3556 1948 3631; baseline -0.003 -13"><span class='ocrx_word' id='word_1_695' title='bbox 1153 3564 1207 3618; x_wconf 91' lang='lat' dir='ltr'><strong>lum</strong></span> <span class='ocrx_word' id='word_1_696' title='bbox 1219 3563 1340 3620; x_wconf 88' lang='lat' dir='ltr'><strong>eruendo</strong></span> <span class='ocrx_word' id='word_1_697' title='bbox 1361 3562 1444 3618; x_wconf 91' lang='lat' dir='ltr'><strong>iidem</strong></span> <span class='ocrx_word' id='word_1_698' title='bbox 1465 3565 1551 3618; x_wconf 88' lang='lat' dir='ltr'><strong>nostri</strong></span> <span class='ocrx_word' id='word_1_699' title='bbox 1569 3556 1714 3618; x_wconf 84' lang='lat' dir='ltr'><strong>carnaliter</strong></span> <span class='ocrx_word' id='word_1_700' title='bbox 1727 3562 1820 3626; x_wconf 85' lang='lat' dir='ltr'><strong>andei,</strong></span> <span class='ocrx_word' id='word_1_701' title='bbox 1840 3562 1948 3631; x_wconf 80' lang='lat' dir='ltr'><strong>spirita·</strong></span> 
     </span>
     <span class='ocr_line' id='line_1_92' title="bbox 1153 3651 1949 3723; baseline -0.004 -14"><span class='ocrx_word' id='word_1_702' title='bbox 1153 3657 1215 3710; x_wconf 90' lang='lat' dir='ltr'><strong>liter</strong></span> <span class='ocrx_word' id='word_1_703' title='bbox 1225 3670 1290 3711; x_wconf 86' lang='lat' dir='ltr'><strong>reno</strong></span> <span class='ocrx_word' id='word_1_704' title='bbox 1311 3654 1459 3710; x_wconf 72' lang='lat' dir='ltr'><strong>adversarii</strong></span> <span class='ocrx_word' id='word_1_705' title='bbox 1485 3654 1669 3723; x_wconf 90' lang='lat' dir='ltr'><strong>designantur.</strong></span> <span class='ocrx_word' id='word_1_706' title='bbox 1693 3651 1746 3707; x_wconf 89' lang='lat' dir='ltr'><strong>Sed</strong></span> <span class='ocrx_word' id='word_1_707' title='bbox 1759 3668 1822 3707; x_wconf 91' lang='lat' dir='ltr'><strong>cum</strong></span> <span class='ocrx_word' id='word_1_708' title='bbox 1837 3668 1889 3707; x_wconf 91' lang='lat' dir='ltr'><strong>nos</strong></span> <span class='ocrx_word' id='word_1_709' title='bbox 1904 3667 1949 3706; x_wconf 84' lang='lat' dir='ltr'><strong>co·</strong></span> 
     </span>
     <span class='ocr_line' id='line_1_93' title="bbox 1153 3744 1948 3818; baseline -0.006 -14"><span class='ocrx_word' id='word_1_710' title='bbox 1153 3765 1212 3804; x_wconf 91' lang='lat' dir='ltr'><strong>rum</strong></span> <span class='ocrx_word' id='word_1_711' title='bbox 1232 3747 1346 3804; x_wconf 88' lang='lat' dir='ltr'><strong>consilio</strong></span> <span class='ocrx_word' id='word_1_712' title='bbox 1368 3762 1400 3803; x_wconf 84' lang='lat' dir='ltr'><strong>ae</strong></span> <span class='ocrx_word' id='word_1_713' title='bbox 1422 3747 1575 3818; x_wconf 83' lang='lat' dir='ltr'><strong>provisione</strong></span> <span class='ocrx_word' id='word_1_714' title='bbox 1594 3761 1661 3815; x_wconf 92' lang='lat' dir='ltr'><strong>opus</strong></span> <span class='ocrx_word' id='word_1_715' title='bbox 1675 3744 1871 3809; x_wconf 81' lang='lat' dir='ltr'><strong>babemus,illi</strong></span> <span class='ocrx_word' id='word_1_716' title='bbox 1883 3758 1948 3801; x_wconf 75' lang='lat' dir='ltr'><strong>vero</strong></span> 
     </span>
     <span class='ocr_line' id='line_1_94' title="bbox 1154 3831 1949 3910; baseline -0.005 -15"><span class='ocrx_word' id='word_1_717' title='bbox 1154 3831 1267 3895; x_wconf 90' lang='lat' dir='ltr'><strong>consilio</strong></span> <span class='ocrx_word' id='word_1_718' title='bbox 1283 3854 1333 3895; x_wconf 84' lang='lat' dir='ltr'><strong>nos</strong></span> <span class='ocrx_word' id='word_1_719' title='bbox 1354 3853 1437 3910; x_wconf 81' lang='lat' dir='ltr'><strong>pravo</strong></span> <span class='ocrx_word' id='word_1_720' title='bbox 1458 3839 1604 3909; x_wconf 88' lang='lat' dir='ltr'><strong>decipere,</strong></span> <span class='ocrx_word' id='word_1_721' title='bbox 1627 3838 1653 3891; x_wconf 90' lang='lat' dir='ltr'><strong>in</strong></span> <span class='ocrx_word' id='word_1_722' title='bbox 1672 3838 1726 3891; x_wconf 88' lang='lat' dir='ltr'><strong>iter</strong></span> <span class='ocrx_word' id='word_1_723' title='bbox 1744 3837 1851 3891; x_wconf 85' lang='lat' dir='ltr'><strong>erroris</strong></span> <span class='ocrx_word' id='word_1_724' title='bbox 1869 3835 1949 3891; x_wconf 86' lang='lat' dir='ltr'><strong>delle·</strong></span> 
     </span>
     <span class='ocr_line' id='line_1_95' title="bbox 1154 3931 1948 4004; baseline -0.006 -15"><span class='ocrx_word' id='word_1_725' title='bbox 1154 3941 1228 3989; x_wconf 86' lang='lat' dir='ltr'><strong>clere</strong></span> <span class='ocrx_word' id='word_1_726' title='bbox 1242 3940 1386 4004; x_wconf 85' lang='lat' dir='ltr'><strong>quaerunt,</strong></span> <span class='ocrx_word' id='word_1_727' title='bbox 1408 3932 1516 4003; x_wconf 88' lang='lat' dir='ltr'><strong>penitus</strong></span> <span class='ocrx_word' id='word_1_728' title='bbox 1540 3932 1618 3988; x_wconf 92' lang='lat' dir='ltr'><strong>nobis</strong></span> <span class='ocrx_word' id='word_1_729' title='bbox 1630 3931 1780 3987; x_wconf 89' lang='lat' dir='ltr'><strong>omittenda</strong></span> <span class='ocrx_word' id='word_1_730' title='bbox 1794 3938 1834 3985; x_wconf 89' lang='lat' dir='ltr'><strong>est</strong></span> <span class='ocrx_word' id='word_1_731' title='bbox 1851 3944 1948 3986; x_wconf 84' lang='lat' dir='ltr'><strong>corum</strong></span> 
     </span>
     <span class='ocr_line' id='line_1_96' title="bbox 1154 4028 1280 4084; baseline -0.016 0"><span class='ocrx_word' id='word_1_732' title='bbox 1154 4028 1280 4084; x_wconf 83' lang='lat' dir='ltr'><strong>societas.</strong></span> 
     </span>
    </p>

    <p class='ocr_par' dir='ltr' id='par_1_18' title="bbox 1152 4116 1951 4729">
     <span class='ocr_line' id='line_1_97' title="bbox 1190 4116 1950 4192; baseline -0.009 -14"><span class='ocrx_word' id='word_1_733' title='bbox 1190 4119 1328 4192; x_wconf 80' lang='lat' dir='ltr'><strong>(Hieron.)</strong></span> <span class='ocrx_word' id='word_1_734' title='bbox 1344 4120 1429 4191; x_wconf 86' lang='lat' dir='ltr'><strong>igitur</strong></span> <span class='ocrx_word' id='word_1_735' title='bbox 1455 4118 1595 4177; x_wconf 88' lang='lat' dir='ltr'><strong>bominico</strong></span> <span class='ocrx_word' id='word_1_736' title='bbox 1611 4124 1745 4187; x_wconf 80' lang='lat' dir='ltr'><strong>precepto</strong></span> <span class='ocrx_word' id='word_1_737' title='bbox 1764 4116 1856 4171; x_wconf 86' lang='lat' dir='ltr'><strong>omnis</strong></span> <span class='ocrx_word' id='word_1_738' title='bbox 1875 4126 1950 4172; x_wconf 87' lang='lat' dir='ltr'><strong>trou-</strong></span> 
     </span>
     <span class='ocr_line' id='line_1_98' title="bbox 1155 4198 1948 4277; baseline -0.009 -13"><span class='ocrx_word' id='word_1_739' title='bbox 1155 4219 1233 4265; x_wconf 85' lang='lat' dir='ltr'><strong>catur</strong></span> <span class='ocrx_word' id='word_1_740' title='bbox 1248 4208 1372 4276; x_wconf 77' lang='lat' dir='ltr'><strong>affectus,</strong></span> <span class='ocrx_word' id='word_1_741' title='bbox 1388 4217 1414 4264; x_wconf 90' lang='lat' dir='ltr'><strong>et</strong></span> <span class='ocrx_word' id='word_1_742' title='bbox 1428 4210 1553 4263; x_wconf 75' lang='lat' dir='ltr'><strong>uniuersa</strong></span> <span class='ocrx_word' id='word_1_743' title='bbox 1570 4198 1759 4277; x_wconf 84' lang='lat' dir='ltr'><strong>propinquitas</strong></span> <span class='ocrx_word' id='word_1_744' title='bbox 1773 4212 1948 4274; x_wconf 88' lang='lat' dir='ltr'><strong>amputatur.</strong></span> 
     </span>
     <span class='ocr_line' id='line_1_99' title="bbox 1155 4294 1947 4371; baseline -0.01 -16"><span class='ocrx_word' id='word_1_745' title='bbox 1155 4315 1189 4355; x_wconf 89' lang='lat' dir='ltr'><strong>ne</strong></span> <span class='ocrx_word' id='word_1_746' title='bbox 1203 4315 1251 4371; x_wconf 89' lang='lat' dir='ltr'><strong>per</strong></span> <span class='ocrx_word' id='word_1_747' title='bbox 1263 4295 1433 4356; x_wconf 85' lang='lat' dir='ltr'><strong>occasionem</strong></span> <span class='ocrx_word' id='word_1_748' title='bbox 1448 4298 1556 4370; x_wconf 85' lang='lat' dir='ltr'><strong>pictatis</strong></span> <span class='ocrx_word' id='word_1_749' title='bbox 1570 4295 1757 4366; x_wconf 87' lang='lat' dir='ltr'><strong>unusquisque</strong></span> <span class='ocrx_word' id='word_1_750' title='bbox 1779 4294 1947 4350; x_wconf 84' lang='lat' dir='ltr'><strong>crerlentium</strong></span> 
     </span>
     <span class='ocr_line' id='line_1_100' title="bbox 1155 4383 1948 4460; baseline -0.009 -16"><span class='ocrx_word' id='word_1_751' title='bbox 1155 4389 1290 4445; x_wconf 87' lang='lat' dir='ltr'><strong>scandalis</strong></span> <span class='ocrx_word' id='word_1_752' title='bbox 1312 4396 1413 4460; x_wconf 85' lang='lat' dir='ltr'><strong>pateat.</strong></span> <span class='ocrx_word' id='word_1_753' title='bbox 1436 4387 1464 4443; x_wconf 93' lang='lat' dir='ltr'><strong>Si</strong></span> <span class='ocrx_word' id='word_1_754' title='bbox 1479 4427 1487 4454; x_wconf 93' lang='lat'><strong>,</strong></span> <span class='ocrx_word' id='word_1_755' title='bbox 1503 4387 1617 4457; x_wconf 88' lang='lat' dir='ltr'><strong>inquit,</strong></span> <span class='ocrx_word' id='word_1_756' title='bbox 1632 4386 1668 4440; x_wconf 88' lang='lat' dir='ltr'><strong>ita</strong></span> <span class='ocrx_word' id='word_1_757' title='bbox 1682 4383 1801 4454; x_wconf 87' lang='lat' dir='ltr'><strong>estquis</strong></span> <span class='ocrx_word' id='word_1_758' title='bbox 1815 4384 1865 4439; x_wconf 91' lang='lat' dir='ltr'><strong>tibi</strong></span> <span class='ocrx_word' id='word_1_759' title='bbox 1885 4398 1948 4438; x_wconf 87' lang='lat' dir='ltr'><strong>con·</strong></span> 
     </span>
     <span class='ocr_line' id='line_1_101' title="bbox 1152 4474 1950 4554; baseline -0.014 -16"><span class='ocrx_word' id='word_1_760' title='bbox 1152 4484 1273 4554; x_wconf 85' lang='lat' dir='ltr'><strong>junctas,</strong></span> <span class='ocrx_word' id='word_1_761' title='bbox 1289 4490 1438 4548; x_wconf 84' lang='lat' dir='ltr'><strong>almanus,</strong></span> <span class='ocrx_word' id='word_1_762' title='bbox 1455 4495 1513 4550; x_wconf 89' lang='lat' dir='ltr'><strong>pes,</strong></span> <span class='ocrx_word' id='word_1_763' title='bbox 1540 4478 1643 4543; x_wconf 91' lang='lat' dir='ltr'><strong>oculus,</strong></span> <span class='ocrx_word' id='word_1_764' title='bbox 1656 4485 1684 4532; x_wconf 90' lang='lat' dir='ltr'><strong>et</strong></span> <span class='ocrx_word' id='word_1_765' title='bbox 1701 4487 1744 4531; x_wconf 91' lang='lat' dir='ltr'><strong>est</strong></span> <span class='ocrx_word' id='word_1_766' title='bbox 1768 4474 1857 4539; x_wconf 85' lang='lat' dir='ltr'><strong>utilis,</strong></span> <span class='ocrx_word' id='word_1_767' title='bbox 1872 4484 1950 4544; x_wconf 89' lang='lat' dir='ltr'><strong>atque</strong></span> 
     </span>
     <span class='ocr_line' id='line_1_102' title="bbox 1156 4565 1950 4639; baseline -0.015 -8"><span class='ocrx_word' id='word_1_768' title='bbox 1156 4574 1308 4639; x_wconf 85' lang='lat' dir='ltr'><strong>sollicitus,</strong></span> <span class='ocrx_word' id='word_1_769' title='bbox 1329 4580 1357 4627; x_wconf 88' lang='lat' dir='ltr'><strong>et</strong></span> <span class='ocrx_word' id='word_1_770' title='bbox 1378 4579 1473 4626; x_wconf 88' lang='lat' dir='ltr'><strong>acutus</strong></span> <span class='ocrx_word' id='word_1_771' title='bbox 1487 4570 1520 4623; x_wconf 92' lang='lat' dir='ltr'><strong>ad</strong></span> <span class='ocrx_word' id='word_1_772' title='bbox 1538 4567 1775 4639; x_wconf 85' lang='lat' dir='ltr'><strong>perspiciendum,</strong></span> <span class='ocrx_word' id='word_1_773' title='bbox 1791 4565 1950 4621; x_wconf 82' lang='lat' dir='ltr'><strong>scandalunt</strong></span> 
     </span>
     <span class='ocr_line' id='line_1_103' title="bbox 1156 4656 1951 4729; baseline -0.018 -9"><span class='ocrx_word' id='word_1_774' title='bbox 1156 4675 1246 4720; x_wconf 80' lang='lat' dir='ltr'><strong>atatem</strong></span> <span class='ocrx_word' id='word_1_775' title='bbox 1261 4663 1308 4718; x_wconf 87' lang='lat' dir='ltr'><strong>tibi</strong></span> <span class='ocrx_word' id='word_1_776' title='bbox 1325 4661 1398 4723; x_wconf 87' lang='lat' dir='ltr'><strong>lacit,</strong></span> <span class='ocrx_word' id='word_1_777' title='bbox 1412 4668 1439 4714; x_wconf 93' lang='lat' dir='ltr'><strong>et</strong></span> <span class='ocrx_word' id='word_1_778' title='bbox 1453 4670 1563 4729; x_wconf 85' lang='lat' dir='ltr'><strong>propter·</strong></span> <span class='ocrx_word' id='word_1_779' title='bbox 1576 4656 1769 4713; x_wconf 90' lang='lat' dir='ltr'><strong>dissonantiam</strong></span> <span class='ocrx_word' id='word_1_780' title='bbox 1792 4669 1901 4708; x_wconf 88' lang='lat' dir='ltr'><strong>morum</strong></span> <span class='ocrx_word' id='word_1_781' title='bbox 1926 4660 1951 4707; x_wconf 87' lang='lat' dir='ltr'><strong>te</strong></span> 
     </span>
    </p>

    <p class='ocr_par' dir='ltr' id='par_1_19' title="bbox 1120 4745 1953 6002">
     <span class='ocr_line' id='line_1_104' title="bbox 1120 4745 1951 4850; baseline -0.016 -41"><span class='ocrx_word' id='word_1_782' title='bbox 1120 4752 1289 4850; x_wconf 80' lang='lat' dir='ltr'><strong>Dpertrabit</strong></span> <span class='ocrx_word' id='word_1_783' title='bbox 1301 4751 1330 4806; x_wconf 92' lang='lat' dir='ltr'><strong>in</strong></span> <span class='ocrx_word' id='word_1_784' title='bbox 1344 4752 1496 4820; x_wconf 85' lang='lat' dir='ltr'><strong>gebennam</strong></span> <span class='ocrx_word' id='word_1_785' title='bbox 1510 4788 1518 4813; x_wconf 93' lang='lat'><strong>,</strong></span> <span class='ocrx_word' id='word_1_786' title='bbox 1533 4746 1629 4801; x_wconf 88' lang='lat' dir='ltr'><strong>melius</strong></span> <span class='ocrx_word' id='word_1_787' title='bbox 1643 4753 1685 4801; x_wconf 87' lang='lat' dir='ltr'><strong>est</strong></span> <span class='ocrx_word' id='word_1_788' title='bbox 1702 4745 1951 4815; x_wconf 85' lang='lat' dir='ltr'><strong>utpropinquitate</strong></span> 
     </span>
     <span class='ocr_line' id='line_1_105' title="bbox 1156 4835 1950 4910; baseline -0.013 -10"><span class='ocrx_word' id='word_1_789' title='bbox 1156 4855 1184 4900; x_wconf 92' lang='lat' dir='ltr'><strong>ct</strong></span> <span class='ocrx_word' id='word_1_790' title='bbox 1197 4844 1386 4899; x_wconf 76' lang='lat' dir='ltr'><strong>curulumentis</strong></span> <span class='ocrx_word' id='word_1_791' title='bbox 1407 4841 1466 4910; x_wconf 87' lang='lat' dir='ltr'><strong>ejus</strong></span> <span class='ocrx_word' id='word_1_792' title='bbox 1486 4855 1599 4906; x_wconf 88' lang='lat' dir='ltr'><strong>careas,</strong></span> <span class='ocrx_word' id='word_1_793' title='bbox 1613 4854 1695 4910; x_wconf 91' lang='lat' dir='ltr'><strong>quam</strong></span> <span class='ocrx_word' id='word_1_794' title='bbox 1706 4838 1771 4892; x_wconf 91' lang='lat' dir='ltr'><strong>dum</strong></span> <span class='ocrx_word' id='word_1_795' title='bbox 1785 4837 1827 4890; x_wconf 87' lang='lat' dir='ltr'><strong>ris</strong></span> <span class='ocrx_word' id='word_1_796' title='bbox 1842 4835 1950 4892; x_wconf 88' lang='lat' dir='ltr'><strong>lucrila·</strong></span> 
     </span>
     <span class='ocr_line' id='line_1_106' title="bbox 1156 4928 1949 5005; baseline -0.014 -14"><span class='ocrx_word' id='word_1_797' title='bbox 1156 4951 1218 4991; x_wconf 88' lang='lat' dir='ltr'><strong>cere</strong></span> <span class='ocrx_word' id='word_1_798' title='bbox 1229 4944 1357 5005; x_wconf 88' lang='lat' dir='ltr'><strong>cognatos</strong></span> <span class='ocrx_word' id='word_1_799' title='bbox 1363 4935 1398 4988; x_wconf 89' lang='lat' dir='ltr'><strong>‘et</strong></span> <span class='ocrx_word' id='word_1_800' title='bbox 1411 4932 1579 4988; x_wconf 89' lang='lat' dir='ltr'><strong>necessarios</strong></span> <span class='ocrx_word' id='word_1_801' title='bbox 1592 4971 1598 4994; x_wconf 91' lang='lat'>‚</span> <span class='ocrx_word' id='word_1_802' title='bbox 1614 4944 1724 4984; x_wconf 89' lang='lat' dir='ltr'><strong>causam</strong></span> <span class='ocrx_word' id='word_1_803' title='bbox 1739 4929 1846 4984; x_wconf 90' lang='lat' dir='ltr'><strong>babeas</strong></span> <span class='ocrx_word' id='word_1_804' title='bbox 1860 4928 1949 4983; x_wconf 64' lang='lat' dir='ltr'><strong>ruina</strong></span> 
     </span>
     <span class='ocr_line' id='line_1_107' title="bbox 1157 5022 1953 5097; baseline -0.01 -14"><span class='ocrx_word' id='word_1_805' title='bbox 1157 5044 1227 5084; x_wconf 92' lang='lat' dir='ltr'><strong>rum.</strong></span> <span class='ocrx_word' id='word_1_806' title='bbox 1245 5027 1381 5083; x_wconf 72' lang='grc' dir='ltr'>ικάνδαλον</span> <span class='ocrx_word' id='word_1_807' title='bbox 1394 5029 1494 5097; x_wconf 88' lang='lat' dir='ltr'><strong>quippe</strong></span> <span class='ocrx_word' id='word_1_808' title='bbox 1505 5041 1594 5081; x_wconf 90' lang='lat' dir='ltr'><strong>sermo</strong></span> <span class='ocrx_word' id='word_1_809' title='bbox 1613 5024 1724 5080; x_wconf 74' lang='lat' dir='ltr'><strong>Graccus</strong></span> <span class='ocrx_word' id='word_1_810' title='bbox 1736 5032 1797 5087; x_wconf 88' lang='lat' dir='ltr'><strong>est,</strong></span> <span class='ocrx_word' id='word_1_811' title='bbox 1811 5022 1888 5091; x_wconf 92' lang='lat' dir='ltr'><strong>quod</strong></span> <span class='ocrx_word' id='word_1_812' title='bbox 1902 5035 1953 5075; x_wconf 80' lang='lat' dir='ltr'><strong>taor</strong></span> 
     </span>
     <span class='ocr_line' id='line_1_108' title="bbox 1156 5115 1947 5186; baseline -0.011 -9"><span class='ocrx_word' id='word_1_813' title='bbox 1156 5121 1345 5177; x_wconf 81' lang='lat' dir='ltr'><strong>offendiculum</strong></span> <span class='ocrx_word' id='word_1_814' title='bbox 1364 5119 1406 5175; x_wconf 86' lang='lat' dir='ltr'><strong>rel</strong></span> <span class='ocrx_word' id='word_1_815' title='bbox 1425 5120 1543 5180; x_wconf 84' lang='lat' dir='ltr'><strong>ruinam,</strong></span> <span class='ocrx_word' id='word_1_816' title='bbox 1557 5127 1586 5172; x_wconf 91' lang='grc' dir='ltr'>οι</span> <span class='ocrx_word' id='word_1_817' title='bbox 1603 5117 1797 5185; x_wconf 91' lang='lat' dir='ltr'><strong>impactionem</strong></span> <span class='ocrx_word' id='word_1_818' title='bbox 1819 5115 1947 5186; x_wconf 86' lang='lat' dir='ltr'><strong>pedisdi-</strong></span> 
     </span>
     <span class='ocr_line' id='line_1_109' title="bbox 1157 5204 1946 5282; baseline -0.011 -15"><span class='ocrx_word' id='word_1_819' title='bbox 1157 5228 1219 5267; x_wconf 88' lang='lat' dir='ltr'><strong>cere</strong></span> <span class='ocrx_word' id='word_1_820' title='bbox 1238 5227 1389 5282; x_wconf 90' lang='lat' dir='ltr'><strong>possumus.</strong></span> <span class='ocrx_word' id='word_1_821' title='bbox 1414 5209 1465 5264; x_wconf 87' lang='lat' dir='ltr'><strong>llle</strong></span> <span class='ocrx_word' id='word_1_822' title='bbox 1488 5225 1553 5278; x_wconf 88' lang='lat' dir='ltr'><strong>ergo</strong></span> <span class='ocrx_word' id='word_1_823' title='bbox 1579 5207 1745 5264; x_wconf 84' lang='lat' dir='ltr'><strong>scandalizat</strong></span> <span class='ocrx_word' id='word_1_824' title='bbox 1770 5204 1888 5262; x_wconf 79' lang='lat' dir='ltr'><strong>fratrem</strong></span> <span class='ocrx_word' id='word_1_825' title='bbox 1904 5204 1946 5276; x_wconf 91' lang='lat' dir='ltr'><strong>qui</strong></span> 
     </span>
     <span class='ocr_line' id='line_1_110' title="bbox 1158 5293 1946 5359; baseline -0.019 0"><span class='ocrx_word' id='word_1_826' title='bbox 1158 5305 1230 5359; x_wconf 89' lang='lat' dir='ltr'><strong>dieto</strong></span> <span class='ocrx_word' id='word_1_827' title='bbox 1245 5300 1349 5357; x_wconf 85' lang='lat' dir='ltr'><strong>lactare</strong></span> <span class='ocrx_word' id='word_1_828' title='bbox 1363 5302 1453 5355; x_wconf 85' lang='lat' dir='ltr'><strong>atinus</strong></span> <span class='ocrx_word' id='word_1_829' title='bbox 1465 5308 1540 5353; x_wconf 89' lang='lat' dir='ltr'><strong>recto</strong></span> <span class='ocrx_word' id='word_1_830' title='bbox 1550 5298 1721 5352; x_wconf 84' lang='lat' dir='ltr'><strong>occasionem</strong></span> <span class='ocrx_word' id='word_1_831' title='bbox 1736 5295 1824 5349; x_wconf 77' lang='lat' dir='ltr'><strong>ruinae</strong></span> <span class='ocrx_word' id='word_1_832' title='bbox 1836 5293 1946 5351; x_wconf 88' lang='lat' dir='ltr'><strong>dederit.</strong></span> 
     </span>
     <span class='ocr_line' id='line_1_111' title="bbox 1158 5385 1945 5463; baseline -0.011 -16"><span class='ocrx_word' id='word_1_833' title='bbox 1158 5393 1251 5463; x_wconf 90' lang='lat' dir='ltr'><strong>ltaque</strong></span> <span class='ocrx_word' id='word_1_834' title='bbox 1272 5408 1325 5447; x_wconf 93' lang='lat' dir='ltr'><strong>non</strong></span> <span class='ocrx_word' id='word_1_835' title='bbox 1349 5390 1432 5446; x_wconf 79' lang='lat' dir='ltr'><strong>irater</strong></span> <span class='ocrx_word' id='word_1_836' title='bbox 1444 5431 1451 5456; x_wconf 97' lang='lat'><strong>,</strong></span> <span class='ocrx_word' id='word_1_837' title='bbox 1465 5406 1521 5445; x_wconf 93' lang='lat' dir='ltr'><strong>non</strong></span> <span class='ocrx_word' id='word_1_838' title='bbox 1535 5404 1602 5443; x_wconf 79' lang='lat' dir='ltr'><strong>uxor</strong></span> <span class='ocrx_word' id='word_1_839' title='bbox 1615 5429 1622 5451; x_wconf 89' lang='lat'><strong>,</strong></span> <span class='ocrx_word' id='word_1_840' title='bbox 1636 5402 1690 5442; x_wconf 93' lang='lat' dir='ltr'><strong>non</strong></span> <span class='ocrx_word' id='word_1_841' title='bbox 1704 5386 1751 5440; x_wconf 84' lang='lat' dir='ltr'><strong>dlii</strong></span> <span class='ocrx_word' id='word_1_842' title='bbox 1763 5426 1771 5451; x_wconf 87' lang='lat'><strong>,</strong></span> <span class='ocrx_word' id='word_1_843' title='bbox 1783 5401 1838 5440; x_wconf 89' lang='lat' dir='ltr'><strong>non</strong></span> <span class='ocrx_word' id='word_1_844' title='bbox 1850 5385 1945 5445; x_wconf 85' lang='lat' dir='ltr'><strong>amici,</strong></span> 
     </span>
     <span class='ocr_line' id='line_1_112' title="bbox 1160 5476 1948 5549; baseline -0.014 -12"><span class='ocrx_word' id='word_1_845' title='bbox 1160 5499 1213 5538; x_wconf 93' lang='lat' dir='ltr'><strong>non</strong></span> <span class='ocrx_word' id='word_1_846' title='bbox 1237 5483 1327 5538; x_wconf 79' lang='lat' dir='ltr'><strong>oannis</strong></span> <span class='ocrx_word' id='word_1_847' title='bbox 1353 5481 1485 5544; x_wconf 82' lang='lat' dir='ltr'><strong>allectus,</strong></span> <span class='ocrx_word' id='word_1_848' title='bbox 1511 5481 1557 5549; x_wconf 91' lang='lat' dir='ltr'><strong>qul</strong></span> <span class='ocrx_word' id='word_1_849' title='bbox 1582 5493 1632 5543; x_wconf 87' lang='lat' dir='ltr'><strong>nos</strong></span> <span class='ocrx_word' id='word_1_850' title='bbox 1653 5476 1801 5531; x_wconf 80' lang='lat' dir='ltr'><strong>excludere</strong></span> <span class='ocrx_word' id='word_1_851' title='bbox 1821 5485 1948 5545; x_wconf 81' lang='lat' dir='ltr'><strong>potesta</strong></span> 
     </span>
     <span class='ocr_line' id='line_1_113' title="bbox 1160 5560 1949 5645; baseline -0.014 -17"><span class='ocrx_word' id='word_1_852' title='bbox 1160 5586 1243 5645; x_wconf 84' lang='lat' dir='ltr'><strong>regno</strong></span> <span class='ocrx_word' id='word_1_853' title='bbox 1257 5572 1387 5628; x_wconf 86' lang='lat' dir='ltr'><strong>eoelorum</strong></span> <span class='ocrx_word' id='word_1_854' title='bbox 1400 5612 1407 5636; x_wconf 99' lang='lat'><strong>,</strong></span> <span class='ocrx_word' id='word_1_855' title='bbox 1422 5570 1508 5641; x_wconf 89' lang='lat' dir='ltr'><strong>amori</strong></span> <span class='ocrx_word' id='word_1_856' title='bbox 1531 5568 1635 5623; x_wconf 80' lang='lat' dir='ltr'><strong>{lentim</strong></span> <span class='ocrx_word' id='word_1_857' title='bbox 1658 5575 1846 5637; x_wconf 71' lang='lat' dir='ltr'><strong>praeponatur.</strong></span> <span class='ocrx_word' id='word_1_858' title='bbox 1875 5560 1949 5621; x_wconf 70' lang='lat' dir='ltr'><strong>lierit</strong></span> 
     </span>
     <span class='ocr_line' id='line_1_114' title="bbox 1160 5654 1946 5733; baseline -0.014 -15"><span class='ocrx_word' id='word_1_859' title='bbox 1160 5665 1343 5733; x_wconf 84' lang='lat' dir='ltr'><strong>unusquisque</strong></span> <span class='ocrx_word' id='word_1_860' title='bbox 1363 5662 1531 5718; x_wconf 90' lang='lat' dir='ltr'><strong>credentiam</strong></span> <span class='ocrx_word' id='word_1_861' title='bbox 1549 5659 1614 5728; x_wconf 89' lang='lat' dir='ltr'><strong>quid</strong></span> <span class='ocrx_word' id='word_1_862' title='bbox 1636 5659 1687 5714; x_wconf 88' lang='lat' dir='ltr'><strong>sibi</strong></span> <span class='ocrx_word' id='word_1_863' title='bbox 1714 5665 1830 5723; x_wconf 89' lang='lat' dir='ltr'><strong>noceat,</strong></span> <span class='ocrx_word' id='word_1_864' title='bbox 1858 5657 1902 5710; x_wconf 82' lang='lat' dir='ltr'><strong>vel</strong></span> <span class='ocrx_word' id='word_1_865' title='bbox 1923 5654 1946 5708; x_wconf 85' lang='lat' dir='ltr'><strong>ia</strong></span> 
     </span>
     <span class='ocr_line' id='line_1_115' title="bbox 1160 5747 1946 5824; baseline -0.006 -17"><span class='ocrx_word' id='word_1_866' title='bbox 1160 5772 1213 5824; x_wconf 73' lang='lat' dir='ltr'><strong>qam</strong></span> <span class='ocrx_word' id='word_1_867' title='bbox 1228 5755 1388 5809; x_wconf 87' lang='lat' dir='ltr'><strong>sollicitetur</strong></span> <span class='ocrx_word' id='word_1_868' title='bbox 1402 5754 1517 5817; x_wconf 80' lang='lat' dir='ltr'><strong>arrianus,</strong></span> <span class='ocrx_word' id='word_1_869' title='bbox 1544 5766 1575 5805; x_wconf 90' lang='lat' dir='ltr'><strong>ae</strong></span> <span class='ocrx_word' id='word_1_870' title='bbox 1601 5765 1673 5821; x_wconf 79' lang='lat' dir='ltr'><strong>saepe</strong></span> <span class='ocrx_word' id='word_1_871' title='bbox 1698 5757 1829 5803; x_wconf 88' lang='lat' dir='ltr'><strong>tentetur.</strong></span> <span class='ocrx_word' id='word_1_872' title='bbox 1860 5747 1946 5803; x_wconf 76' lang='lat' dir='ltr'><strong>blclittt</strong></span> 
     </span>
     <span class='ocr_line' id='line_1_116' title="bbox 1160 5839 1946 5916; baseline -0.01 -16"><span class='ocrx_word' id='word_1_873' title='bbox 1160 5863 1225 5916; x_wconf 80' lang='lat' dir='ltr'><strong>ergo</strong></span> <span class='ocrx_word' id='word_1_874' title='bbox 1236 5857 1277 5900; x_wconf 85' lang='lat' dir='ltr'><strong>est</strong></span> <span class='ocrx_word' id='word_1_875' title='bbox 1289 5847 1372 5901; x_wconf 77' lang='lat' dir='ltr'><strong>sitnm</strong></span> <span class='ocrx_word' id='word_1_876' title='bbox 1388 5844 1536 5899; x_wconf 85' lang='lat' dir='ltr'><strong>solitariam</strong></span> <span class='ocrx_word' id='word_1_877' title='bbox 1548 5842 1657 5905; x_wconf 90' lang='lat' dir='ltr'><strong>ducere,</strong></span> <span class='ocrx_word' id='word_1_878' title='bbox 1672 5854 1756 5910; x_wconf 86' lang='lat' dir='ltr'><strong>quam</strong></span> <span class='ocrx_word' id='word_1_879' title='bbox 1766 5840 1802 5894; x_wconf 90' lang='lat' dir='ltr'><strong>ob</strong></span> <span class='ocrx_word' id='word_1_880' title='bbox 1813 5839 1946 5908; x_wconf 67' lang='lat' dir='ltr'><strong>ritaprae·</strong></span> 
     </span>
     <span class='ocr_line' id='line_1_117' title="bbox 1161 5933 1790 6002; baseline -0.01 -10"><span class='ocrx_word' id='word_1_881' title='bbox 1161 5941 1245 5992; x_wconf 78' lang='lat' dir='ltr'><strong>sontis</strong></span> <span class='ocrx_word' id='word_1_882' title='bbox 1258 5938 1411 5996; x_wconf 85' lang='lat' dir='ltr'><strong>neccssaria</strong></span> <span class='ocrx_word' id='word_1_883' title='bbox 1425 5938 1508 5991; x_wconf 81' lang='lat' dir='ltr'><strong>uitam</strong></span> <span class='ocrx_word' id='word_1_884' title='bbox 1520 5944 1649 5989; x_wconf 79' lang='lat' dir='ltr'><strong>aternam</strong></span> <span class='ocrx_word' id='word_1_885' title='bbox 1662 5933 1790 6002; x_wconf 82' lang='lat' dir='ltr'><strong>perdere.</strong></span> 
     </span>
    </p>

    <p class='ocr_par' dir='ltr' id='par_1_20' title="bbox 1204 6022 1951 6094">
     <span class='ocr_line' id='line_1_118' title="bbox 1204 6022 1951 6094; baseline -0.007 -14"><span class='ocrx_word' id='word_1_886' title='bbox 1204 6029 1290 6084; x_wconf 82' lang='lat' dir='ltr'><strong>Videte</strong></span> <span class='ocrx_word' id='word_1_887' title='bbox 1308 6046 1339 6084; x_wconf 86' lang='lat' dir='ltr'><strong>ne</strong></span> <span class='ocrx_word' id='word_1_888' title='bbox 1353 6029 1524 6083; x_wconf 80' lang='lat' dir='ltr'><strong>coartemnotia</strong></span> <span class='ocrx_word' id='word_1_889' title='bbox 1543 6044 1622 6082; x_wconf 86' lang='lat' dir='ltr'><strong>anum</strong></span> <span class='ocrx_word' id='word_1_890' title='bbox 1635 6042 1668 6080; x_wconf 82' lang='lat' dir='ltr'><strong>cc</strong></span> <span class='ocrx_word' id='word_1_891' title='bbox 1680 6025 1721 6078; x_wconf 81' lang='lat' dir='ltr'><strong>laia</strong></span> <span class='ocrx_word' id='word_1_892' title='bbox 1731 6022 1850 6094; x_wconf 69' lang='lat' dir='ltr'><strong>pusillis.</strong></span> <span class='ocrx_word' id='word_1_893' title='bbox 1867 6023 1951 6092; x_wconf 87' lang='lat' dir='ltr'><strong>Supra</strong></span> 
     </span>
    </p>
   </div>
   <div class='ocr_carea' id='block_1_17' title="bbox 0 0 2272 6850">
    <p class='ocr_par' dir='ltr' id='par_1_21' title="bbox 0 0 2272 6850">
     <span class='ocr_line' id='line_1_119' title="bbox 0 0 2272 6850; baseline 0 0"><span class='ocrx_word' id='word_1_894' title='bbox 0 0 2272 6850; x_wconf 95' lang='lat' dir='ltr'><strong> </strong></span> 
     </span>
    </p>
   </div>
  </div>
 </body>
</html>
