4509 6850
338 657 369 715 ss
894 655 941 710 tto
960 653 1072 710 OPERA
1092 656 1121 710 b.
1143 656 1268 711 itabant
1288 658 1394 715 ttttt'tu
1924 668 1960 725 tt

337 781 380 826 tut
392 785 461 835 rum,
484 770 517 826 dc
537 767 671 840 hlagontia
692 766 828 839 explicare
841 773 956 836 oportet,
971 763 1120 834 etquidem
1137 763 1383 844 Adundramnus‚
1399 768 1446 836 qtri
1458 777 1486 823 et
1501 768 1654 841 ingemiseit
1666 787 1696 826 sc
1707 773 1733 827 ri
1748 773 1781 827 de
1798 782 1963 834 monasterio

337 862 377 916 sic
390 860 535 932 explicavit
546 867 624 914 retus
636 858 747 927 quidam
766 858 945 927 Anonymus,
962 853 1039 924 eujus
1060 871 1123 910 sen·
1173 853 1257 908 tuisse
1267 855 1398 922 ablatum,
1414 874 1423 907 ι
1441 865 1469 911 et
1480 857 1506 911 in
1518 858 1963 935 palatinommnumeronuncupa-

337 953 449 1007 tentiam
468 950 616 1006 reseremus
625 948 696 1004 inira
709 963 783 1002 num.
796 946 841 1001 59.
1174 956 1241 1003 turm.
1262 970 1271 1002 r
1288 949 1366 1007 Alius
1378 968 1461 1023 porro
1475 955 1541 1009 milri
1554 956 1659 1010 videtur
1672 956 1862 1014 Gundramnus
1873 960 1925 1014 iste
1946 976 1961 1013 a

370 1041 397 1094 5.
418 1039 528 1095 Rabano
551 1046 688 1110 parentes,
708 1056 718 1088 ι
737 1037 907 1092 liuthardum
933 1035 1122 1108 llagnentiana
1172 1038 1357 1102 Gundramno.
1373 1043 1462 1113 cujus,
1475 1048 1514 1101 uti
1527 1055 1554 1101 et
1573 1048 1700 1106 Otdrudis
1719 1050 1891 1119 ejnsuxoris,
1903 1053 1961 1122 epi-

337 1127 439 1183 iamilia
455 1129 650 1193 satum,rirum
659 1127 770 1181 dititem
782 1135 810 1181 et
820 1134 968 1196 potentem,
980 1128 1026 1197 qui
1039 1126 1122 1181 multo
1174 1130 1294 1200 taphium
1307 1133 1393 1188 texuit
1408 1133 1546 1202 Rabunus,
1561 1152 1623 1191 cnm
1635 1137 1739 1207 primus
1756 1139 1849 1193 Lerita
1868 1140 1958 1206 luerit,

337 1228 460 1290 tempore
473 1219 523 1274 sub
535 1217 701 1276 Francorum
715 1217 882 1289 principibus
897 1226 1008 1274 strenue
1020 1217 1122 1273 milita·
1170 1220 1241 1276 alter
1259 1219 1428 1294 conjugatus.
1452 1219 1516 1280 tiae
1532 1225 1565 1280 de
1586 1226 1691 1280 Rabani
1703 1229 1877 1297 parentibus,
1893 1244 1962 1298 quos

336 1311 424 1374 rerit;
449 1317 476 1364 et
488 1307 672 1380 llldepundem
697 1307 894 1364 honestissime
908 1310 1122 1366 conversationis
1173 1313 1261 1369 claros
1278 1313 1361 1371 luisse
1372 1331 1405 1372 cx
1415 1314 1472 1384 jam
1486 1315 1565 1372 dictis
1578 1317 1750 1373 manifestum
1765 1327 1816 1373 cst.

340 1402 492 1467 mulierem,
510 1421 519 1454 r
536 1401 629 1458 tribuit
640 1401 758 1456 loannes
770 1400 945 1456 Tritlremius.
962 1401 1016 1457 Sed
1028 1402 1073 1473 qui
1084 1401 1123 1456 la·
1207 1403 1234 1456 l.
1256 1403 1411 1459 Natalitium
1432 1404 1490 1475 ejus
1508 1407 1577 1461 diem
1592 1415 1621 1461 et
1642 1423 1742 1460 annum
1763 1410 1961 1463 asseverantius

336 1509 402 1564 psus
416 1503 458 1549 cst
478 1494 505 1548 in
521 1492 581 1549 loco
597 1492 745 1548 natiuitatis
767 1493 826 1563 ejus
840 1493 1015 1565 designando,
1028 1507 1124 1550 vercor
1173 1489 1268 1547 delinit
1286 1490 1450 1548 Trithcmius
1472 1511 1483 1545 ι
1502 1502 1599 1562 quarto
1619 1509 1703 1548 nonas
1717 1494 1866 1558 Februarii,
1890 1512 1962 1550 anno

337 1595 365 1640 nt
382 1585 405 1638 ri
429 1593 485 1640 tute
505 1585 630 1639 credatur
646 1583 678 1639 de
696 1584 849 1639 nominibus
875 1594 903 1639 et
923 1586 1055 1655 dignitate
1073 1602 1123 1655 pa·
1173 1582 1411 1653 septingentesimo
1431 1584 1597 1655 octogesimo
1616 1595 1720 1639 octavo.
1746 1605 1754 1636 r
1775 1586 1850 1640 Diem
1868 1586 1962 1640 nescio

337 1689 453 1743 ratitum,
477 1695 590 1750 quorum
613 1678 685 1733 nulla
705 1680 807 1733 mentio
829 1679 899 1749 apud
921 1680 1056 1747 antiquos.
1072 1676 1124 1733 Fe·
1173 1671 1244 1725 unde
1258 1671 1401 1739 acceperit,
1415 1686 1515 1725 annum
1530 1681 1641 1740 propter
1656 1686 1739 1741 prope
1751 1673 1848 1741 attigit.
1871 1674 1961 1727 liuba-

337 1779 487 1824 rumtamen
500 1779 603 1824 certum
614 1779 656 1824 cst
666 1769 804 1823 llabamrm
818 1769 915 1823 illustri
927 1784 1024 1840 genere
1034 1777 1123 1822 ortum
1173 1776 1224 1816 nus
1237 1760 1270 1816 ad
1289 1761 1449 1816 diaconatus
1462 1763 1574 1833 gradum
1589 1770 1727 1831 promotus
1741 1773 1782 1817 est
1803 1779 1874 1817 anuo
1885 1763 1962 1817 Chri-

337 1859 429 1923 iulssc.
444 1868 474 1914 ut
486 1860 530 1928 qtri
555 1859 665 1914 fratrem
691 1859 784 1913 babuit
799 1860 939 1924 Tutinum,
962 1858 1048 1913 tirum
1061 1873 1123 1912 cum
1173 1851 1208 1906 sti
1227 1851 1450 1921 octingentesimo
1465 1850 1562 1920 primo,
1580 1861 1610 1905 ιιι
1631 1851 1742 1907 inieritis
1761 1854 1911 1907 ostendam.
1933 1853 1961 1907 Si

337 1952 431 2022 prieris
445 1951 573 2015 nobilem,
590 1958 705 2005 testante
720 1950 834 2004 liubane
847 1950 873 2003 in
889 1950 947 2020 cajus
968 1949 1120 2018 epitaphio;
1174 1939 1303 1995 Ecclesiae
1315 1949 1419 1994 setores
1432 1940 1504 2009 leges
1519 1955 1551 1994 ac
1566 1939 1672 2010 regulas
1684 1940 1736 1994 hac
1747 1942 1773 1993 iu
1789 1957 1817 1994 rc
1832 1943 1959 2000 scrrarit,

337 2052 364 2096 οι
386 2049 510 2110 nopotem
534 2039 737 2095 Gunpfffinnum
764 2040 899 2099 Leptam,
929 2038 1003 2094 0011ae
1030 2038 1121 2094 sancii
1175 2038 1239 2086 tuuc
1259 2039 1340 2086 uatus
1360 2039 1419 2085 crat
1440 2046 1525 2085 annos
1546 2032 1687 2084 minimum
1715 2031 1808 2101 viginti
1832 2032 1960 2100 utrinqne.

338 2134 393 2190 Soli
410 2134 601 2203 praepositum,
622 2142 649 2187 ct
668 2132 794 2186 harderici
812 2132 965 2187 Germaniae
982 2132 1054 2202 regis
1073 2147 1120 2186 ca.
1136 2113 1249 2174 Blianc
1267 2121 1339 2174 cuim
1352 2128 1459 2174 aetatem
1472 2120 1583 2189 exigunt
1596 2120 1677 2187 prisci
1691 2135 1819 2184 canones,
1841 2122 1891 2174 nisi
1907 2122 1962 2174 dis-

335 2225 480 2294 peltanum,
502 2222 593 2277 Tutini
607 2222 770 2292 epitaphium
784 2220 914 2290 ejusmodi
927 2229 968 2277 ρει
983 2240 989 2274 ;
1173 2212 1296 2281 pensatio
1307 2212 1476 2265 accessisset.
1492 2211 1562 2281 Ergo
1575 2210 1701 2265 inlunem
1714 2210 1802 2264 editus
1816 2218 1857 2264 est
1871 2210 1960 2262 lialra·

1173 2317 1224 2357 nus
1241 2317 1312 2355 anno
1333 2301 1389 2355 iere
1415 2300 1475 2354 rto.
1495 2300 1575 2355 Certe
1599 2301 1682 2355 libros
1695 2301 1761 2356 duos
1781 2301 1812 2355 de
1837 2300 1960 2354 laudibus

1172 2400 1272 2447 sancte
1288 2392 1376 2446 crucis
1396 2391 1514 2446 seribere
1538 2407 1682 2462 aggressus
1706 2401 1746 2446 est
1771 2400 1833 2446 ante
1859 2406 1960 2445 atinum

1171 2479 1232 2547 tto,
1246 2481 1291 2537 ubi
1303 2498 1349 2536 ser
1361 2481 1453 2544 lustro,
1469 2482 1495 2536 id
1513 2493 1555 2536 est
1568 2483 1678 2553 triginta
1691 2498 1786 2544 auritos,
1799 2483 1932 2553 implerit.

1484 2595 1598 2650 cartu
1617 2596 1647 2650 ll.

1172 2681 1452 2754 Honesticoprescssio
1463 2693 1487 2737 et
1500 2684 1665 2806 digrottnttfs,
1680 2686 1767 2739 studio
1778 2685 1824 2739 aab
1837 2685 1958 2750 Alcaico,

1478 2771 1526 2808 corr
1547 2770 1629 2824 tscrpo
1641 2772 1659 2808 t.

1206 2841 1233 2895 5.
1256 2859 1264 2892 ι
1284 2840 1377 2898 Fuldae
1392 2843 1569 2898 monnellusa
1591 2859 1676 2914 puero
1689 2843 1750 2910 luit,
1771 2865 1780 2898 r
1803 2855 1870 2901 teste
1884 2846 1958 2910 hiro-

1172 2947 1253 3002 nymo
1265 2930 1378 2987 interius
1390 2932 1557 3012 adducendo,
1571 2935 1681 3005 idqmd
1691 2937 1771 2990 etiam
1783 2952 1810 2990 sa
1816 2938 1849 2990 tis
1860 2937 1960 2990 iudicat

1172 3022 1200 3076 in
1211 3029 1262 3076 suo
1274 3023 1357 3093 ipsius
1377 3024 1525 3093 epitaphio,
1539 3024 1584 3079 ubi
1596 3033 1793 3094 cousequenter
1809 3034 1870 3094 post
1881 3041 1960 3079 acce-

398 2355 445 2406 llic
456 2358 519 2416 jaret
532 2356 633 2416 insignis
646 2355 679 2403 air
691 2356 787 2404 nomine
800 2354 870 2403 Tutin
883 2355 1010 2413 humatus,

429 2416 557 2476 Coma-lens
568 2429 719 2467 communem
730 2424 796 2466 sorte
808 2424 910 2465 rocrme
920 2416 994 2465 dlein.

398 2478 451 2526 Alta
463 2477 581 2526 clarorum
593 2479 632 2539 qul
647 2485 717 2525 uatus
728 2479 803 2537 stirpe
817 2483 961 2538 parentum,

430 2540 498 2590 lloro
509 2539 571 2587 οιιιιιί
585 2550 700 2600 proceres
711 2538 868 2599 notripararit
880 2549 944 2586 avos.

397 2598 509 2661 ingenio,
524 2599 657 2660 probitate,
672 2600 730 2662 lide,
742 2600 859 2660 rerlriqne
869 2598 960 2647 decore
973 2636 980 2659 ,

428 2661 494 2710 lnter
506 2657 604 2719 regales
616 2661 674 2709 risit
685 2661 776 2708 horrore
789 2661 860 2708 siros.

397 2721 475 2779 Orioni
487 2720 601 2781 lurcncm
613 2721 699 2769 mediis
708 2721 824 2769 eecldlrse
833 2720 936 2770 uiriliter
945 2719 1027 2777 aruris,

428 2782 514 2831 Ellecit
526 2781 615 2829 domlni
628 2783 704 2840 pratia
714 2793 799 2841 magua
812 2783 859 2829 sui.

399 2841 487 2892 Frater
500 2842 618 2903 pontillelr
629 2842 674 2891 luit
686 2842 728 2891 ille
740 2841 882 2891 celerrimus
894 2842 968 2891 armis

429 2905 475 2963 oni
486 2904 534 2953 bue
545 2904 655 2965 germani
667 2903 753 2952 detulit
764 2914 817 2951 ossa
829 2905 876 2951 sul.

399 2964 484 3015 Flecte
495 2976 560 3027 genu
571 2964 711 3026 palmasque
723 2965 787 3024 iera,
798 2964 861 3012 bone
871 2963 957 3024 lector,
968 2967 994 3012 ct
1003 2973 1074 3011 orans

429 3026 482 3087 bre,
495 3036 592 3087 precor,
602 3025 719 3074 ambobus
729 3024 859 3087 propitiare
872 3023 946 3073 Deus.

334 3130 402 3185 Nam
415 3137 446 3184 nt
456 3130 483 3185 id
496 3129 529 3186 dc
539 3128 650 3183 llabauo
660 3126 800 3198 pontifice,
815 3143 868 3183 non
882 3128 914 3182 de
927 3128 979 3183 alio
990 3128 1122 3199 interpre

339 3229 391 3287 ter,
406 3219 481 3288 iacit,
508 3220 579 3288 quod
602 3219 756 3290 pontilrccm
776 3235 829 3275 non
850 3220 983 3286 nominat,
1005 3228 1034 3275 ct
1049 3220 1121 3290 quod

334 3326 385 3384 pro
403 3309 527 3364 ambalat
543 3309 679 3381 germanis
693 3309 811 3378 postulat
824 3323 929 3379 preces.
946 3309 1022 3376 Quod
1040 3310 1062 3364 si
1077 3310 1120 3367 cui

336 3416 390 3457 non
403 3401 470 3457 satis
482 3399 650 3471 exploratum
662 3401 796 3469 videatur,
817 3401 911 3457 saltem
926 3402 1056 3459 concedat
1076 3415 1121 3459 nc·

337 3507 414 3548 cesse
439 3501 479 3547 cst
501 3489 715 3557 Gundramnum,
732 3493 821 3548 sirum
836 3492 995 3563 palatinum,
1014 3492 1118 3548 [labani

335 3581 419 3640 luisse
437 3590 572 3653 nepotem.
596 3581 680 3651 liujus
702 3583 740 3638 rei
754 3593 858 3639 certum
878 3582 1008 3640 babemus
1025 3593 1119 3639 aucto·

336 3690 405 3739 rem,
423 3689 475 3730 non
500 3673 587 3729 solum
606 3674 792 3729 Ennianricnm
813 3672 872 3743 ejus
892 3674 1021 3744 aequalem
1037 3674 1064 3729 in
1085 3674 1117 3728 li-

335 3764 385 3818 bro
406 3763 438 3818 de
459 3763 542 3833 gestis
557 3762 642 3817 saneti
665 3762 729 3829 Soli,
751 3764 893 3819 sedetiam
915 3762 1119 3820 Gundramnum

337 3855 437 3924 ipsunt,
453 3855 498 3923 qui
513 3863 542 3909 ut
556 3853 745 3910 Ermanricum
764 3856 797 3910 ad
809 3857 979 3913 scribendam
998 3856 1055 3913 Soli
1074 3857 1120 3913 Fi-

336 3955 391 4000 tam
403 3946 558 4011 adduceret,
574 3946 672 4000 domini
688 3947 798 4014 obbatis,
820 3951 918 4019 patrui,
941 3950 1038 4021 iuquit,
1053 3953 1119 4015 mei,

336 4036 467 4090 licentium
478 4036 574 4091 desert.
590 4035 656 4104 Quis
670 4037 720 4092 istc
734 4038 817 4093 abbas
830 4038 923 4106 luerit,
937 4038 1058 4095 declarat
1068 4041 1118 4095 Er·

337 4126 475 4180 manricus
495 4126 522 4180 in
535 4125 614 4181 dietat
627 4125 695 4181 l'itae
708 4142 767 4197 cap.
786 4127 813 4193 6,
836 4129 964 4183 nimirum
978 4127 1120 4184 Fuldensis

337 4217 513 4271 monasterii:
536 4236 545 4267 ι
567 4216 612 4271 ubi
633 4217 687 4272 Deo
704 4217 861 4286 procidente
879 4219 960 4275 modo
979 4219 1119 4274 sanctissi·
1160 4271 1163 4275 .

335 4322 396 4365 mus
416 4322 447 4362 ac
470 4308 496 4361 in
519 4306 593 4363 urrini
616 4316 675 4364 arte
699 4308 878 4378 peritissimus
905 4311 1031 4365 dominus
1051 4309 1119 4366 abba

336 4398 463 4455 llabanus
486 4400 678 4470 perspicaciter
697 4399 790 4472 lulgct.
811 4400 1014 4457 Gundramnum
1030 4404 1120 4459 diaco·

335 4506 399 4545 num
413 4490 601 4573 charissimum
615 4505 693 4547 suum
703 4489 806 4547 cellule
819 4491 911 4548 Sancti
926 4492 981 4549 Soli
992 4494 1119 4549 aedituum

335 4596 368 4638 ae
394 4582 465 4653 regis
481 4583 648 4654 capellanum
677 4602 686 4636 r
708 4582 882 4640 Ernranricus
904 4585 941 4640 ita
965 4585 1119 4656 loquentem

335 4673 439 4729 inducit
454 4687 513 4742 cap.
531 4674 585 4727 to:
608 4691 617 4724 ι
635 4670 691 4744 Ego
703 4689 828 4744 namque,
846 4674 931 4730 irater
948 4675 1118 4736 charissime.

334 4764 485 4834 imperante
505 4765 614 4818 domiuo
636 4780 697 4819 meo
720 4780 793 4835 rege,
808 4781 842 4819 cx
856 4764 1008 4820 ohedientia
1026 4765 1157 4858 patruiD

1171 3118 1247 3180 plum
1258 3113 1421 3182 baptismum
1432 3127 1461 3167 sc
1473 3113 1564 3168 Fuldtc
1576 3115 1670 3185 dopma
1680 3130 1793 3178 tucrum,
1807 3114 1886 3167 idest
1899 3114 1960 3167 rite

1173 3199 1334 3257 Christianae
1345 3210 1373 3255 ct
1392 3203 1548 3258 monastica
1570 3203 1643 3275 luges
1657 3204 1783 3259 didicisse
1795 3202 1919 3256 affirmat.
1931 3203 1958 3256 la

1173 3291 1336 3364 pervetustis
1356 3291 1506 3347 Annalibus
1531 3292 1720 3357 Fuldcnsibus‚
1736 3294 1781 3363 qui
1805 3293 1832 3347 in
1856 3292 1957 3347 annot

1173 3384 1279 3455 imperii
1300 3383 1427 3439 Ludorici
1442 3382 1482 3438 Pii
1496 3384 1634 3450 desinunt,
1653 3385 1724 3455 apud
1739 3384 1915 3441 Lambccium
1932 3385 1960 3439 in

1133 3456 1155 3516 C
1172 3485 1245 3533 tomo
1258 3477 1278 3531 ll
1290 3476 1421 3532 Caesarem
1433 3475 1618 3541 bibliothece,
1632 3474 1724 3529 datan
1735 3477 1863 3531 diaconus
1873 3478 1960 3546 [actua

1171 3578 1338 3625 memoratur
1349 3583 1419 3623 auno
1433 3565 1467 3623 55
1482 3567 1556 3637 rcgni
1571 3566 1660 3622 Caroli
1680 3566 1780 3638 llagni,
1795 3567 1821 3621 id
1835 3577 1878 3623 cst
1888 3584 1961 3623 anno

1171 3658 1272 3714 Christi
1284 3658 1345 3714 tot.

1207 3749 1233 3803 6.
1244 3746 1450 3803 Adolescentcm
1459 3746 1527 3816 jam,
1537 3754 1565 3802 et
1579 3746 1676 3802 litteris
1684 3756 1818 3817 utcunque
1828 3747 1960 3803 imbutum

1171 3834 1317 3907 llatgarius
1343 3835 1363 3889 F
1367 3835 1485 3891 uldcnsis
1509 3834 1591 3890 abbas
1616 3835 1650 3891 ab
1672 3850 1743 3890 anno
1764 3835 1813 3891 8ll
1832 3835 1859 3889 in
1875 3850 1960 3889 anneis

1172 3925 1318 3991 sexdecim,
1335 3944 1344 3977 ι
1361 3924 1501 3981 liubanem
1516 3941 1642 3993 unacum
1661 3923 1776 3980 llattonc
1789 3923 1904 3979 Turonis
1920 3926 1960 3980 di·

1171 4016 1242 4070 rexit
1256 4016 1290 4069 ad
1309 4013 1436 4070 Albinum
1461 4016 1621 4086 magistrum
1645 4017 1732 4087 gratia
1757 4015 1882 4071 liberales
1906 4015 1961 4069 dis-

1171 4106 1248 4160 cendi
1276 4114 1368 4169 artes,
1388 4124 1397 4156 r
1427 4113 1456 4158 nt
1482 4120 1515 4160 cx
1537 4114 1693 4176 pervetusto
1719 4105 1812 4161 codice
1834 4104 1959 4160 Fuldcnsi

1172 4194 1405 4250 rescrtBrowcrus
1416 4195 1443 4249 in
1455 4196 1677 4250 notisadllabani
1690 4210 1786 4263 poema
1800 4196 1843 4249 lh.
1857 4194 1960 4265 liutga-

1172 4287 1213 4341 rio
1228 4285 1255 4341 id
1271 4296 1411 4355 acceptum
1423 4286 1525 4342 relerre
1540 4286 1647 4342 ridetur
1663 4285 1719 4355 ipse
1733 4285 1861 4341 llabanus
1873 4286 1899 4340 irr
1919 4285 1960 4339 di-

1171 4384 1215 4434 tto
1228 4384 1361 4448 poemate,
1385 4377 1412 4431 in
1430 4391 1484 4445 prro
1497 4375 1579 4445 aliqui
1596 4390 1690 4430 versus
1705 4374 1757 4430 boc
1775 4375 1836 4431 loco
1848 4375 1961 4430 ueniunt

1171 4465 1343 4523 observandi.

1233 4578 1287 4627 lam
1299 4579 1357 4626 mihi
1371 4579 1490 4626 concessit
1500 4577 1597 4626 beatitas
1608 4585 1648 4626 tua
1657 4576 1753 4627 discere
1764 4576 1839 4628 llbrot
1851 4588 1858 4623 ι

1263 4639 1313 4689 Sed
1325 4652 1364 4688 ma
1375 4647 1505 4700 paupertas
1515 4638 1567 4687 sull
1578 4646 1617 4688 eat
1628 4642 1727 4699 ingeriit.

1233 4698 1274 4749 hle
1285 4704 1340 4760 quia
1353 4714 1505 4762 quaecuumre
1517 4700 1653 4749 docueruut
1664 4712 1707 4748 ore
1720 4699 1826 4759 magistri
1838 4733 1846 4758 ,

1265 4761 1302 4810 ll'e
1317 4773 1377 4824 ιαμ
1390 4774 1460 4811 mens
1472 4764 1567 4823 perdat,
1579 4769 1664 4809 cuncta
1676 4760 1732 4808 dcdl
1745 4759 1817 4809 latiis.

332 4868 367 4910 ac
381 4854 479 4908 <lentini
496 4854 547 4909 rnci
562 4853 716 4909 charissimi
730 4866 757 4909 et
770 4853 884 4909 Fratrum
907 4852 965 4923 ejus
984 4854 1030 4923 qui
1054 4870 1114 4910 cum
1170 4865 1239 4920 Hinc
1259 4865 1386 4919 Alpinum
1401 4881 1448 4920 geu
1472 4864 1615 4920 alcuinum
1630 4872 1819 4933 praeoptarem
1835 4877 1912 4916 suum
1929 4863 1955 4915 in

334 4958 366 5001 co
381 4944 567 4998 ‹mnobialitcr
577 4944 680 5008 ritttnt,
691 4942 737 4998 bio
750 4959 820 5008 sum,
836 4952 866 4998 ut
875 4943 976 5008 cernis,
984 4943 1010 4997 itt
1020 4943 1117 4999 arctis·

334 5037 433 5091 rimam
453 5045 480 5088 ct
493 5034 612 5089 sterilem
630 5032 717 5088 loetum
739 5033 883 5104 deputatus
904 5033 1064 5087 minister.»
1088 5032 1117 5088 ld

333 5128 366 5182 dc
377 5124 449 5180 nullo
462 5125 515 5179 alio
527 5124 636 5197 intelligi
652 5132 741 5194 potest
752 5138 833 5193 quam
847 5125 879 5180 dc
894 5122 1007 5179 [labano
1018 5123 1117 5181 abbate

333 5214 475 5271 Fnldcusis
492 5214 658 5278 ritortasterii,
674 5230 689 5267 a
707 5229 761 5284 quo
783 5214 916 5283 pendebat
933 5213 1000 5269 cella
1022 5212 1116 5270 Sancti

333 5307 399 5363 Soli.
417 5307 507 5377 Pergit
524 5307 614 5361 dicere
633 5304 846 5361 Gurrdramnus:
864 5322 873 5355 ι
888 5305 929 5360 tto
949 5305 1007 5360 baec
1020 5313 1048 5361 et
1067 5305 1119 5360 boe

335 5406 453 5453 utcutcm
470 5397 629 5467 sarpiusculc
644 5404 744 5460 ureret,
759 5395 823 5466 quid
842 5395 870 5450 in
885 5410 928 5451 me
950 5396 1013 5451 boni
1031 5395 1118 5451 domi·

333 5504 384 5542 raris
401 5502 447 5542 rex
471 5486 602 5555 potuisset
628 5486 759 5551 nancisci,
775 5485 847 5555 quod
870 5486 1009 5540 servitium
1030 5501 1119 5541 meum

333 5578 459 5650 dign-tus
475 5584 518 5631 cst
532 5583 670 5646 appetere,
684 5576 726 5630 rel
739 5590 788 5630 cur
804 5574 933 5629 voluisset
947 5589 991 5628 me
1008 5588 1023 5627 a
1043 5574 1118 5643 quie·

333 5667 437 5720 tissima
456 5665 572 5720 coenobii
588 5664 654 5729 rita,
673 5665 797 5734 quamtis
817 5664 945 5718 hactenus
969 5676 1022 5717 non
1047 5660 1116 5734 liga·

333 5757 443 5814 tamin
462 5770 494 5810 ea
513 5756 638 5819 educere,
652 5762 680 5808 et
693 5754 721 5809 in
742 5754 800 5809 hate
816 5753 965 5824 asperrima
982 5753 1116 5808 montium

332 5844 395 5917 iuga
408 5853 536 5902 statuere.
553 5865 563 5899 r
578 5846 710 5901 Nimirum
729 5860 814 5915 prope
834 5844 929 5900 ecllam
952 5841 1045 5899 Sancti
1059 5842 1114 5901 Soli

333 5934 395 5992 rllla
414 5949 462 5991 seu
474 5938 569 5991 domus
585 5938 659 6007 regia
672 5945 742 6001 erat,
764 5944 793 5990 ut
805 5945 877 6006 patet
896 5952 929 5991 cx
950 5952 1116 6008 consequen·

333 6025 404 6084 tibus
426 6024 596 6085 Gundramni
619 6027 720 6095 rcrbis,
743 6029 785 6085 cui
804 6030 874 6085 rillte
892 6029 1034 6099 preelectus
1057 6041 1115 6088 erat

1170 4956 1290 5012 carmine
1303 4955 1381 5010 libris
1395 4956 1427 5010 de
1443 4964 1537 5010 saneta
1552 4953 1638 5009 Cruoe
1658 4952 1768 5022 praellso
1781 4950 1893 5016 inducit,
1907 4966 1956 5020 pro

1170 5062 1200 5105 sc
1210 5047 1247 5102 ita
1262 5056 1359 5101 sarrcto
1372 5046 1487 5101 hlartino
1498 5045 1714 5135 supplicantem:

1233 5163 1318 5213 Sancte
1332 5164 1378 5212 Dei
1392 5160 1489 5224 presul,
1501 5163 1596 5211 meritis
1612 5160 1733 5210 insaecula
1746 5162 1846 5223 virens,

1263 5224 1362 5275 &risam
1373 5236 1444 5285 quam
1457 5221 1567 5283 ierimus,
1579 5224 1675 5283 suscipe
1686 5230 1770 5270 meritc
1783 5225 1831 5283 pia.

1222 5279 1326 5346 'Nempe
1337 5297 1386 5347 ogo
1396 5297 1451 5334 enm
1463 5282 1555 5349 lucram
1565 5291 1647 5333 custos
1655 5283 1803 5344 humilisque
1815 5283 1925 5332 tainlstor

1262 5345 1336 5394 istius
1348 5344 1492 5405 entered
1528 5351 1589 5395 meta
1601 5356 1668 5393 sacra
1680 5344 1785 5407 legens:

1232 5407 1302 5458 Hune
1314 5408 1415 5479 puerum
1425 5408 1494 5455 docui
1522 5408 1577 5454 rrlrri
1588 5404 1676 5456 lamine
1690 5405 1759 5455 rerbi

1264 5468 1357 5518 Etluce
1367 5466 1464 5515 monitis
1474 5475 1500 5515 et
1510 5466 1600 5529 rophia·
1612 5466 1709 5517 stradiis.

1233 5528 1289 5591 lpse
1300 5529 1399 5591 «puidam
1412 5526 1519 5577 Francus
1529 5540 1623 5588 gernere
1636 5537 1682 5586 cst,
1691 5537 1765 5591 atque
1778 5526 1855 5577 incola
1865 5526 1932 5577 silon

1264 5591 1282 5640 tt
1297 5593 1384 5647 corita,
1397 5590 1438 5638 bic
1448 5591 1537 5638 rnlssua
1548 5591 1645 5641 discere
1659 5591 1730 5639 rerba
1745 5589 1798 5638 bel.

1233 5653 1313 5700 hlrtras
1326 5662 1429 5709 rnatu-tue
1439 5662 1507 5705 sarus,
1524 5648 1652 5700 Fullunsis
1665 5658 1745 5700 rector
1757 5651 1844 5709 oritis,

1265 5712 1333 5762 litum
1348 5713 1395 5761 hnc
1405 5711 1497 5759 direxit
1513 5713 1543 5761 ad
1557 5722 1597 5761 tua
1610 5720 1686 5772 tecta,
1700 5711 1792 5760 Patre:

1233 5778 1287 5834 Qun
1297 5785 1392 5823 mecam
1405 5770 1505 5833 legeret
1515 5778 1586 5823 metri
1597 5773 1753 5822 scholasticus
1764 5779 1842 5821 artem
1854 5807 1861 5830 ‚

1265 5836 1412 5891 Scripturnut
1424 5842 1449 5883 et
1460 5846 1552 5883 sacram
1564 5836 1611 5884 rite
1623 5840 1722 5896 pararet
1733 5844 1815 5881 orans.

1169 5936 1218 5993 llis
1232 5936 1355 6013 versibus
1375 5934 1504 6006 deceptus
1519 5945 1561 5992 cst
1580 5934 1742 5991 Tritbcnrius
1754 5942 1783 5989 et
1799 5934 1855 6000 alii,
1872 5942 1901 5988 ut
1911 5932 1952 5989 di·

1170 6039 1260 6087 cerem
1274 6071 1282 6099 ,
1298 6031 1438 6085 itabanum
1449 6030 1563 6085 ,licutino
1585 6036 1751 6099 preceptore
1769 6027 1866 6084 litteris
1890 6039 1956 6097 ope·

1847 6224 1988 6347 Mt

1966 6346 1979 6374 ἱ
