4509 6850
338 621 389 678 lli

850 624 950 681 iinon
970 627 1013 681 iia
1033 595 1229 684 oniirioiiii
1249 629 1453 689 iunitonuu.

1919 635 1973 696 lii

336 752 469 791 canicsse
490 737 662 803 concordem,
685 738 884 794 desirianteam
900 740 1121 805 odiisinsectari,
1138 746 1160 803 Α
1176 741 1284 811 spiritu,
1314 744 1441 812 quoniam
1466 745 1587 815 ipsorum
1614 731 1657 801 est
1686 760 1797 819 regnum
1826 751 1969 808 roelornm.

335 828 465 881 insistant
476 842 523 882 ore
544 827 700 897 tiliispliemo
711 828 841 897 lacerare,
855 832 919 901 quia
934 848 988 887 nou
1002 832 1054 887 erit
1076 832 1126 886 im-

334 915 443 984 punitus
456 917 502 985 qni
516 917 594 971 donis
619 918 664 972 liei
679 933 728 989 per
748 919 876 974 inuidiam
901 920 1020 991 perlitus
1037 930 1126 977 cient

333 1006 465 1062 iuiuiicus.
479 1006 560 1063 Unde
567 1008 695 1063 Dominus
706 1024 755 1079 per
765 1010 940 1080 prophetant:
957 1031 966 1062 i
980 1012 1025 1067 llie
1035 1013 1123 1076 robis,

332 1099 375 1168 qui
386 1099 478 1155 dicitis
494 1100 593 1155 malunt
608 1103 719 1166 bonuin,
735 1111 762 1157 et
776 1104 875 1158 bonum
890 1104 1004 1158 malum:
1021 1120 1122 1175 ponen-

332 1197 370 1244 tes
386 1188 512 1245 tenebras
536 1189 635 1255 lucem,
653 1199 681 1245 ct
708 1191 794 1247 lucem
822 1194 969 1248 taueltras:
994 1203 1123 1261 ponentes

332 1295 452 1333 ainarnni
468 1281 495 1334 iii
510 1280 598 1343 dulce,
623 1288 651 1336 ct
668 1282 745 1337 dulce
764 1283 790 1337 in
817 1298 951 1337 antarum.
972 1305 980 1334 i
999 1283 1120 1339 llonaclii

330 1374 399 1428 euim
411 1376 579 1446 propositum
594 1384 636 1431 est
651 1383 680 1432 nt
700 1378 871 1434 abrenuntiet
895 1380 992 1436 saeculo
1007 1390 1032 1435 ct
1043 1381 1120 1436 rolu-

331 1464 466 1534 ptitibus,
491 1467 664 1522 continentiae
689 1483 721 1523 ae
745 1470 840 1539 quieti,
865 1469 1120 1541 obedientiamque

330 1553 472 1609 humilitati
486 1570 595 1625 oporam
611 1556 667 1616 det,
688 1557 927 1628 tribulationesque
946 1568 1121 1629 atqueatqu-

330 1643 545 1713 stiaspraseiitis
560 1646 620 1700 vitm
641 1646 905 1718 patientersulicrat.
928 1658 956 1703 et
980 1650 1118 1717 praemium

328 1734 445 1791 iniistis
461 1738 555 1807 gratian
570 1740 751 1808 superomnia
765 1747 883 1807 expetat.
908 1738 986 1794 Unde
998 1739 1118 1793 consile-

329 1842 416 1884 ternus
431 1830 453 1883 si
469 1831 527 1885 liae
542 1846 574 1886 eii
593 1831 691 1886 diriiiis
719 1832 929 1901 comprobentur
944 1831 1115 1886 testimoniis.

328 1917 390 1973 linui
402 1918 527 1975 Salvator
541 1922 567 1976 iii
582 1921 726 1992 Evangelio
741 1921 797 1975 ait:
817 1939 825 1972 i
845 1921 895 1988 Qui
909 1937 962 1975 nou
976 1922 1115 1976 renuntia-

328 2006 531 2065 iiiii'oniniaus
552 2027 612 2081 quac
633 2012 763 2081 possidet,
785 2026 836 2065 nou
858 2021 946 2082 potest
961 2027 1037 2066 incus
1056 2026 1116 2067 csse

1177 831 1251 886 Beati
1267 834 1363 897 mites,
1378 835 1506 903 qnoniam
1523 835 1572 904 ipsi
1587 836 1764 905 possidebunt
1779 848 1888 903 terrain.
1910 861 1920 894 t
1937 843 1970 898 Et

1177 922 1294 976 iterum:
1307 923 1382 978 ilion
1397 926 1466 983 ueni,
1483 926 1580 994 inquit,
1593 926 1681 982 lacere
1693 927 1857 986 rotunnieni
1870 948 1968 1000 meam,

1176 1013 1223 1067 sed
1241 1010 1309 1081 ejas,
1325 1014 1371 1082 qui
1384 1015 1459 1070 niisit
1475 1030 1529 1080 inc,
1554 1016 1651 1072 Patris.
1671 1037 1680 1069 i
1700 1017 1768 1074 llinc
1783 1028 1811 1078 ct
1827 1021 1970 1092 Apostolus

1175 1105 1231 1158 ait:
1262 1123 1271 1154 i
1289 1105 1413 1161 Gliristiis
1427 1105 1516 1161 laetus
1529 1116 1571 1162 est
1589 1121 1637 1178 pro
1659 1110 1738 1166 uobis
1752 1111 1887 1170 obediens.
1894 1093 1967 1170 Patri

1174 1193 1303 1263 usquead
1316 1203 1439 1258 innitent,
1456 1206 1570 1251 uutrteni
1584 1206 1674 1252 autcin
1690 1198 1790 1265 crucis,
1805 1219 1815 1252 i
1833 1210 1886 1255 etc.
1901 1198 1967 1262 Nam

1173 1294 1201 1339 et
1215 1286 1240 1339 iu
1261 1284 1340 1339 libio¹
1351 1286 1454 1358 llcguin
1475 1286 1584 1342 Samuel
1609 1289 1643 1343 nd
1667 1287 1732 1345 siai
1748 1305 1838 1360 regent
1854 1307 1967 1361 pcccati-

1174 1376 1300 1430 temnit:
1318 1394 1327 1426 i
1346 1376 1470 1445 Nunqiiid
1487 1377 1543 1432 vult
1558 1378 1687 1436 Dominus
1705 1381 1904 1451 holocaustum,
1919 1394 1967 1442 ant

1172 1463 1312 1527 uictimas,
1334 1473 1362 1518 ct
1380 1481 1433 1519 non
1448 1465 1537 1533 potins
1551 1474 1581 1520 ut
1595 1468 1738 1524 obediatur
1762 1472 1821 1528 ioci
1837 1471 1966 1534 llomiiiil

1172 1551 1265 1606 llelinr
1279 1562 1321 1607 est
1334 1554 1405 1608 cuiin
1420 1554 1572 1609 obelicutia
1583 1573 1663 1625 quain
1678 1559 1802 1626 victimat,
1821 1565 1966 1634 etauscul·

1172 1651 1229 1695 tare
1245 1643 1418 1711 inagisqnam
1438 1643 1536 1700 ollcrrc
1560 1645 1664 1713 adipem
1679 1648 1818 1704 arietum:
1838 1637 1963 1721 quoniam

1170 1730 1246 1797 quasi
1261 1739 1400 1798 peccatum
1418 1732 1568 1788 liariolaiidi
1586 1743 1628 1789 est
1649 1750 1821 1807 repugnare,
1845 1749 1872 1795 et
1887 1744 1963 1810 qinisi

1169 1821 1257 1875 scelus
1268 1820 1426 1876 idololatriae
1444 1822 1514 1878 nolle
1530 1824 1713 1892 acquiescere.
1730 1847 1739 1879 i
1762 1828 1801 1884 lle
1814 1829 1965 1886 tribulatio-

1168 1913 1211 1968 nis
1224 1922 1314 1967 auteni
1329 1913 1470 1969 tolerantia
1490 1925 1516 1969 ct
1531 1916 1662 1985 patientia
1679 1916 1736 1988 ipsa
1755 1916 1861 1976 llcritas
1873 1922 1912 1976 ait
1925 1922 1964 1977 di·

1169 2002 1300 2072 stipulis:
1320 2022 1329 2054 i
1350 2003 1378 2057 lii
1395 2004 1496 2058 inundo
1516 2019 1671 2074 pressuram
1683 2007 1829 2075 babebitis,
1842 2008 1964 2067 scilcoii·

327 2100 479 2171 discipulus.
496 2103 529 2156 Et
542 2103 630 2157 oniuis
644 2103 689 2173 qui
715 2102 855 2172 reliquerit
871 2102 993 2168 domani,
1008 2102 1051 2157 iicl
1062 2101 1115 2156 lra-
1132 2093 1153 2151 li
1169 2094 1251 2157 lltliltt
1276 2094 1339 2163 (ruit
1356 2108 1407 2165 ⁰30
1431 2095 1482 2149 lici
1509 2096 1649 2151 tnuiiiluiii.
1670 2096 1699 2151 lit
1723 2099 1854 2168 patientia
1874 2112 1963 2160 restra

326 2198 384 2254 tres,
400 2200 576 2257 antsorores,
590 2202 636 2246 aut
649 2202 763 2263 patroni,
780 2201 828 2246 aut
843 2201 968 2256 matrem,
986 2202 1033 2247 aot
1047 2207 1114 2247 iiiio-
1165 2188 1337 2259 possidebitis
1347 2188 1451 2244 animas
1468 2199 1582 2245 vestras.
1602 2210 1612 2241 i
1635 2189 1668 2244 lit
1683 2192 1748 2264 quia
1759 2195 1885 2251 monachi
1895 2210 1963 2269 opus

325 2295 386 2344 rem,
403 2288 451 2336 aot
461 2280 542 2347 lilios,
557 2289 604 2335 aut
617 2297 696 2354 agros
710 2290 820 2353 propter
831 2297 928 2337 nomeu
940 2298 1041 2347 mcum,
1052 2295 1113 2336 eeu·
1164 2289 1206 2336 est
1217 2280 1305 2336 oratio
1321 2278 1497 2350 etieJuiiiuin,
1513 2281 1687 2336 commendat
1711 2283 1762 2338 lioc
1773 2290 1854 2355 atque
1865 2301 1962 2358 appro-

321 2374 422 2445 tiiplnm
436 2375 562 2445 arripiet,
583 2382 610 2429 et
622 2376 704 2429 iiiam
727 2383 856 2430 artemam
868 2374 1025 2443 possidebit.
1045 2393 1054 2426 i
1080 2373 1114 2428 Et
1163 2378 1209 2433 bat
1222 2377 1293 2432 idern
1304 2376 1437 2432 Mediator
1449 2378 1497 2431 Dei
1508 2377 1714 2449 hominumque,
1729 2393 1792 2434 eum
1804 2378 1959 2450 suggillanti

319 2464 382 2520 item
398 2482 405 2518 ε
426 2485 436 2517 ι
451 2465 503 2534 Qui
520 2466 585 2531 uult,
603 2485 612 2519 i
630 2467 727 2536 inquit,
756 2486 765 2517 i
783 2467 876 2522 reiiire
891 2474 952 2535 post
965 2480 1017 2531 me,
1031 2466 1113 2520 abne·
1163 2470 1299 2540 apostolos
1308 2470 1342 2525 de
1356 2470 1521 2525 demoniaco
1535 2469 1569 2524 ab
1581 2470 1622 2526 eis
1636 2485 1689 2526 iioit
1703 2478 1799 2527 sanato
1810 2471 1959 2542 respondit,

312 2566 359 2624 get
374 2558 564 2626 semetipsum,
577 2556 692 2611 attollat
705 2572 812 2611 rmceui
827 2571 903 2611 suain
929 2555 1060 2625 quotidie,
1086 2564 1113 2609 ct
1163 2564 1277 2618 dicens:
1311 2580 1321 2613 i
1336 2562 1394 2618 lloe
1408 2577 1492 2633 geniis
1505 2577 1520 2616 a
1532 2561 1605 2618 nullo
1629 2570 1719 2633 potest
1742 2563 1830 2630 exire,
1844 2563 1896 2620 nisi
1910 2579 1959 2634 pcr

311 2659 447 2718 aniiaiur
467 2664 548 2703 ine.»
577 2648 684 2703 llincet
702 2648 823 2703 iliiitido
842 2647 1113 2703 salutesuasolliciie
1162 2655 1313 2711 orationem
1329 2665 1357 2709 et
1368 2653 1542 2726 jejunium.»
1573 2654 1644 2711 Eece
1666 2656 1861 2714 monachorum
1882 2654 1958 2711 ordi·

306 2742 448 2810 qraerenti
460 2742 517 2811 ipsa
534 2743 640 2797 l'ciitas
656 2742 801 2812 respondit,
818 2743 930 2797 diceus:
953 2740 981 2796 st
999 2742 1039 2796 iis
1051 2757 1110 2812 per·

306 2826 403 2884 lectus
417 2842 489 2893 esse,
516 2829 594 2893 rade,
612 2832 698 2883 rende
712 2829 803 2883 ouinia
827 2844 888 2899 qnae
911 2829 1015 2894 babes,
1036 2837 1064 2884 ct
1078 2828 1111 2882 da

302 2924 493 2995 pauperibus,
511 2933 537 2979 ct
551 2925 664 2982 lialiebis
679 2925 836 2982 tlicsanrum
850 2927 876 2982 iit
887 2926 975 2994 emto,
991 2934 1018 2981 et
1038 2928 1109 2993 reni,

299 3021 428 3083 sequere
450 3031 504 3070 inc.
524 3036 534 3068 i
562 3015 630 3071 llinc
644 3017 718 3072 etad
737 3017 874 3087 apostolos
893 3017 931 3076 ait
947 3034 953 3069 :
981 3035 990 3067 i
1016 3017 1111 3074 Estote

300 3108 428 3165 ttericcti
449 3110 522 3164 sient
537 3118 564 3164 et
576 3110 657 3165 Pater
671 3118 762 3165 tester
778 3110 897 3165 cticlestis
909 3108 1045 3181 perlectus
1057 3119 1108 3166 est.

300 3197 401 3257 Nolite
415 3203 524 3259 solliciti
539 3219 600 3260 esse
625 3205 765 3260 dicantes:
787 3204 856 3271 Quid
875 3204 1108 3271 manducabimus,

1162 2763 1223 2802 item
1235 2747 1373 2812 accitam,
1389 2762 1452 2802 cum
1474 2747 1532 2816 ipse
1549 2746 1680 2804 Douiinns
1691 2748 1748 2803 suis
1762 2746 1905 2804 minutiis
1927 2761 1959 2802 ac

1160 2839 1353 2910 pmplietaruin
1378 2846 1459 2910 atquc
1493 2839 1675 2909 apostolorum
1710 2854 1822 2895 snorum
1850 2839 1959 2910 scriptis

1161 2927 1329 3004 comprobet,
1344 2932 1405 3002 quis
1418 2942 1459 2988 cst
1473 2932 1518 3001 qui
1545 2948 1605 2986 cam
1621 2932 1820 3004 reprehendere
1848 2931 1955 2994 audeat,

1160 3022 1212 3080 nisi
1227 3021 1274 3094 qni
1287 3021 1400 3078 insaniis
1413 3036 1461 3076 ore
1473 3029 1501 3076 et
1525 3021 1608 3076 corde
1625 3023 1678 3086 eet,
1691 3028 1720 3075 et
1731 3020 1766 3077 ob
1780 3021 1832 3077 boe
1854 3019 1958 3092 legibus

1159 3114 1207 3170 Dei
1222 3114 1398 3170 contrarius?
1412 3111 1471 3169 Nori
1485 3121 1527 3167 est
1541 3128 1606 3184 erqo
1622 3112 1680 3168 lete
1690 3112 1801 3176 crimen,
1813 3120 1896 3182 atque
1908 3111 1959 3165 ini-

1159 3204 1302 3261 anscnlum
1315 3214 1472 3276 peccatum,
1488 3204 1557 3259 nelle
1570 3204 1728 3274 mendacem
1747 3202 1837 3257 lacere
1851 3200 1952 3258 Verita·

300 3303 358 3348 aut
369 3294 442 3368 'quid
458 3295 591 3363 bibemos,
610 3306 657 3351 aut
670 3312 724 3367 quo
738 3296 914 3367 operiemur?
936 3296 994 3351 liae
1017 3294 1108 3350 omnia
1159 3307 1224 3362 tent,
1239 3305 1267 3351 ct
1282 3295 1425 3350 liominnin
1443 3295 1564 3364 iniquum
1584 3293 1704 3363 lingere,
1727 3307 1790 3381 cuin
1805 3293 1857 3351 lioc
1882 3292 1955 3363 quoii

299 3393 407 3456 gentes
425 3386 576 3458 inquirunt.
603 3387 661 3443 Scit
677 3387 749 3444 euim
775 3386 855 3442 Pater
872 3393 961 3443 testei
975 3386 1039 3456 qui-i
1066 3384 1108 3441 bis
1159 3386 1216 3460 ipse
1230 3385 1382 3444 audatiae
1395 3385 1491 3443 nititur
1505 3383 1670 3456 improbare.
1684 3381 1740 3441 Sed
1750 3383 1782 3440 -si
1794 3383 1846 3441 istc
1860 3383 1957 3439 aduer-

299 3478 439 3534 iiniiiibns
466 3478 602 3550 indigetis.
624 3478 743 3545 Quaerite
761 3479 881 3549 primum
906 3493 1018 3546 reguum
1047 3476 1107 3541 bei,
1121 3455 1143 3517 C
1159 3481 1247 3539 sarius
1271 3487 1364 3547 noster
1382 3480 1471 3535 adbuc
1495 3478 1645 3553 perstiterit
1668 3477 1696 3532 iii
1723 3474 1844 3547 nequitia
1871 3474 1956 3532 semel

299 3579 336 3623 et
348 3569 485 3641 justitium
498 3568 570 3637 ejus,
598 3577 625 3625 et
644 3571 701 3625 lnce
725 3571 817 3624 omnia
844 3567 1006 3638 adjicientur
1021 3568 1106 3624 robis.
1158 3580 1300 3641 concepta,
1315 3579 1342 3626 et
1353 3570 1520 3626 dixeritsiiie
1533 3568 1659 3624 monachi
1670 3576 1733 3623 roto
1743 3567 1867 3622 homines
1877 3577 1957 3635 posse

304 3658 428 3730 ‘'lellllss
447 3661 538 3732 itaque
559 3661 632 3717 Omni
646 3670 766 3732 1611111111
778 3668 900 3724 Oleniis,
924 3667 954 3712 nt
970 3658 1107 3728 1113111111·
1158 3663 1256 3720 saliari
1277 3683 1284 3719 ι
1300 3678 1354 3720 non
1368 3663 1419 3719 lioe
1432 3677 1573 3734 negamus,
1594 3659 1640 3716 sed
1663 3657 1838 3731 perfectionis
1853 3656 1955 3714 tramiti

301 3750 430 3808 licainini
442 3752 536 3825 lugere
547 3753 597 3807 ista
610 3753 701 3807 oinnia
711 3768 771 3822 qnae
780 3760 894 3806 nentina
908 3757 980 3815 sunt,
994 3758 1022 3804 et
1035 3757 1109 3804 stare
1158 3756 1301 3812 detrahere
1318 3770 1371 3811 non
1385 3753 1526 3808 nudemus.

302 3854 374 3898 aliie
388 3844 487 3899 Filium
499 3844 625 3899 llossilllls.
640 3844 724 3897 Allien
738 3843 798 3898 (lico
808 3841 884 3897 toliis
895 3840 959 3910 quit
967 3840 1108 3909 plorabilis
1194 3847 1257 3903 Haec
1270 3862 1346 3916 ergo,
1360 3853 1442 3917 prout
1461 3843 1608 3915 potuimus,
1629 3855 1661 3897 ex
1677 3839 1770 3895 multis
1784 3851 1869 3909 pauca
1885 3834 1953 3893 liba.

304 3944 337 3987 ct
359 3932 461 3988 debitis
478 3948 536 3999 ros,
555 3934 670 3986 mundns
684 3940 774 3986 autcin
793 3930 931 4001 gaudebit,
955 3944 1004 3985 iios
1017 3937 1107 3984 anteiit
1158 3940 1264 4003 vtmns;
1280 3939 1327 3993 sed
1342 3937 1365 3992 si
1390 3943 1481 3991 nostra
1498 3933 1599 4004 scripta
1622 3930 1732 3986 fastidio
1748 3928 1836 3993 ducit,
1862 3925 1955 3981 audiat

303 4024 552 4088 contristabimini,
578 4021 1108 4090 scdtristitiavestraterteturingaii·
1157 4031 1222 4100 qnid
1249 4029 1343 4082 beatus
1368 4025 1565 4096 Hieronymus,
1596 4023 1622 4076 in
1643 4020 1712 4076 libro
1741 4031 1822 4088 quem
1842 4014 1953 4086 scripsit
1982 4082 1985 4089 Ι

304 4117 397 4171 dium.
416 4113 892 4186 31111111111181111111111,1111011111]
910 4111 960 4181 llil
982 4109 1107 4166 ⁰⁰1¹⁵⁰l²·
1158 4121 1287 4177 adtersus
1305 4117 1499 4189 vigilantium,
1524 4113 1671 4169 monachos
1684 4107 1764 4166 simili
1783 4107 1952 4177 blasphemia

304 4203 423 4262 buntur.
439 4225 449 4259 i
471 4203 601 4277 Sequenti
615 4218 681 4276 ergo
691 4220 775 4275 opera
785 4203 873 4258 darida
891 4203 973 4258 lanias
988 4201 1109 4257 ostendit
1158 4211 1337 4273 lacerantem,
1351 4207 1478 4265 senserit.
1494 4204 1597 4272 ‹Qnod
1610 4210 1702 4261 auten
1723 4197 1835 4264 asseris,
1851 4197 1950 4268 inquit,

306 4295 427 4352 dl⁰⁰¹¹⁵²
447 4316 456 4346 ¹
476 4296 532 4350 Eill
545 4293 753 4365 ⁰ll¹¹Sl¹¹⁵llll²l²2
777 4310 827 4365 pair
843 4304 871 4349 ⁰¹
884 4290 1105 4360 cultnsjustitiae,
1157 4301 1254 4357 melitis
1272 4301 1363 4356 lacere
1381 4316 1429 4357 cos
1447 4299 1493 4370 qui
1506 4295 1707 4352 utantnrrobns
1722 4291 1789 4356 suis,
1809 4299 1837 4347 et
1858 4288 1951 4363 paula·

306 4386 451 4443 silentium
464 4397 492 4444 et
506 4389 640 4443 securitas
653 4388 776 4457 usquein
787 4387 991 4457 sempiternum.
1010 4405 1019 4438 i
1039 4383 1107 4440 item
1158 4394 1206 4448 tim
1216 4393 1321 4448 finnus
1334 4391 1534 4462 possessionum
1548 4386 1710 4461 pauperibus
1725 4383 1856 4449 dividant,
1869 4397 1949 4453 quain

306 4494 362 4551 per
374 4478 521 4537 Jeremiam
534 4481 650 4536 dicitnr:
670 4500 679 4532 i
695 4481 799 4537 Boiiuni
817 4489 860 4536 est
872 4478 1022 4549 prestolari
1044 4493 1107 4533 cuin
1157 4484 1217 4539 ilios
1228 4482 1298 4552 qni,
1319 4478 1536 4553 possessionibus
1560 4475 1743 4540 venundatis,
1758 4471 1844 4530 coinel
1857 4472 1948 4528 omnia

307 4574 421 4630 cilentio
433 4573 553 4629 salutare
565 4573 691 4630 Domini:
706 4574 807 4629 bonnm
822 4582 865 4627 est
879 4571 948 4637 tiro,
963 4585 1024 4626 enni
1044 4584 1107 4640 por·
1157 4574 1308 4644 largiuntur
1323 4591 1330 4627 :
1356 4588 1410 4629 iton
1427 4585 1443 4624 a
1456 4584 1499 4624 ine
1511 4568 1561 4632 eis,
1578 4565 1626 4623 scd
1643 4564 1786 4621 aboniino
1804 4562 1951 4634 responde-

308 4663 413 4717 tarerit
421 4662 518 4735 jugum
531 4663 565 4718 ab
575 4662 755 4720 adolescentia
767 4677 825 4717 sna.
849 4660 961 4717 Scalabis
971 4660 1107 4716 sobtarius
1156 4666 1250 4721 nitur:
1267 4682 1276 4716 i
1290 4664 1367 4719 siris
1379 4676 1438 4718 esse
1448 4654 1778 4731 perlectus,rade,rende
1787 4653 1879 4711 omnia
1892 4668 1952 4724 quae

308 4756 464 4820 1311111111,
480 4755 543 4826 (tuin
556 4755 655 4810 levabit
667 4769 697 4810 sc
707 4770 788 4825 snper
800 4769 849 4821 se3
863 4752 982 4823 ponetiu
995 4751 1106 4822 pulvere
1160 4755 1255 4826 babes,
1295 4765 1321 4810 et
1338 4754 1372 4809 da
1383 4750 1557 4824 pauperibus,
1567 4757 1595 4804 ct
1607 4749 1680 4815 ueni,
1691 4760 1804 4818 sequere
1817 4760 1870 4800 iiie.
1885 4764 1894 4798 i
1909 4742 1951 4801 td

309 4860 345 4902 os
360 4862 450 4913 souin,
466 4849 489 4902 si
504 4847 573 4902 loric
590 4848 626 4902 sit
641 4862 721 4917 spes,
744 4847 820 4903 dabit
834 4845 994 4916 percutienti
1010 4842 1107 4899 maxil-
1158 4863 1219 4904 enm
1236 4847 1356 4918 loquitur
1368 4846 1416 4916 qni
1431 4843 1561 4899 initiasse
1576 4839 1733 4913 perlectus:
1749 4839 1796 4911 qni
1812 4854 1874 4895 cuin
1887 4853 1952 4910 apo·

310 4936 379 5006 lim,
394 4938 560 4995 saturabitur
573 4939 747 5008 opprobriis,
773 4939 836 5008 quia
865 4953 917 4994 non
943 4936 1054 5006 repellet
1079 4934 1107 4989 in
1157 4940 1235 4996 stolis
1247 4949 1365 5010 patrem,
1376 4935 1539 5002 naviculam,
1551 4941 1579 4989 et
1593 4945 1650 4989 rete
1661 4930 1857 5006 dimittit-iste,
1871 4943 1952 5000 quem

313 5031 509 5101 sempiternum
527 5031 667 5086 Dominus.
697 5030 749 5097 Qui
772 5030 867 5085 dilexit
892 5044 1002 5084 morere
1025 5028 1108 5098 pedes
1158 5029 1305 5094 inlaudas,
1327 5028 1472 5093 seeuiulus,
1487 5025 1952 5095 ietteitiusqridasesi,.queinit

315 5139 389 5191 aiios,
406 5132 433 5180 et
451 5139 505 5181 nou
519 5125 631 5196 quieuit,
645 5133 673 5179 et
686 5124 801 5179 Domino
816 5140 869 5179 nou
882 5122 993 5194 placuit.
1013 5141 1022 5175 i
1040 5122 1108 5178 llinc
1158 5138 1209 5179 uos
1226 5121 1381 5192 recipimus,
1397 5118 1543 5176 dummodo
1554 5117 1672 5172 sciamus
1684 5113 1772 5186 prima
1787 5108 1953 5211 secundiori

314 5224 345 5271 et
356 5214 456 5272 Paulus
474 5215 507 5271 ad
524 5214 785 5271 ‘Thessalonicenses
804 5215 861 5269 ait:
880 5232 889 5266 i
905 5213 1043 5284 Rogamus
1058 5228 1108 5267 aii·
1160 5215 1247 5271 tertiis
1265 5211 1441 5284 preferenda.
1462 5209 1518 5265 Nee
1529 5218 1589 5264 astu
1615 5217 1662 5263 tuo
1674 5221 1706 5262 ac
1725 5203 1814 5261 studio
1826 5203 1951 5257 monaclii

317 5318 372 5364 tem
386 5324 444 5375 ios,
460 5308 570 5376 iratres,
589 5318 619 5364 ut
633 5308 777 5363 abundetis
789 5308 876 5378 inagis
886 5315 914 5362 ct
933 5321 1043 5378 operam
1057 5305 1106 5362 de·
1158 5303 1312 5361 deterrendi
1335 5311 1408 5366 sunt,
1434 5308 1493 5355 arte
1510 5299 1608 5370 lingna
1620 5298 1735 5368 viperea
1747 5304 1775 5352 et
1789 5307 1881 5394 morsu
1902 5304 1952 5344 stc·

319 5400 363 5465 tis,
376 5409 407 5456 ut
417 5401 500 5472 quieti
512 5401 583 5466 sitis,
600 5409 628 5455 et
642 5408 673 5454 nt
685 5407 806 5454 restrum
818 5398 955 5470 negotium
967 5397 1063 5467 agatis,
1080 5403 1108 5451 et
1157 5396 1268 5452 sissimo
1279 5410 1286 5459 ;
1303 5394 1337 5450 de
1350 5393 1448 5464 quibos
1461 5389 1661 5463 argumentaris
1671 5384 1777 5443 etdicis
1790 5399 1803 5485 ιΙ
1815 5382 1844 5437 Si
1857 5394 1951 5439 omnes

318 5491 481 5560 operemini,
506 5491 577 5546 sicut
593 5489 771 5560 praecepimus
788 5489 876 5551 robis,
900 5495 929 5542 et
944 5495 974 5541 ut
996 5486 1108 5542 lioucsto
1157 5502 1187 5542 se
1198 5484 1365 5548 recluserint,
1385 5491 1413 5539 et
1426 5482 1526 5539 inerint
1541 5481 1569 5536 in
1583 5477 1738 5541 solitudine,
1759 5488 1819 5573 quis
1829 5469 1951 5571 celebra-

320 5581 461 5639 ambuletis
473 5581 507 5637 ad
518 5595 575 5648 eos,
588 5581 635 5651 qni
650 5580 716 5635 loris
730 5587 804 5645 sunt,
815 5578 914 5634 nullius
925 5576 1026 5647 aliquid
1035 5576 1108 5633 desi-
1158 5576 1198 5632 bit
1208 5574 1347 5638 ecclmias,
1359 5574 1421 5643 quis
1431 5566 1706 5628 seculares-homines
1715 5559 1876 5624 lncnlaciet,
1887 5574 1949 5663 quis

321 5671 453 5731 deretini
482 5672 521 5728 tte
547 5671 699 5727 bumilitate
718 5678 824 5735 antem,
852 5679 879 5725 et
902 5667 1107 5725 mansuetudine
1160 5675 1316 5736 peccatores
1335 5665 1368 5719 ad
1381 5664 1495 5719 virtutes
1513 5659 1613 5732 poterit
1626 5651 1785 5755 coarctare?
1810 5650 1862 5708 lioc
1875 5666 1949 5754 enuit

321 5772 398 5834 atque
408 5764 562 5822 obedientia
577 5763 634 5834 ipsc
648 5761 774 5817 Salvator
787 5762 814 5817 in
833 5760 979 5831 Evangelio
1000 5775 1050 5815 nos
1064 5759 1108 5813 iii-
1160 5758 1256 5822 modo,
1272 5755 1295 5810 si
1309 5769 1403 5809 ornnes
1417 5763 1507 5809 tecum
1519 5747 1585 5804 latui
1601 5751 1674 5808 snut,
1693 5757 1802 5813 sapiens
1814 5754 1875 5845 csse
1888 5757 1950 5812 qius

323 5857 396 5911 iunii
414 5858 531 5912 dicens:
560 5874 570 5906 i
591 5855 691 5911 Discite
709 5869 725 5908 a
744 5868 787 5908 mc
802 5894 809 5920 ,
827 5854 891 5924 qnia
911 5852 984 5907 mitis
1008 5860 1109 5906 sumet
1159 5848 1278 5921 poterit?
1300 5847 1333 5902 Et
1355 5845 1495 5916 uirginitas
1517 5856 1569 5897 nou
1585 5846 1627 5894 cst
1639 5835 1832 5907 approbanda:
1854 5850 1876 5890 si
1891 5850 1950 5890 oni·

325 5946 425 6005 liumilis
441 5950 533 6006 corde.
559 5948 654 6006 Omnis
674 5962 738 6019 ergo
755 5948 845 6017 quise
863 5945 964 6001 exaltat
985 5944 1109 5999 bomilia·
1160 5957 1209 5996 nes
1224 5939 1341 6009 uirgines
1354 5936 1464 5999 luerint,
1485 5941 1574 6004 nuptae
1586 5946 1640 5987 non
1654 5936 1743 5994 erunt,
1760 5926 1880 6033 interibit
1902 5927 1950 5980 liu·

325 6038 402 6111 bitur,
416 6050 443 6098 et
457 6040 502 6114 qui
513 6055 542 6097 sc
553 6040 686 6107 humiliat,
701 6037 871 6093 exaltabitur.
887 6036 961 6092 licat-i
978 6049 1109 6105 pauperes
1162 6047 1270 6087 iii-inum
1283 6045 1377 6102 getius,
1397 6024 1513 6081 iniantee
1533 6024 1560 6079 in
1574 6024 1651 6080 cunis
1665 6037 1719 6078 uon
1733 6029 1850 6094 vagient,
1864 6022 1948 6074 iilisto
