4509 6850
329 669 377 731 διδ
857 672 1031 731 eoadem.
1053 668 1085 722 ra
1105 667 1263 721 ouaesm.
1284 698 1319 707 -
1337 665 1401 722 rin.
1421 665 1451 722 ιι.
1898 665 1951 721 520

628 781 742 837 caeti
759 784 805 837 lh.
1125 784 1149 841 A
1163 779 1363 847 interpretatur.
1376 776 1442 832 Cum
1455 778 1554 846 ingemi
1564 775 1635 830 euim
1648 774 1815 830 multitudine
1824 775 1951 831 dilatatos

330 874 365 929 lle
375 871 537 933 elmtatierre
551 869 631 924 ιιίιιιω
651 888 698 941 per
719 871 792 935 Noe,
807 883 830 925 et
845 873 987 926 nudatione
1000 872 1073 940 rjai,
1088 881 1112 924 et
1164 875 1207 920 est
1219 866 1333 936 populus
1353 881 1386 920 ex
1406 867 1540 935 genitibus,
1556 866 1600 934 qui
1616 879 1677 919 cum
1692 865 1830 934 prophetis
1844 875 1872 920 et
1888 882 1951 935 apo·

604 940 831 995 ‘'7¹5⁸''0'100'l0m-
1164 957 1239 1011 stalis
1257 966 1315 1010 erat
1332 957 1519 1011 habitaturus:
1541 956 1673 1025 siquidem
1689 966 1715 1009 et
1735 956 1857 1010 ridemus
1875 957 1952 1026 justa

361 1048 442 1119 Cepit
456 1048 514 1102 Nae
526 1048 565 1101 eir
577 1048 694 1118 apraeela
707 1065 827 1103 exercere
836 1064 942 1114 terrum,
956 1058 979 1101 et
988 1047 1113 1117 plantavit
1164 1045 1220 1099 Noe
1234 1046 1318 1115 patris
1330 1046 1516 1116 propheticam
1534 1045 1764 1109 benedictionem,
1782 1046 1809 1098 in
1825 1046 1952 1101 taberna-

328 1141 427 1195 aineum
447 1138 584 1208 bibensque
599 1138 687 1191 vinum
703 1138 846 1191 inebriatas
865 1148 921 1191 est:
942 1145 965 1190 et
982 1136 1114 1199 namtas,
1164 1138 1225 1193 eolo
1236 1137 1298 1191 Sem
1313 1138 1443 1192 transisse
1460 1136 1653 1191 habitationem
1672 1133 1780 1204 duplam,
1794 1136 1845 1191 hoe
1859 1146 1911 1200 est,
1924 1136 1953 1190 in

322 1231 406 1299 iacuit
421 1230 450 1283 ira
463 1227 631 1282 tabernaculo
651 1242 710 1280 rao.
735 1225 811 1291 Qaad
831 1242 890 1279 cam
910 1225 1012 1277 vidisset
1032 1220 1114 1276 Citam
1164 1226 1321 1297 domolcgis
1334 1227 1576 1296 etpropbetarom,
1595 1225 1745 1280 Ecclesiam
1765 1226 1855 1295 potius
1871 1223 1950 1293 justi·

325 1330 400 1387 peter
413 1317 552 1382 Cleonaeo,
566 1315 784 1372 serendaseilicet
794 1317 927 1386 patrissui
937 1331 992 1368 esse
1004 1314 1112 1376 aridate,
1165 1314 1252 1381 beart,
1268 1318 1399 1371 minorem
1415 1316 1522 1386 quidem
1537 1324 1688 1385 temporum
1703 1331 1774 1379 mart,
1796 1316 1843 1370 sed
1859 1317 1954 1383 gratiae

327 1408 455 1462 nuntiarit
469 1406 571 1462 damas
584 1406 711 1475 [sardius
730 1407 813 1475 doras,
834 1414 862 1460 et
884 1407 996 1474 reliqua.
1013 1405 1114 1476 (dap.)
1165 1405 1223 1477 lege
1234 1409 1373 1477 majorem.
1386 1406 1470 1463 Cbam
1480 1409 1617 1478 porroqui
1628 1409 1821 1477 interpretatur
1831 1406 1953 1472 callidas,

328 1499 462 1565 oderim
475 1510 560 1567 quare
574 1511 690 1567 peccans
701 1496 785 1551 Citam
799 1496 826 1550 in
839 1497 925 1566 patris
938 1495 1051 1559 offensa,
1062 1510 1115 1549 non
1165 1496 1269 1551 taedius
1282 1496 1353 1552 tilius
1368 1505 1495 1565 unquam
1509 1498 1545 1552 ab
1555 1506 1671 1567 utrouue
1691 1499 1841 1561 discretus,
1863 1509 1915 1551 uec
1927 1511 1955 1549 m

329 1591 355 1645 in
368 1590 468 1659 seipso,
487 1589 533 1643 sed
547 1588 574 1642 in
589 1587 645 1641 lilio
657 1602 706 1642 suo
721 1587 848 1642 chanaan
864 1586 1050 1651 maledicitur,
1063 1586 1116 1641 nisi
1165 1585 1292 1653 primitiis
1310 1584 1507 1668 israelitarum,
1532 1600 1584 1644 nee
1603 1586 1631 1640 in
1650 1585 1815 1655 plenitudine
1835 1584 1955 1674 peritiora

327 1680 391 1749 quia
404 1679 591 1750 prophetatum
606 1684 648 1730 est
662 1675 859 1745 quodammodo
877 1684 976 1729 terram
988 1674 1116 1729 Chanaan
1165 1688 1336 1743 permanens,
1353 1674 1487 1743 significat
1499 1689 1551 1729 non
1566 1675 1650 1729 solum
1668 1673 1830 1738 latlseorum,
1842 1671 1957 1748 sao*

327 1773 422 1843 ejectis
430 1769 591 1825 Chananaeis
601 1768 700 1824 indeet
709 1767 1024 1834 debellatis,aecepturos
1034 1765 1117 1821 luisse
1166 1766 1311 1821 retioorurn
1325 1781 1411 1837 penus
1424 1766 1562 1831 callidum,
1575 1777 1630 1821 non
1642 1767 1737 1836 spiritu
1749 1764 1897 1835 sapientie,
1907 1763 1956 1819 sed

328 1863 399 1917 htios
419 1859 517 1923 lsrael,
536 1858 583 1928 qui
596 1858 720 1912 venirent
739 1857 772 1912 de
793 1857 895 1911 semine
911 1854 995 1910 Sem‘l
1012 1852 1116 1926 (laid.)
1167 1853 1350 1923 impatientiae,
1365 1869 1419 1923 quo
1430 1854 1516 1911 solent
1529 1855 1716 1911 hereticorum
1726 1855 1831 1911 fervere
1842 1855 1958 1924 primor-

327 1950 388 2005 Jam
403 1963 468 2003 vera
488 1947 552 2002 illud
572 1948 643 2015 quod
667 1956 728 2015 post
748 1945 877 1999 diluvium
895 1944 928 1999 de
943 1945 1021 1998 vinea
1035 1958 1117 2014 quam
1166 1944 1222 2010 dia,
1236 1954 1265 2001 et
1276 1962 1372 2016 pacem
1393 1949 1555 2017 perturbare
1574 1958 1738 2004 sanctorum.
1754 1946 1958 2004 Sedetomnea

328 2041 460 2112 plautavit
472 2039 619 2094 inebriatus
636 2037 708 2101 Noe,
723 2045 751 2091 et
764 2037 880 2092 nudatus
899 2037 926 2090 in
949 2036 1030 2091 dorna
1051 2050 1117 2101 sua,
1168 2035 1214 2102 qui
1227 2035 1382 2091 Christiano
1394 2036 1523 2092 vocabulo
1532 2037 1686 2108 gloriantur
1697 2045 1724 2092 et
1734 2037 1839 2107 perdite
1853 2037 1957 2101 vivont,

329 2134 439 2192 eui-nou
450 2138 579 2201 appareat
590 2130 690 2185 Christi
702 2144 762 2183 esse
773 2129 898 2200 liguram,
910 2127 955 2198 qui
967 2127 1116 2181 inebriatus
1129 2121 1154 2181 B
1167 2124 1252 2194 ipsius
1269 2125 1383 2195 liguram
1400 2134 1507 2197 gestare
1526 2127 1660 2181 ridentur.
1682 2127 1839 2182 Passionem
1859 2127 1959 2197 quippe

328 2232 372 2280 est
383 2222 446 2277 dum
458 2235 554 2291 passus
563 2228 620 2282 est,
640 2220 756 2274 nudatus
767 2227 809 2273 est
822 2218 886 2272 dum
899 2217 1045 2276 crucifixus
1057 2228 1116 2283 est,
1168 2213 1279 2280 Christi,
1293 2230 1353 2285 quae
1366 2214 1439 2272 illius
1453 2216 1577 2296 ‚bominis
1592 2217 1712 2271 nuditate
1734 2216 1884 2289 significata
1897 2226 1955 2280 est,

329 2314 357 2368 in
371 2314 451 2368 domo
463 2327 527 2375 sua,
549 2310 576 2364 id
597 2317 655 2374 est,
670 2309 698 2363 in
712 2316 792 2379 gente
805 2323 865 2372 sua,
881 2316 909 2361 et
923 2308 950 2362 ia
963 2306 1118 2363 domesticis
1168 2314 1197 2360 et
1208 2306 1372 2362 artauntiant
1383 2307 1452 2362 bene
1465 2308 1625 2377 prolitendo,
1640 2316 1668 2367 et
1679 2308 1748 2363 male
1762 2310 1865 2378 agendo
1877 2308 1959 2362 exlat-

329 2401 372 2457 sui
383 2400 531 2471 sanguinis,
543 2399 635 2468 utique
648 2398 769 2453 iudeis?
789 2397 864 2453 Tune
878 2399 950 2452 enim
966 2398 1120 2453 nudataest
1169 2406 1278 2453 norant.
1300 2397 1339 2454 be
1360 2398 1457 2453 talibus
1473 2414 1537 2470 ergo
1560 2400 1662 2456 dietum
1685 2408 1746 2455 ost:
1768 2400 1810 2455 Ex
1830 2401 1959 2471 [ructibus

332 2494 482 2550 mortalitas
495 2492 584 2548 earnis
598 2491 666 2560 ejus.
681 2489 768 2556 Quam
782 2490 940 2554 nuditatem,
956 2490 1046 2554 idest,
1059 2504 1120 2559 pas·
1168 2507 1258 2544 earam
1268 2492 1428 2561 oppresseris
1440 2507 1483 2546 eos
1494 2491 1569 2565 (hac.
1583 2491 1632 2563 ιι).
1648 2492 1710 2548 ideo
1721 2501 1749 2548 et
1764 2492 1848 2547 Cham
1866 2493 1892 2547 in
1905 2493 1960 2547 tilio

331 2582 433 2637 sienem
446 2579 558 2643 Christi,
575 2578 667 2633 ridens
680 2578 765 2634 Cham
780 2578 890 2639 derisit:
904 2589 932 2633 et
944 2577 1028 2633 iudaei
1042 2577 1120 2633 Cbri-
1169 2594 1221 2635 suo
1236 2579 1396 2636 maledictus
1408 2589 1461 2648 est,
1475 2590 1604 2651 unquam
1622 2583 1648 2637 in
1661 2581 1749 2636 fructu
1761 2598 1820 2648 suo,
1832 2584 1920 2648 idest,
1932 2584 1959 2637 in

333 2674 366 2729 sti
381 2680 495 2727 mertem
512 2672 648 2737 ridentes,
672 2671 916 2726 subsannaverunt.
939 2669 1002 2724 Sem
1017 2686 1080 2725 tero
1093 2678 1121 2727 et
1169 2688 1250 2744 opere
1263 2689 1323 2730 suo.
1340 2673 1417 2731 Unde
1431 2678 1623 2732 convenienter
1633 2685 1661 2731 et
1673 2676 1730 2747 ipse
1746 2675 1883 2746 filiuseius
1893 2677 1964 2733 Cha-

331 2766 438 2838 taphet,
454 2774 582 2835 unquam
593 2766 645 2820 duo
655 2763 743 2833 populi
753 2778 785 2818 ex
800 2763 1006 2818 circumcisione
1015 2771 1043 2816 et
1052 2777 1120 2831 pne-
1170 2782 1239 2822 nasu
1248 2766 1442 2838 interpretatur
1453 2777 1538 2821 metas
1548 2784 1648 2822 eoram.
1662 2767 1738 2834 Quod
1748 2767 1812 2838 quid
1825 2776 1866 2823 est
1876 2768 1959 2834 aliud,

331 2858 406 2928 potio
417 2856 569 2922 eredentes,
583 2855 689 2924 cognita
704 2854 824 2908 nuditate
840 2853 933 2922 patris,
947 2868 999 2923 qua
1016 2852 1120 2924 signib-
1170 2874 1251 2930 quam
1265 2874 1333 2931 opus
1347 2862 1461 2917 eoruml
1477 2862 1544 2918 item
1554 2863 1626 2934 quod
1635 2861 1720 2918 Cham
1731 2872 1860 2933 peocanae
1869 2874 1958 2935 posia.

333 2950 513 3025 deturpasse
530 2947 686 3012 Salt'tthtiSt
701 2954 838 3002 sumentes
857 2946 1057 3010 vestimentum,
1071 2960 1120 3016 1³0·
1169 2951 1237 3006 ritas
1252 2950 1310 3019 ejus
1324 2952 1477 3019 damnatur,
1488 2952 1626 3024 signifieat
1639 2954 1710 3023 qaod
1728 2955 1834 3023 reprobi
1851 2955 1895 3010 hie
1913 2957 1960 3010 de·

334 3048 445 3095 sttertltli
457 3052 539 3107 supet·
549 3038 629 3092 dotati
642 3052 700 3099 sua,
714 3044 742 3089 el
755 3035 887 3091 itlirttnies
900 3036 999 3102 aversi,
1009 3049 1121 3105 opertio·
1170 3041 1307 3113 linquunt,
1319 3044 1367 3098 sed
1380 3043 1407 3097 in
1422 3051 1571 3112 posterum,
1593 3045 1621 3100 id
1641 3052 1699 3112 ρει,
1714 3047 1742 3100 in
1754 3046 1887 3111 summm,
1899 3061 1956 3101 sep.

336 3138 398 3183 runt
417 3130 564 3184 nuditatem
585 3129 685 3199 patris,
705 3143 754 3184 nee
776 3129 901 3183 viderunt
918 3127 989 3197 quod
1004 3129 1121 3185 verenda
1172 3134 1283 3189 tentiam
1295 3135 1474 3191 damnationis
1487 3136 1635 3205 excipiunt.
1656 3135 1710 3193 Sed
1729 3147 1757 3192 et
1777 3137 1854 3208 plebs
1869 3135 1960 3193 taum

331 3217 419 3288 patris
431 3224 562 3272 texerunt.
575 3215 696 3283 Quodam
707 3217 779 3271 euim
790 3217 869 3271 modo
879 3217 1033 3286 passionem
1044 3217 1122 3272 Chri·
1171 3240 1232 3295 quae
1242 3224 1385 3281 Dominum
1399 3227 1544 3292 crucifixit,
1558 3230 1640 3283 enam
1653 3228 1680 3283 i„
1692 3228 1869 3299 pfijspoenam
1886 3230 1961 3283 dam.

336 3305 369 3360 ⁸¹5
383 3304 533 3361 V0¹²¹¹¹⁰¹¹l⁰
551 3306 682 3376 wlfinus·
698 3306 724 3360 it!
745 3312 801 3373 esi,
818 3314 989 3385 sacrantem
1002 3306 1122 3361 lwttw-
1172 3315 1291 3371 nationis
1310 3329 1366 3371 sum
1389 3318 1551 3374 transmisit.
1576 3318 1709 3375 biretum
1730 3319 1821 3374 enirn:
1847 3319 1961 3390 Saapair

337 3392 522 3466 mussel¹¹⁵tl¹¹0
532 3395 651 3468 misterii
665 3395 796 3450 l2150¹¹⁰¹¹¹
808 3394 960 3462 reddentes,
969 3394 1122 3452 Jssdffl'llffi
1172 3406 1229 3477 ejas
1241 3423 1320 3478 super
1331 3423 1378 3463 aes
1390 3418 1415 3464 et
1433 3426 1513 3479 saper
1528 3410 1598 3480 filias
1612 3420 1715 3466 nostros
1729 3411 1836 3482 (butria.
1849 3413 1947 3486 xxvii).

338 3488 528 3543 detractionem
546 3488 692 3558 operimus.
724 3486 919 3542 hostimentum
939 3490 1011 3543 etaim
1035 3490 1120 3559 signi·
1135 3475 1157 3540 C
1208 3497 1242 3551 Ει
1257 3498 1389 3568 [acastum
1404 3515 1492 3554 omne,
1503 3499 1559 3555 (pe,
1573 3499 1630 3556 Noe
1643 3503 1764 3573 „onmia
1773 3503 1963 3574 quinquaqinta

338 3583 398 3638 leat
413 3591 623 3648 sacramentum,
641 3584 720 3639 dorsa
741 3585 899 3638 memoriam
912 3586 1119 3655 preteritorum,
1171 3593 1244 3646 anni.
1270 3590 1341 3647 Eece
1370 3600 1432 3662 post
1455 3593 1584 3649 diluvium
1609 3595 1739 3650 trecentis
1767 3584 1962 3667 quinquaginta

336 3672 397 3742 quia
409 3672 560 3742 passionem
574 3670 675 3726 Christi
685 3681 847 3727 transactam
861 3672 979 3728 celebrat
989 3671 1120 3739 Ecclesia,
1172 3684 1252 3740 annis
1274 3685 1343 3739 vixis
1367 3684 1434 3741 Noe,
1458 3686 1497 3740 Eg
1523 3701 1577 3756 quo
1594 3688 1767 3758 perspicuum
1790 3697 1832 3743 ρει
1855 3698 1961 3744 cenum,

337 3775 389 3816 ¹¹⁰⁰
404 3761 491 3815 ΝΜ
504 3769 656 3830 lfffileffll
670 3760 799 3816 summm·
814 3761 915 3834 (cni-i
927 3762 1063 3817 ”Omlnes
1074 3779 1121 3818 ³1¹·
1171 3775 1266 3847 uiginti
1285 3791 1371 3832 annos
1390 3778 1619 3846 generabantur,
1634 3787 1664 3835 ut
1679 3779 1796 3834 diximus
1816 3793 1912 3850 supra,
1928 3780 1962 3833 ad

338 3858 392 3933 tem
412 3850 532 3906 aremii
554 3851 668 3907 dicimus
689 3853 761 3922 quod
784 3854 968 3922 reprobamus.
992 3852 1061 3920 Quid
1081 3864 1122 3910 est
1171 3863 1360 3932 penitentiam
1377 3868 1472 3931 datos,
1493 3873 1522 3922 et
1541 3881 1594 3922 non
1613 3866 1676 3922 ritae
1693 3867 1845 3924 mortalium
1860 3868 1961 3924 consti·

337 3955 401 4011 ergo
412 3940 485 4011 quod
497 3938 545 3995 litii
555 3943 670 3997 uerenda
680 3943 765 4012 patris
775 3942 925 4012 superjecto
935 3942 1022 3998 dorsis
1032 3943 1120 4012 pallio,
1175 3962 1255 4010 amos,

338 4032 423 4088 aversi
438 4033 575 4088 venientes
592 4033 733 4103 operiant,
751 4035 803 4088 nisi
821 4035 891 4104 quod
909 4035 987 4090 bouis
1008 4035 1123 4091 subditis
1482 4049 1597 4108 cpppp
1616 4052 1651 4108 χ,

337 4120 376 4174 sic
386 4119 590 4190 prepositorum
605 4137 715 4176 suorum
729 4122 798 4176 mala
810 4123 964 4192 displicent,
986 4134 1015 4179 ut
1033 4133 1122 4179 taruen
1367 4139 1550 4198 cenenum,
1565 4143 1680 4213 ppomm
1697 4143 1764 4199 Noe·

338 4211 394 4264 ¹¹³0
411 4209 446 4263 ab
459 4208 519 4264 ³¹5ss
532 4211 683 4275 dwfflell‘?
703 4210 799 4284 (ΜΦ)
821 4211 1022 4282 Oilesiffliffium
1036 4215 1122 4270 ”⁰55
1207 4231 1361 4288 Benedictis
1374 4234 1457 4305 igitur
1469 4235 1572 4290 duobus
1585 4235 1648 4291 liliis
1663 4235 1736 4302 Noe,
1756 4246 1836 4306 atque
1850 4252 1903 4293 ono
1917 4245 1963 4294 eo·

338 4297 474 4364 deserunt,
487 4284 549 4368 qui‘a
560 4297 737 4369 dijudicantes
750 4300 851 4357 iactum
861 4311 890 4357 et
898 4315 1058 4360 reiterantes
1070 4320 1124 4360 nia·
1174 4338 1233 4377 sum
1248 4323 1338 4378 medio
1356 4323 1514 4390 maledicto,
1534 4325 1659 4403 deapoeps
1671 4342 1764 4382 ,tofum
1777 4329 1963 4398 generationes

337 4387 487 4457 Ciloefilffih
502 4389 595 4444 ⁰0¹¹1¹¹¹
608 4390 693 4446 videri
710 4391 781 4462 tl¹¹⁰t¹
796 4402 898 4461 tellum·
919 4394 1021 4449 Medius
1033 4404 1122 4451 aulem
1174 4420 1317 4479 texuntur,
1343 4430 1377 4469 eu
1397 4417 1494 4485 quibus
1515 4418 1683 4488 septinginta
1704 4420 1764 4474 duae
1786 4428 1849 4473 sunt
1869 4431 1962 4491 pentes

338 4475 450 4531 tetrum
464 4476 564 4544 Chen,
581 4480 608 4534 it
628 4490 683 4544 aa,
700 4483 798 4553 impius
818 4485 932 4553 popurus
953 4483 1125 4555 dalmtun,
1174 4512 1250 4567 oran,
1263 4504 1289 4558 u
1302 4512 1353 4569 est,
1367 4506 1518 4574 quindecim
1532 4505 1684 4578 oetaphet,
1700 4508 1809 4578 araim
1823 4507 1960 4574 assuant,

339 4565 399 4622 ideo
410 4567 525 4634 medius,
536 4570 599 4638 quia
612 4585 661 4626 nee
676 4573 820 4641 primatum
832 4574 1014 4644 apostolorum
1026 4579 1122 4644 tenuit,
1175 4594 1267 4664 ,iginii
1282 4604 1385 4664 sepiem
1400 4596 1433 4650 ,pe
1447 4596 1520 4651 Sem,

340 4658 509 4716 necabimus
522 4662 549 4716 in
565 4666 688 4732 gentibus
701 4667 824 4734 credidit,
837 4669 905 4724 riuti
915 4671 1062 4725 nuditatem
1076 4685 1124 4741 pa·
1209 4684 1283 4754 (epp,
1299 4686 1341 4755 p)
1357 4684 1422 4739 Fam
1434 4685 1538 4757 lappas,
1555 4686 1650 4744 comer
1664 4700 1689 4744 ei
1702 4689 1808 4762 idapem,
1820 4701 1843 4744 er
1858 4690 1961 4754 bidai,

341 4754 404 4818 ans,
427 4755 490 4824 quta
511 4757 649 4812 consensit
671 4758 698 4812 in
721 4774 813 4815 necem
837 4760 943 4816 notarat
965 4761 1122 4818 sut-aroris.
1176 4774 1307 4841 eriasus,
1325 4775 1471 4842 esitato,
1484 4788 1507 4831 a
1522 4778 1640 4834 ttotocd.
1654 4780 1894 4853 (literanataphet
1908 4780 1963 4836 ιιιιο

340 4838 475 4897 Poeticae
495 4846 623 4900 narniaeit
643 4847 714 4917 sores
728 4847 863 4917 [ratribus.
880 4849 931 4905 Per
946 4866 1008 4906 eum
1025 4855 1123 4924 quippe
1137 4833 1164 4893 D
1177 4863 1234 4918 Noe
1256 4865 1312 4919 nati
1333 4873 1395 4919 snm
1410 4876 1512 4936 septem
1531 4867 1595 4934 otii,
1609 4870 1654 4937 qui
1671 4871 1847 4939 possederunt
1863 4879 1962 4925 terram

340 4934 510 4990 manifestum
526 4946 576 5002 est,
596 4939 741 5007 quoderat
763 4939 790 4994 io
812 4941 951 5010 prophetia
967 4952 1122 5010 secretum;

341 5023 453 5095 ideoque
472 5025 502 5080 stt
519 5042 613 5084 servm
630 5029 744 5083 fratrum
764 5045 884 5086 suorum.
906 5031 975 5099 Quid
996 5041 1039 5088 est
1051 5035 1123 5089 enim

341 5113 412 5169 aliud
424 5116 500 5170 hodie
512 5133 578 5187 geris
593 5119 659 5187 ipsa,
675 5120 726 5174 uisi
746 5121 866 5190 quiedam
889 5123 1029 5177 scriniaria
1047 5126 1125 5180 Chri-

342 5203 501 5272 stianorum,
512 5208 635 5279 hajulans
647 5209 733 5280 legem
743 5219 769 5266 et
784 5213 939 5281 propbetas,
954 5215 988 5269 ad
1001 5215 1123 5269 testimo·

341 5295 414 5349 nium
426 5297 581 5355 assertionis
593 5301 728 5368 Ecclesiae,
743 5313 772 5356 ut
784 5318 832 5358 uos
842 5305 1004 5361 honoremus
1020 5322 1068 5376 per
1080 5323 1123 5363 sa-

342 5399 508 5445 cramentum
522 5393 594 5462 qood
608 5395 731 5448 rirrntiant
741 5394 776 5447 iiii
787 5411 836 5464 per
848 5395 983 5452 litteram?
993 5396 1056 5452 Post
1067 5399 1124 5453 baee

341 5477 534 5535 benedicuntur
548 5483 601 5538 duo
615 5483 652 5539 illi
672 5485 718 5555 qai
735 5485 883 5540 nuditatem
903 5488 988 5556 patris
1009 5488 1123 5544 boraora·

342 5576 448 5622 terunt.

374 5657 540 5727 benedictus,
560 5663 656 5733 inquit,
675 5664 803 5720 Dorairtus
824 5665 892 5721 neas
912 5666 992 5734 Serri,¹
1006 5671 1039 5725 sit
1055 5669 1126 5728 cra-

1178 4953 1204 5007 iu
1218 4953 1292 5017 Asia,
1305 4955 1340 5009 ab
1353 4955 1457 5009 Amano
1470 4963 1497 5008 et
1520 4956 1608 5011 Tauro
1631 4958 1786 5029 Caelesyriae
1805 4969 1833 5015 et
1863 4959 1963 5016 Ciliciae

1178 5045 1322 5110 arentibus,
1333 5063 1417 5115 arsque
1428 5047 1461 5102 ad
1471 5047 1580 5104 florium
1592 5049 1719 5117 Taraaim;
1733 5053 1759 5107 in
1772 5053 1877 5121 Europa
1888 5067 1961 5115 tero.

1177 5150 1262 5205 osque
1273 5137 1304 5191 ad
1315 5135 1431 5202 Gadara,
1444 5139 1550 5193 nomina
1563 5139 1629 5195 locis
1639 5150 1666 5195 et
1676 5143 1799 5212 gentihus
1811 5144 1962 5213 relinquen-

1177 5234 1227 5281 tes.
1240 5227 1259 5280 Ε
1272 5227 1368 5296 quibus
1378 5236 1471 5297 postea
1486 5229 1627 5285 immutata
1644 5243 1705 5287 sunt
1719 5233 1847 5303 plurima,
1865 5241 1962 5287 caetera

1177 5324 1335 5383 perennent
1354 5323 1383 5369 ut
1402 5315 1519 5373 suerunt.
1542 5317 1611 5374 Sum
1630 5332 1719 5377 autem
1735 5321 1848 5386 Comcr,
1866 5322 1892 5376 id
1908 5329 1960 5385 est,

1177 5401 1293 5467 Galatam
1307 5403 1410 5474 liagog,
1426 5405 1452 5459 id
1461 5413 1513 5471 est,
1525 5405 1647 5477 Scyllum
1661 5409 1757 5474 lladai,
1769 5409 1795 5463 id
1808 5417 1861 5473 est,
1874 5407 1960 5474 ileon

1177 5490 1272 5556 lavata,
1283 5493 1309 5547 id
1323 5493 1468 5557 est,looes,
1477 5496 1524 5564 qui
1535 5506 1561 5551 ct
1575 5495 1672 5564 Cruci,
1684 5498 1754 5552 rande
1764 5512 1838 5552 mare
1848 5497 1960 5553 larrium.

1178 5579 1290 5641 Titulal,
1307 5580 1333 5636 id
1347 5593 1398 5645 est,
1414 5583 1494 5648 iberi,
1513 5587 1557 5655 qui
1577 5595 1604 5639 et
1623 5586 1750 5657 liispam,
1766 5603 1779 5640 a
1793 5588 1890 5656 quibus
1902 5587 1963 5644 Cei·

1177 5672 1283 5737 tiber-ia,
1299 5672 1360 5726 lieet
1374 5675 1482 5743 quidam
1503 5676 1582 5730 italos
1601 5678 1779 5747 suspicentur.
1795 5676 1921 5742 iiosoeh,
1935 5677 1962 5731 id

341 5766 410 5805 radan
422 5769 509 5807 serras
523 5755 604 5809 illins.
619 5755 715 5811 Dilutet
730 5756 800 5812 Deus
814 5757 927 5828 inpicet,
944 5771 967 5813 et
982 5763 1078 5817 habitet
1098 5766 1126 5819 iri
1177 5771 1226 5825 est,
1243 5761 1424 5832 Cappadoces
1440 5767 1508 5820 unde
1521 5776 1548 5821 et
1559 5769 1623 5822 urbs
1637 5768 1706 5838 apud
1720 5783 1768 5824 ees
1785 5782 1871 5838 usque
1884 5768 1963 5824 bodie

341 5840 513 5897 rather-auratis
534 5841 606 5898 Seni.
621 5845 668 5900 llie
684 5844 746 5900 Sem
761 5847 846 5914 ntajor
865 5857 946 5913 natu,
961 5850 1018 5918 ipse
1036 5861 1077 5906 est
1090 5867 1126 5908 ex
1178 5853 1302 5911 hlaaecha
1317 5857 1423 5911 dicitur.
1444 5856 1528 5912 i‘orro
1545 5858 1719 5930 Septuaginta
1735 5862 1897 5929 interpretes
1912 5857 1964 5915 ea·

340 5947 394 5998 otro
413 5944 504 6002 patros
525 5944 552 5990 et
572 5937 709 6008 prophetae
731 5947 758 5993 et
779 5938 892 6008 apostoli
915 5941 1034 6010 generati
1052 5951 1124 5997 saut.
1177 5945 1312 6014 phthorim
1326 5945 1497 6016 Cappadoces
1513 5949 1695 6017 arbitrantur,
1716 5952 1813 6008 Thiras
1827 5951 1962 6014 Thaima,

339 6017 437 6090 taphet
449 6033 536 6080 autczn
552 6026 670 6097 gentium
683 6035 723 6080 est
739 6036 834 6096 pater:
854 6028 898 6096 spii
918 6029 999 6084 etiam
1015 6028 1126 6085 latitudo
1177 6049 1290 6106 qrioretu
1309 6050 1362 6091 noo
1384 6035 1449 6091 satis
1467 6036 1636 6094 imnmtatum
1648 6042 1808 6099 vocabulum
1824 6051 1876 6099 est.
1900 6040 1963 6099 Seio
