4509 6850
358 630 410 687 557
678 622 709 677 ll.
728 621 854 679 nectat
874 622 983 678 stent
1002 617 1161 678 ancittae.
1183 617 1337 677 necoda.
1359 619 1501 677 orttutttt
1519 618 1610 677 etas
1628 619 1649 676 l.
1936 621 1995 683 ‘dds

357 740 440 795 iores.
471 736 525 791 Nec
539 735 619 790 aliam
639 735 674 790 ob
696 750 806 788 eausam
829 732 908 788 lacile
931 739 973 789 cst
997 732 1145 803 intelligere
1160 731 1183 791 Α
1198 731 1344 787 videretur.
1358 730 1404 785 Sic
1415 746 1480 802 ergo
1490 731 1710 801 distinguendum
1720 741 1774 799 est,
1783 743 1809 789 et
1821 735 1885 806 qnid
1897 736 1996 807 eligam

357 843 451 901 pacem
471 833 629 896 perpetuam
648 824 796 893 significari
818 823 896 877 oliute
918 821 1039 887 ramulo,
1065 838 1146 891 quem
1198 822 1311 892 ignoro:
1327 821 1467 892 compellor
1480 832 1566 878 ttutem
1579 838 1612 876 ec
1624 822 1735 887 tinetas,
1749 838 1831 893 quam
1845 825 1996 884 dictionem

357 921 466 976 rediens
480 918 514 973 ad
529 933 621 973 arcam
634 915 759 971 columba
776 914 903 984 pertulit,
927 914 979 969 nisi
992 915 1056 985 quia
1071 914 1147 969 nori·
1199 913 1330 981 sequitur,
1348 914 1583 984 concupiscentiam
1597 914 1694 969 itabens
1706 915 1812 971 dissolui
1826 926 1851 972 et
1865 934 1922 973 esse
1934 936 1996 973 ceta

357 1029 418 1069 mus
428 1009 610 1066 ctolcilenem
621 1014 774 1062 contactum
784 1022 837 1061 non
847 1005 925 1061 lacile
935 1005 1023 1062 alieno
1033 1007 1147 1061 humore
1199 1000 1312 1057 Christo.
1332 1002 1366 1057 Et
1379 1010 1507 1073 tanquam
1520 1012 1690 1073 quaereretur
1703 1021 1787 1076 quare
1800 1007 1882 1077 buju's
1894 1010 1934 1065 rei
1948 1026 1996 1081 po

356 1104 514 1173 eorrumpi,
536 1112 564 1158 et
588 1102 713 1155 arborem
737 1099 823 1169 ipsam
838 1099 964 1153 irondcrc
979 1096 1145 1167 perenniter.
1199 1093 1253 1149 tius
1265 1094 1363 1148 babeat
1376 1094 1634 1164 concupiscentiam,
1645 1096 1728 1151 multo
1742 1098 1812 1152 enim
1826 1103 1912 1172 magis
1927 1103 1998 1172 opti·

358 1196 433 1252 ttultt
451 1204 542 1250 autem
559 1208 608 1262 per
626 1181 807 1261 ignorantiam
821 1189 930 1261 hyssopi
945 1190 1008 1244 dum
1023 1189 1149 1243 nesciunt
1198 1201 1288 1249 mam,
1314 1184 1410 1254 inquit.
1438 1183 1493 1240 Cur
1514 1193 1604 1241 autem
1629 1200 1645 1241 e
1668 1186 1773 1243 duobus
1798 1191 1998 1259 compellitur?

357 1303 439 1360 quarn
454 1287 508 1340 tim
530 1285 646 1348 lrabeat,
668 1282 711 1337 vel
733 1283 765 1337 ad
786 1281 954 1353 purgandum
974 1280 1147 1349 pulmonem,
1199 1272 1267 1341 Quia
1283 1276 1409 1331 manendi
1430 1285 1472 1332 est
1494 1280 1656 1345 necessitas,
1675 1295 1765 1350 ,quam
1792 1282 1828 1337 ita
1853 1283 1994 1353 subiecit:

358 1381 400 1434 uel
417 1379 451 1433 ad
469 1393 533 1432 saxa
556 1376 692 1430 radicibus
716 1373 901 1443 penetranda,
929 1386 990 1427 cum
1010 1370 1045 1426 sit
1063 1370 1147 1424 herba
1200 1366 1307 1422 Manere
1320 1367 1347 1421 tu
1360 1384 1440 1423 carae
1455 1371 1628 1425 necessariam
1642 1381 1747 1443 propter
1761 1390 1814 1430 eos.
1836 1375 1886 1432 Ubi
1906 1393 1998 1448 acque

357 1472 448 1526 breuis
461 1479 542 1539 atque
557 1466 682 1532 humilis,
706 1465 817 1520 onrrriuu
832 1463 952 1518 inuenire
967 1478 1020 1516 non
1035 1467 1148 1532 possunt
1198 1461 1357 1531 praescripto
1371 1459 1448 1525 ltdei,
1464 1475 1551 1531 neque
1566 1462 1650 1532 ipsius
1665 1466 1798 1521 sermonis
1814 1474 1889 1524 texta
1904 1471 1996 1527 ambi-

324 1609 326 1612 .
357 1577 441 1631 quare
456 1561 492 1616 sit
505 1561 624 1614 dietum:
640 1557 766 1628 dsperqes
779 1573 821 1610 ute
838 1557 949 1626 ltqssopo
964 1563 989 1608 et
1002 1553 1149 1608 mandabar
1200 1555 1288 1622 guitas
1301 1554 1432 1624 explicari
1444 1563 1542 1624 potest,
1567 1557 1634 1612 nibil
1646 1560 1725 1614 obest
1736 1561 1884 1618 secundnm
1897 1578 1998 1635 quam-

358 1652 446 1726 (l’sui.
461 1651 498 1723 u).
526 1650 704 1705 Nummorum
717 1650 798 1704 etiam
814 1647 966 1718 imperitia,
987 1654 1015 1701 et
1029 1646 1148 1700 musica·
1199 1644 1266 1699 libet
1276 1658 1369 1699 earum
1380 1659 1440 1714 qum
1451 1644 1641 1712 ostenduntur,
1652 1649 1815 1705 sententiam
1825 1651 1997 1725 distinguere

357 1761 417 1799 rum
435 1760 526 1798 rerum
547 1742 714 1814 igrrurantia‚
740 1740 824 1795 multa
847 1739 950 1794 iaciunt
965 1753 1018 1792 non
1036 1736 1149 1808 intelligi
1200 1744 1287 1790 curet.
1312 1733 1403 1790 Veluti
1426 1744 1468 1790 est
1490 1736 1534 1790 illa
1550 1737 1584 1791 ad
1597 1736 1773 1796 Corinthios:
1792 1739 1850 1797 Has
1866 1759 1929 1814 ergo
1946 1746 1996 1799 lta·

358 1834 486 1891 translate
500 1850 532 1888 ae
547 1834 648 1888 tuusicc
666 1834 753 1903 posita
773 1833 800 1886 in
820 1830 985 1901 Seriptttris;
1002 1828 1150 1899 dequibus
1201 1828 1287 1882 beatas
1309 1827 1502 1898 prontissioncs,
1526 1828 1688 1895 citatissimi,
1714 1832 1869 1888 mundemus
1891 1850 1940 1889 aes
1961 1837 1996 1889 ab

357 1928 465 1997 quando
480 1927 512 1981 dc
525 1925 638 1995 siugulis
650 1924 798 1994 disciplinis
811 1922 1017 1994 disputabimus,
1031 1920 1149 1990 apertius
1201 1918 1272 1971 omni
1293 1918 1503 1989 coinquinatione
1526 1921 1614 1973 carnis
1636 1930 1661 1974 et
1684 1923 1809 1993 spiritus,
1831 1924 1996 1995 perficientes

357 2016 548 2081 edisseremus,
563 2016 597 2071 dc
611 2016 744 2086 ambiguis
758 2030 830 2069 rrunc
842 2013 951 2067 dicturi.
1201 2009 1436 2078 sanctificationem
1452 2012 1480 2064 ia
1494 2012 1587 2065 timore
1601 2012 1650 2067 Dei
1665 2013 1706 2082 (ll
1721 2011 1783 2070 Gor.
1794 2016 1854 2089 vat).
1875 2018 1995 2075 Dubiam

661 2127 775 2183 CAPUT
794 2126 839 2180 xl&
1165 2081 1244 2158 Best
1263 2104 1376 2174 quippe,
1399 2112 1490 2158 utrum
1507 2104 1664 2160 dlnadentus
1679 2123 1727 2161 aas
1741 2108 1773 2161 ab
1787 2110 1858 2164 omni
1875 2110 1996 2181 coiaqtti·

468 2200 507 2255 De
520 2200 649 2269 coelipetis
663 2200 744 2269 signis
758 2197 888 2267 quomodo
901 2205 1032 2249 constant.
1201 2199 1307 2252 natione
1326 2198 1413 2253 cornis
1434 2207 1458 2251 et
1474 2198 1597 2267 spiritns,
1619 2199 1767 2254 secundom
1789 2200 1863 2256 illam
1883 2211 1996 2258 senteu-

391 2293 562 2365 Arnbiguitas
580 2301 670 2348 autem
686 2290 850 2360 Scriptura,
871 2297 917 2343 ant
938 2290 963 2343 iu
979 2291 1070 2345 terbis
1084 2306 1147 2362 pra-
1202 2290 1281 2353 tiam,
1299 2286 1332 2341 tn
1349 2289 1382 2342 sit
1397 2296 1489 2344 sancto
1503 2304 1611 2360 corpore
1624 2299 1648 2344 et
1662 2291 1767 2360 spirite,
1784 2306 1818 2347 an
1835 2293 1995 2349 dlandemtts

350 2386 423 2457 ¹priis
437 2393 495 2450 cst,
515 2393 562 2438 aut
576 2384 604 2438 in
619 2382 769 2437 translatis.
794 2381 848 2437 Sed
861 2397 924 2436 curn
939 2382 1021 2437 rerba
1039 2385 1149 2452 propria

356 2475 458 2531 iaciunt
472 2475 626 2545 ambiguam
641 2473 818 2542 scripturam,
834 2471 923 2542 primo
936 2472 1083 2526 ridendum
1096 2482 1148 2536 est,

357 2582 392 2621 ne
407 2566 477 2620 male
490 2565 695 2619 distinxerimus
714 2572 762 2617 aut
778 2563 1054 2632 pronuntiaverimus.
1081 2563 1148 2617 Cum

355 2674 421 2730 ergo
435 2659 555 2714 adhibita
570 2659 829 2715 intentioinccrtum
843 2674 904 2714 esse
916 2659 1070 2729 praeviderit
1084 2675 1150 2728 quo·

1202 2397 1248 2433 not
1260 2379 1292 2433 ab
1303 2378 1375 2433 omni
1384 2379 1596 2449 coinquinatione
1609 2381 1707 2446 catab,
1718 2380 1824 2438 utalius
1835 2383 1870 2438 sit
1884 2398 1995 2449 sensus,

1201 2469 1235 2524 Et
1249 2470 1357 2540 spiritus
1369 2469 1530 2539 perficientes
1544 2470 1778 2539 sanctificationem
1791 2473 1817 2527 ia
1836 2474 1931 2529 timore
1946 2475 1997 2529 Dei

1201 2563 1285 2632 eapite
1300 2579 1347 2616 nos
1357 2560 1429 2634 (sic).
1439 2561 1518 2617 Tales
1532 2577 1598 2633 ergo
1610 2561 1815 2619 distinctionum
1830 2566 1997 2636 ambigulta·
2037 2605 2042 2612 .

1201 2660 1243 2707 tes
1258 2654 1285 2707 ln
1298 2662 1433 2723 potestate
1446 2654 1560 2725 legentis
1576 2662 1648 2710 sunt.
1670 2654 1842 2726 Qumcunque
1854 2666 1947 2714 autern
1960 2658 1998 2714 de

356 2751 438 2809 modo
456 2753 676 2824 distinguendum
698 2761 746 2808 aut
765 2754 900 2823 quoutodo
920 2749 1150 2823 pronuntiandum
1201 2745 1334 2815 ambiguis
1346 2746 1565 2823 distinctionibus
1578 2748 1702 2812 diximus,
1716 2749 1810 2805 eadem
1823 2752 1998 2808 observanda

357 2843 407 2908 sit,
429 2843 552 2898 consulat
567 2844 688 2913 regulam
702 2843 782 2907 fidei,
804 2858 886 2912 quam
900 2843 932 2897 de
948 2842 1149 2912 seripturarum
1200 2846 1264 2891 sunt
1289 2842 1316 2892 et
1341 2837 1367 2891 in
1392 2838 1526 2908 ambiguis
1547 2839 1830 2908 pronuntiationibus3
1858 2856 1920 2911 quae
1941 2844 1998 2898 nisi

357 2931 524 3001 planioribus
547 2932 613 2988 locis
638 2941 665 2986 rt
683 2932 810 2988 scelesta
833 2933 994 2988 auctoriate
1017 2933 1148 3003 perceptu.
1201 2925 1310 2981 lectoris
1323 2926 1407 2981 nimia
1420 2927 1615 2997 perturbantur
1628 2928 1743 2995 treuna,
1756 2938 1801 2986 aut
1815 2931 1917 3004 regulis
1931 2932 1998 2989 fidei

359 3021 473 3089 Quodsi
488 3023 590 3084 ambae,
606 3021 647 3076 tet
669 3023 752 3077 etiam
766 3037 877 3087 omues,
896 3023 918 3078 si
935 3023 1026 3092 plures
1049 3022 1151 3078 luerint
1200 3017 1386 3088 corriguntur,
1402 3027 1449 3073 aut
1462 3020 1641 3090 precedentis
1660 3021 1703 3077 vel
1721 3024 1916 3093 consequentis
1930 3039 1997 3080 con·

355 3115 656 3188 partesambiguitutis,
669 3117 817 3171 seeundum
835 3116 914 3171 lidem
928 3117 1079 3184 sonuerint,
1094 3127 1151 3173 tex·
1201 3115 1310 3169 tcxione
1322 3115 1464 3170 sermonis.
1478 3113 1588 3182 Quodsi
1600 3124 1725 3171 neutrum
1739 3116 1837 3173 borum
1848 3117 1999 3174 adhibetur

352 3215 402 3263 'tus
414 3208 472 3278 ipsc
483 3209 616 3263 sermonis
628 3224 644 3262 a
655 3208 871 3279 praecedentibus
882 3218 910 3264 et
922 3211 1151 3280 consequentibus
1201 3205 1235 3260 dd
1257 3206 1470 3271 correctionem,
1496 3206 1671 3263 nibilominus
1684 3206 1773 3263 dubiae
1794 3208 1995 3276 remanebunt,

356 3299 497 3366 partibus,
515 3313 575 3366 quae
590 3298 794 3367 ambiguitatem
811 3298 883 3352 illam
903 3300 931 3353 in
949 3299 1038 3354 medio
1051 3313 1149 3369 posue·
1200 3307 1231 3354 ut
1242 3299 1363 3368 quolibet
1376 3301 1456 3356 modo
1476 3300 1562 3356 lector
1574 3302 1809 3371 pronuntiaverit,
1831 3317 1884 3360 non
1908 3306 1944 3361 sit
1967 3307 1997 3360 in

357 3396 526 3451 runt,restat
538 3386 765 3454 consulendus,ut
775 3389 914 3446 rideamus
924 3391 1032 3446 cuinam
1042 3400 1151 3448 senten·
1202 3389 1289 3460 culpa.
1316 3388 1394 3458 Quali
1415 3399 1505 3446 autem
1526 3406 1591 3447 voce
1617 3394 1809 3456 pronuntietur
1830 3393 1897 3452 illud
1921 3392 1996 3468 quod

357 3480 413 3545 tiae,
427 3480 459 3534 de
473 3479 596 3550 pluribus
610 3495 669 3549 quae
683 3495 712 3536 se
727 3481 882 3545 ostendunt,
899 3481 969 3536 ierat
981 3481 1149 3554 sullragium,
1202 3481 1353 3538 Natltanael
1365 3482 1449 3548 dixit,
1465 3484 1486 3537 Α
1502 3482 1637 3538 Natat-eti
1655 3495 1737 3555 potest
1752 3484 1853 3557 aliquid
1865 3487 1929 3542 toni
1938 3504 1997 3543 esst

356 3585 472 3639 eatnquc
496 3571 545 3625 sibi
571 3571 680 3625 contexi
703 3571 831 3640 patiatur.
861 3569 921 3626 lam
939 3588 1011 3627 nune
1027 3574 1150 3645 exempla
1202 3572 1292 3644 (ioan.
1306 3572 1337 3645 a),
1355 3573 1412 3629 sire
1427 3572 1600 3639 affirmantis,
1625 3574 1732 3631 utillud
1747 3576 1833 3633 soluta
1852 3578 1888 3634 ad
1907 3578 1996 3635 inter·

357 3662 509 3719 considera.
528 3663 573 3716 llla
588 3662 714 3717 haeretica
728 3662 867 3718 distinctio
883 3681 889 3716 :
904 3662 937 3717 ln
952 3664 1081 3735 principio
1094 3673 1151 3720 erat
1201 3664 1368 3734 rogationem
1396 3666 1530 3732 pertineat
1552 3667 1624 3736 quod
1648 3668 1687 3722 alt
1709 3667 1730 3720 Α
1752 3667 1913 3725 Naaur'etltl
1936 3671 1998 3726 sive

363 3755 493 3820 Verbum,
511 3764 537 3829 et
553 3752 665 3807 Verbum
684 3763 741 3806 erut
761 3753 832 3823 apati
847 3753 949 3819 lteram,
972 3763 996 3807 et
1010 3754 1080 3808 Dent
1094 3764 1151 3810 erat
1202 3762 1287 3810 totum
1301 3769 1362 3810 eum
1376 3756 1542 3811 dubitatione
1557 3758 1758 3829 interrogantis,
1771 3774 1824 3815 non
1834 3758 1916 3817 rideo
1927 3776 1998 3831 quo-

363 3845 476 3901 Verbum
492 3844 583 3917 (totta.
600 3845 636 3915 t),
652 3853 682 3898 ut
702 3844 770 3899 alius
785 3844 820 3899 sit
833 3860 930 3899 sensus
945 3843 1076 3899 :Verbum
1094 3854 1151 3908 erat
1202 3844 1281 3900 modo
1295 3845 1486 3900 discernatur:
1503 3856 1617 3917 uterque
1631 3857 1721 3904 autem
1736 3864 1833 3905 sensus
1845 3848 1927 3906 iidem
1939 3866 1996 3906 aon

358 3936 407 3990 troc
420 3936 448 3989 in
459 3935 588 4005 principio
601 3934 671 4004 apud
685 3933 781 4000 Denta,
798 3950 850 3990 non
864 3935 922 3990 vult
936 3935 1053 3991 Verbum
1066 3937 1151 3992 mum
1202 3932 1322 4001 impedit.

359 4025 493 4082 confiteri.
512 4024 565 4080 Sed
579 4025 630 4080 boc
646 4023 737 4096 regula
752 4023 814 4080 ltdei
833 4025 1007 4081 refellendum
1023 4035 1078 4094 est,
1099 4041 1152 4096 qua
1500 4025 1614 4083 cleda
1633 4027 1688 4082 lill.

360 4119 438 4174 nobis
454 4119 487 4173 de
501 4116 643 4172 Trinitatis
657 4118 812 4186 aequalitate
824 4118 1019 4188 praescribitur,
1035 4128 1065 4174 ut
1079 4120 1152 4173 dira·
1438 4116 1476 4171 De
1490 4116 1618 4187 anitiquis
1632 4119 1754 4189 propriis.

359 4227 442 4267 ntus:
458 4211 492 4264 lit
506 4211 576 4265 beas
597 4220 653 4264 erut
669 4210 792 4264 Verbum.
818 4211 919 4265 Deinde
938 4210 1150 4283 subjungamus:
1237 4205 1387 4261 Rarissime
1403 4221 1468 4279 ergo
1483 4216 1509 4263 et
1524 4206 1678 4264 dillleillime
1698 4210 1812 4267 inveniri
1825 4220 1919 4282 potest
1932 4229 1996 4270 am·

361 4301 490 4357 llocerat
512 4303 539 4356 itt
561 4300 688 4372 principio
709 4300 889 4371 apadDettnt.
915 4301 1150 4358 illaverodistin-
1202 4294 1320 4366 biguitas
1346 4297 1374 4350 51¹
1401 4298 1518 4367 piopriis
1543 4298 1655 4362 verbis,
1690 4308 1821 4369 (inanium
1847 4302 1883 4357 ad
1909 4285 2001 4360 libros·

360 4396 458 4450 ationis
472 4393 642 4464 ambiguitas,
658 4403 755 4447 neutra
768 4400 844 4463 parte
857 4393 957 4447 resistit
968 4392 1041 4458 edet,
1052 4402 1079 4448 ct
1090 4393 1153 4448 ideo
1202 4389 1353 4445 divinarum
1379 4389 1581 4460 Scripturarum
1608 4400 1733 4459 spectat,
1759 4406 1839 4461 quam
1867 4408 1921 4449 non
1948 4402 1998 4450 ant

361 4492 436 4540 textu
451 4485 509 4554 ipso
524 4484 657 4539 sermonis
672 4481 844 4552 dijudicanda
861 4492 912 4549 cst,
925 4482 971 4537 ubi
986 4483 1023 4537 ait
1036 4483 1152 4553 Aposto-
1202 4481 1405 4537 circumstantia
1424 4481 1481 4551 ipsa
1496 4483 1630 4537 sermonis
1653 4497 1706 4551 qua
1728 4484 1903 4554 cognoscitur
1922 4487 1996 4542 scri·

361 4575 422 4630 las:
441 4573 474 4628 Et
487 4574 549 4645 qnid
563 4573 658 4643 eliqam
670 4573 772 4643 ignoro.
788 4571 934 4643 Contpellor
945 4581 1032 4626 autem
1043 4588 1076 4625 ea
1087 4572 1153 4625 dno·
1203 4579 1309 4640 ptorunt
1325 4572 1449 4635 intentio,
1468 4578 1515 4625 aut
1532 4571 1710 4641 interpretum
1725 4573 1844 4641 collatio,
1860 4584 1909 4631 aut
1920 4591 1996 4647 prte-

361 4668 429 4720 tur:
447 4664 682 4735 concupiscentiam
699 4662 796 4717 babeas
811 4661 927 4725 dissolri,
941 4671 964 4715 et
978 4678 1037 4714 eant
1050 4658 1152 4714 Citristo
1204 4661 1323 4716 cedentis
1335 4661 1431 4733 linguae
1440 4661 1528 4717 soluat
1541 4662 1681 4732 inspectio.
1696 4663 1763 4718 Nam
1777 4666 1847 4734 quod
1860 4668 1996 4739 scripturn

360 4775 433 4821 csse,·
452 4756 533 4808 trinita
550 4755 618 4808 enim
638 4755 721 4823 atuqis
740 4756 886 4825 optimam:
907 4771 1011 4807 ntanere
1027 4754 1055 4806 in
1073 4770 1153 4808 corne
1165 4776 1191 4835 D
1204 4764 1256 4818 est,
1266 4752 1291 4806 N
1294 4770 1328 4807 on
1342 4765 1379 4808 est
1394 4754 1592 4809 abscondituma
1601 4764 1625 4809 te
1637 4771 1666 4808 os
1680 4758 1856 4827 tnettat,quoti
1867 4756 1955 4827 iecisti
1967 4759 1997 4813 in

362 4847 536 4901 successorium
560 4853 664 4913 propter
687 4860 729 4896 nos
753 4842 838 4914 (Pitil.
862 4843 891 4913 r).
919 4841 1054 4896 lacertum
1078 4843 1151 4897 enim
1204 4846 1367 4912 abscondito,
1388 4860 1440 4901 non
1459 4845 1547 4901 clucet
1565 4846 1681 4917 legenti,
1697 4854 1788 4900 utrum
1803 4856 1931 4918 correpta
1948 4848 1996 4904 lit·

363 4947 453 4992 utrum
473 4951 506 4988 ea
524 4934 626 4987 duobus
645 4934 880 5002 concupiscentiam
894 4932 1007 4998 liabens,
1029 4948 1063 4987 an
1082 4950 1151 4988 cont·
1204 4947 1262 4992 tera
1277 4953 1305 4991 os
1318 4938 1485 5007 pronuntiet,
1501 4952 1536 4992 aa
1549 4938 1688 5007 producta.
1716 4938 1744 4992 Si
1760 4939 1833 4993 enim
1846 4940 1995 5010 corripiat,

362 5028 446 5098 pellor
463 5035 549 5078 autern
566 5040 598 5077 en
614 5023 727 5088 duobus,
742 5033 774 5078 ut
789 5025 853 5079 illud
868 5022 1040 5095 adjungatur,
1056 5043 1152 5080 conca·

361 5122 513 5195 piseeatiaut
528 5121 626 5174 indetis
647 5120 754 5175 dissolui
774 5130 799 5174 et
816 5136 871 5175 esse
885 5136 944 5173 cnm
957 5118 1071 5174 Christo.
1097 5118 1151 5176 Sed

361 5213 490 5284 quouiam
505 5213 541 5265 ita
558 5211 689 5279 sequitur,
705 5209 786 5264 multo
802 5211 871 5264 enias
885 5210 1022 5281 optimam,
1040 5219 1151 5280 apparet

362 5321 424 5363 eum
438 5304 496 5374 ejus
508 5302 603 5373 optimi
619 5303 710 5357 dicere
728 5317 758 5356 sc
776 5302 877 5356 habere
890 5300 1149 5371 concupiscentiam,

362 5404 393 5451 ut
407 5410 468 5449 curu
486 5408 518 5447 cx
535 5393 638 5447 duobus
656 5392 841 5461 compellatur,
862 5391 974 5446 alterius
992 5399 1082 5445 tamen
1102 5392 1151 5445 ba·

1204 5026 1285 5081 abeo
1306 5026 1376 5095 quod
1394 5034 1458 5080 sunt
1474 5043 1552 5091 ossa,
1576 5026 1598 5082 si
1619 5036 1709 5081 autem
1731 5026 1883 5097 producat,
1905 5028 1940 5086 ab
1963 5044 1997 5087 eo

1204 5117 1275 5187 quod
1288 5124 1351 5172 sunt
1363 5132 1426 5180 ora,
1444 5117 1601 5187 intelligitur
1615 5132 1743 5172 numeros
1756 5116 1912 5188 singularis.
1939 5118 1997 5177 sut

1205 5209 1269 5263 talia
1285 5208 1382 5279 linguae
1394 5209 1571 5278 precedentis
1594 5208 1761 5277 inspectione
1774 5207 1801 5261 itl
1816 5206 1994 5276 iudicantur:

1204 5317 1266 5356 natu
1279 5303 1304 5355 in
1316 5302 1469 5357 Graeconon
1480 5301 1631 5373 aripa,scd
1645 5302 1730 5357 ὀστέον
1742 5300 1997 5371 positumcstltenr

1203 5392 1269 5447 illud
1288 5391 1429 5462 Apostoli:
1454 5391 1519 5458 Qua
1540 5391 1655 5462 predico
1677 5391 1749 5447 nobis
1772 5393 1842 5447 sicat
1861 5392 1995 5464 praedixi,

363 5487 424 5541 beat
438 5483 693 5553 concupiscentiam,
709 5483 820 5538 alterius
833 5483 1036 5549 necessitatem3
1051 5498 1150 5538 coneu-
1201 5485 1326 5555 quonium
1339 5484 1383 5554 qut'
1396 5483 1461 5537 teliu
1474 5493 1566 5553 aqaut,
1578 5499 1685 5553 regnata
1697 5483 1746 5537 Dei
1759 5500 1811 5538 noa
1823 5482 1997 5554 possidebam

363 5576 522 5648 piscentiam
544 5574 647 5630 scilicet
660 5589 720 5628 esse
736 5590 797 5629 eum
810 5574 936 5640 Clarium,
958 5575 1149 5629 necessitatem
1202 5572 1245 5645 (ll
1261 5570 1323 5628 Gor.
1337 5572 1408 5644 xant).
1425 5571 1453 5627 Si
1470 5572 1655 5628 tantummodo
1666 5573 1791 5638 dixisset,
1805 5589 1865 5644 qttoe
1878 5572 1997 5644 praediea

363 5681 475 5722 manere
491 5666 625 5720 incarne.
649 5665 715 5734 Quas
731 5665 893 5734 ambiguitas
907 5678 960 5718 uno
975 5663 1151 5733 consequenti
1200 5663 1290 5728 celtis,
1316 5678 1406 5732 raeque
1427 5663 1611 5734 subjunxisset
1633 5664 1759 5734 praedici,
1786 5663 1897 5719 dubium
1921 5672 1998 5720 esset

362 5756 447 5811 uerbo
465 5755 638 5824 dijudicatur,
658 5757 730 5825 quod
749 5757 866 5825 positum
880 5763 937 5819 est,
959 5756 1039 5809 enim.
1065 5753 1151 5820 Quam
1201 5762 1290 5808 utrum
1315 5754 1341 5809 in
1364 5755 1490 5823 eoquod
1513 5754 1593 5819 dixit,
1616 5755 1741 5825 praedico,
1765 5752 1941 5826 produoeurta
1960 5769 1997 5809 ao

296 5906 301 5919 ‚
363 5847 524 5914 particulam
539 5847 601 5914 quia
621 5846 791 5901 abstulerunt
811 5847 982 5915 interpretes,
1003 5845 1153 5917 illapotius
1201 5846 1370 5916 corripienda
1385 5856 1457 5901 esset
1472 5845 1573 5917 syllaba
1587 5847 1692 5915 media;
1714 5863 1785 5903 nnnc
1798 5856 1889 5904 autem
1907 5848 1997 5903 mani·

364 5934 498 5987 sententia
514 5934 588 5987 ducti
603 5942 674 5998 sunt,
688 5944 718 5989 ut
732 5951 784 5989 non
800 5933 886 5989 solum
901 5935 1024 6003 eotrrpelli
1038 5950 1071 5990 ex
1087 5934 1153 5990 dno-
1201 5936 1299 5992 lestum
1318 5947 1358 5992 cst
1377 5937 1577 6008 producendam
1597 5952 1674 6003 essc3
1699 5953 1752 5992 non
1773 5939 1845 5993 enirn
1868 5937 1907 5992 ait
1927 5937 1997 5991 sieut

366 6021 434 6088 bns,
461 6025 508 6079 sed
533 6026 612 6079 etiam
640 6028 753 6082 duorum
780 6027 880 6082 babere
905 6029 1151 6100 concttpiscentiam
1201 6029 1357 6100 predicari,
1375 6029 1422 6085 sed
1437 6031 1504 6083 sicut
1518 6028 1640 6100 praeliati.
1660 6028 1713 6083 Sed
1726 6030 1788 6098 qutia
1801 6029 1859 6085 bace
1873 6042 1951 6096 raro,
1967 6035 1998 6081 ut
