4509 6850
346 548 401 602 ‘iil
672 548 703 603 θ.
723 546 850 603 lillliNl
872 546 980 604 lthlil
999 546 1159 603 studitum.
1181 548 1336 606 trusbut.
1358 548 1501 605 orendil
1522 510 1611 605 rsit}
1632 548 1653 605 l.
1937 555 1989 610 973

350 659 429 719 §.uro
440 661 540 718 revelat
559 662 636 716 nobis
651 662 827 726 intellectum,
844 672 873 716 ut
888 662 1008 716 seiaurus
1023 678 1076 731 qrro
1092 678 1142 715 nos
1158 670 1181 725 Α
1196 663 1427 731 persercrantiam
1439 678 1524 733 usque
1536 663 1570 717 ad
1580 679 1727 735 congruam
1736 672 1920 727 maturitatem
1935 687 1997 741 per.

340 757 392 811 ‘sia
409 766 481 810 recta
500 762 527 809 et
540 754 636 809 ductor
650 754 768 825 optimus
784 754 878 824 jubeat
897 754 954 819 ire,
969 753 1020 807 hoe
1035 762 1093 817 est,
1110 753 1143 806 ad
1196 753 1313 805 rentiam.
1334 752 1398 807 Post
1418 753 1476 808 hac
1500 752 1608 822 quidem
1628 754 1684 824 jam
1709 755 1796 811 ultimi
1815 755 1914 827 judicii
1938 762 1992 820 lalx

321 846 541 918 .·possidcndum
568 861 682 916 reguum
710 854 894 916 perpetuum:
923 861 1018 900 omnes
1049 844 1143 914 ntique
1195 844 1326 898 mittenda
1345 855 1403 909 est,
1424 854 1454 899 nt
1473 846 1571 900 messis
1586 846 1695 910 albens,
1712 862 1793 916 quam
1808 864 1923 919 granum
1938 851 1992 907 iru-

344 956 417 1011 rpros
429 939 532 994 Christi
547 940 666 995 risitatio
680 955 728 993 sua
743 938 884 993 mansione
898 937 1056 1001 illustrans,
1072 946 1141 990 tem·
1195 934 1276 986 mcuti
1291 949 1339 1001 per
1352 943 1473 988 aratrum
1494 935 1584 989 crucis
1604 935 1630 989 in
1648 944 1718 991 terra
1739 938 1878 993 corrdituna
1892 942 1993 1012 glorio-

343 1031 424 1100 plum
440 1031 531 1085 dicare
546 1030 682 1100 dignatur,
698 1036 726 1083 et
742 1044 802 1082 cum
819 1028 861 1083 his
877 1028 978 1083 sanetis
991 1027 1142 1097 parietibus

348 1121 375 1175 iu
398 1123 573 1193 semetipsum
595 1121 712 1192 lapidem
733 1121 891 1193 angularem
912 1122 1085 1184 coadunans,
1107 1121 1141 1175 ad

345 1211 542 1281 perfectionem
556 1212 676 1267 cmlcstis
689 1212 796 1266 aedilicii
811 1209 951 1282 perducet.

653 1320 767 1378 CAPUT
793 1321 836 1376 l'l.

346 1409 385 1466 Dc
397 1415 480 1481 specie
493 1422 572 1467 seruc
584 1413 687 1481 figerere,
699 1412 743 1465 nbi
754 1411 786 1464 de
796 1420 909 1480 palatuar
923 1409 1060 1463 virtutibus
1072 1426 1141 1480 pirr-

577 1484 658 1551 cipnis
677 1491 905 1536 cornurernomtur.

380 1573 557 1643 Onarripotcus
576 1574 679 1636 virtus,
693 1580 720 1625 ct
739 1571 910 1642 omnipotens
928 1570 1016 1625 Patris
1035 1586 1139 1626 summa

344 1665 489 1733 sapientia,
505 1663 613 1719 Christe
625 1663 676 1717 Fili
691 1662 755 1727 θοι,
770 1671 797 1716 tn
812 1676 842 1717 es
856 1676 936 1717 rerus
951 1662 1080 1725 Dominus
1093 1662 1139 1731 qui

344 1767 430 1812 totum
453 1757 583 1810 rrumdum
601 1757 718 1811 adornas
737 1755 834 1811 decore
856 1763 957 1811 sanet-e
973 1754 1073 1821 erucis,
1085 1754 1140 1808 dis-

341 1865 495 1921 pensasque
515 1850 558 1919 pie
582 1850 634 1904 tuis
654 1848 756 1921 satietis
779 1848 822 1918 pia
846 1848 916 1902 doira
940 1846 1045 1901 salutis.
1071 1846 1139 1900 Naue

342 1939 473 2009 (quadriga
488 1939 633 2000 virtutum,
650 1947 766 2008 quatuor
785 1937 914 1993 cornibus
932 1945 1031 1992 sancte
1049 1937 1138 1991 crucis

1193 1036 1251 1075 snm
1264 1030 1289 1076 ct
1308 1021 1513 1092 multiplicatam
1526 1024 1651 1093 protulit,
1665 1036 1813 1096 apparente
1828 1029 1888 1098 ipso
1899 1030 1993 1098 judice

1192 1111 1315 1190 uirorum
1336 1121 1362 1165 οι
1384 1124 1569 1178 mortuorum,
1589 1130 1637 1185 per
1660 1117 1818 1188 angelornm
1838 1121 1992 1179 ruinisteria

1192 1205 1345 1276 colligatur,
1363 1217 1389 1260 et
1401 1223 1449 1277 per
1463 1210 1624 1263 senteutiam
1639 1211 1759 1279 ejusdem
1770 1212 1836 1282 justi
1847 1213 1949 1284 judicis
1963 1219 1990 1272 in

1193 1300 1289 1355 horrea
1305 1301 1425 1356 coelestia
1441 1301 1556 1357 feliciter
1570 1303 1727 1359 collocetur.

1494 1411 1609 1470 CAPUT
1630 1415 1683 1469 l'll.

1193 1498 1230 1553 De
1243 1500 1358 1569 septimus
1372 1501 1538 1570 figurationis
1553 1502 1700 1583 pltasnmte,
1714 1505 1757 1557 ubi
1769 1506 1802 1559 de
1812 1517 1928 1578 partitor
1937 1508 1994 1564 ele-

1483 1583 1577 1626 mentis
1591 1583 1688 1642 egetur.

1226 1660 1310 1731 lgitur
1323 1661 1415 1716 ornnia
1430 1677 1490 1732 uuae
1507 1662 1533 1716 in
1552 1663 1629 1718 coelis
1648 1671 1675 1718 et
1694 1681 1754 1735 quae
1773 1666 1895 1723 interris
1911 1680 1987 1736 suat,

1175 1743 1224 1809 'aa
1245 1753 1346 1808 rumine
1364 1753 1457 1825 gloria
1475 1753 1578 1809 christi
1597 1755 1729 1811 triusiae
1745 1756 1801 1825 nm
1821 1743 1985 1829 saraitae:

1191 1843 1267 1914 cujus
1290 1842 1425 1913 majestati
1450 1846 1571 1914 subjecta
1594 1848 1714 1903 seruiunt
1733 1857 1869 1922 et,saerae
1894 1853 1987 1908 crucis

1191 1938 1293 1994 laetum
1307 1938 1486 1995 beatificando
1500 1940 1710 2006 concelebrant,
1726 1950 1756 1996 ιιι
1775 1942 1814 1997 sic
1828 1943 1925 1998 victori
1939 1960 1987 1999 su·

341 2030 470 2084 dce'enter
485 2038 591 2100 aptata,
608 2030 727 2084 ostendit
740 2045 845 2084 sacram
868 2029 967 2083 seriem
986 2028 1138 2097 specierum
1152 2017 1176 2075 Β
1189 2045 1275 2101 perne
1294 2029 1384 2085 debita
1401 2038 1465 2085 rota
1484 2030 1663 2099 persolvant:
1682 2031 1734 2086 hoe
1755 2033 1889 2088 veraciter
1902 2034 1986 2104 proii-

341 2139 375 2177 cx
396 2124 453 2193 ipsa
474 2124 682 2192 procedentem,
706 2122 732 2176 iu
758 2122 894 2191 triumpho
922 2121 1040 2176 victorie
1068 2120 1138 2190 regis
1190 2130 1293 2188 tentes,
1313 2121 1403 2177 omnia
1419 2137 1501 2193 regna
1523 2137 1632 2178 serrare
1647 2122 1757 2178 modum
1771 2138 1850 2179 suum
1863 2125 1914 2180 sub
1925 2126 1984 2181 dis-

340 2212 442 2270 Cluisti
461 2223 646 2269 consecratam
668 2231 675 2269 :
696 2222 722 2267 et
745 2229 793 2284 per
811 2214 869 2283 (rjus
886 2214 1039 2283 passionem
1056 2211 1138 2282 proh·
1188 2214 1347 2285 pensatione
1361 2214 1511 2269 divinitatis
1527 2212 1607 2281 lesu,
1624 2230 1678 2269 non
1697 2214 1784 2270 solum
1796 2231 1856 2287 qnae
1870 2216 1898 2271 ιιι
1917 2218 1985 2274 orbe

340 2321 419 2361 cumn
435 2320 495 2361 esse
511 2313 567 2360 toto
588 2306 662 2371 orbi,
681 2303 714 2359 sd
734 2304 932 2375 impetrandum
947 2289 1136 2373 iruetrrrnpie·
1189 2313 1343 2370 tererentur,
1358 2304 1422 2374 quin
1437 2305 1521 2359 etiam
1538 2304 1630 2358 omnia
1642 2320 1703 2375 quae
1715 2313 1788 2370 sunt,
1802 2305 1906 2373 rirunt,
1922 2322 1985 2363 sen-

341 2395 422 2458 tatis‚
444 2403 471 2450 et
490 2395 693 2464 adipiscendam
712 2403 843 2450 aeternam
858 2394 1061 2449 beatitudinem.
1080 2393 1138 2449 l'ir-
1189 2397 1260 2452 tium
1279 2405 1361 2467 atque
1380 2397 1537 2453 discernunt
1553 2395 1651 2464 etjura
1666 2412 1778 2452 serrare
1797 2407 1917 2465 norunt,
1931 2400 1984 2456 sub

338 2494 385 2538 tus
399 2494 439 2539 est
454 2485 537 2540 animi
552 2486 670 2550 imbitus,
683 2493 788 2540 naturae
803 2486 895 2551 decus,
908 2486 970 2540 ritae
984 2486 1063 2549 ratio,
1079 2501 1137 2541 mo-
1188 2487 1240 2543 hoc
1262 2487 1375 2558 imperio
1395 2488 1548 2543 consistunt
1566 2487 1600 2542 ab
1616 2487 1702 2542 initio.
1721 2487 1809 2544 lmber
1825 2504 1933 2560 quoque
1951 2506 1985 2546 ae

339 2592 400 2630 rma
428 2576 555 2631 nobilitas
581 2585 609 2631 et
635 2575 733 2648 linguae
756 2576 916 2631 moderatio.
947 2574 1009 2630 liene
1037 2576 1136 2646 qrrippe
1187 2579 1291 2652 grando
1305 2580 1338 2635 de
1356 2581 1489 2644 nubibus,
1509 2580 1686 2649 nix,pruina
1703 2595 1735 2635 ae
1755 2580 1870 2651 glacies,
1893 2597 1938 2637 ros
1955 2590 1986 2637 et

339 2676 456 2732 rzrructa,
479 2683 495 2721 0
516 2676 609 2723 sancta
630 2684 716 2732 erras,
737 2667 870 2739 religiosis
888 2666 1044 2739 languriuihus
1063 2667 1135 2738 justa
1187 2684 1312 2725 serenum
1331 2670 1410 2725 simul
1431 2685 1492 2724 euru
1512 2668 1633 2725 lontibus
1653 2678 1682 2725 et
1702 2670 1767 2726 rivis
1787 2671 1813 2725 ιιι
1828 2679 1901 2726 terra
1916 2687 1984 2742 pro-

339 2758 417 2813 tende
433 2758 570 2828 probanda
592 2768 619 2813 tu
637 2760 720 2814 tradis
737 2778 742 2813 :
758 2767 855 2814 cuncta
869 2757 949 2813 sinaut
968 2758 1135 2829 beneplacita
1186 2758 1331 2815 ducatibus
1346 2751 1503 2815 Creatorem
1520 2768 1651 2817 testantes
1665 2760 1784 2815 laudant.
1799 2760 1900 2817 Areten
1916 2761 1985 2818 Cre-

340 2848 396 2902 ιιι-ιι
415 2850 594 2918 depromens,
613 2856 640 2903 et
658 2848 763 2917 singula
785 2847 904 2903 salubria
926 2861 986 2903 esse
1007 2850 1134 2918 prodens.
1188 2850 1258 2905 ticos
1270 2859 1298 2906 et
1312 2852 1400 2907 omnis
1413 2851 1550 2906 stellarum
1563 2852 1662 2923 positio
1682 2852 1759 2907 simul
1773 2867 1834 2908 eum
1849 2854 1985 2924 vertigiue

339 2936 396 2990 lua
419 2947 513 2992 sancta
534 2939 676 3009 prudentia
697 2947 820 2994 tenerum
847 2938 977 2992 mundum
1000 2940 1034 2995 ab
1058 2940 1136 2995 initio
1185 2941 1240 3011 poli
1263 2952 1402 2997 auctorem
1425 2944 1573 3013 praedicant
1596 2959 1685 2999 suum.
1710 2943 1814 2999 Nemini
1840 2945 1985 3016 dimlieeat

323 3029 448 3094 docuit,
468 3029 577 3100 quarrdu
597 3046 645 3101 per
657 3030 819 3103 martyrium
834 3028 900 3099 libel
910 3028 976 3098 justi
991 3046 1040 3101 pro
1055 3030 1134 3085 inuo-
1186 3031 1257 3103 quod
1274 3032 1350 3097 dico,
1366 3033 1427 3103 quia
1442 3031 1638 3092 Omuitcneutis
1653 3033 1746 3089 laudes
1765 3034 1869 3099 scribo,
1884 3043 1913 3090 et
1925 3052 1983 3093 non

293 3193 298 3199 ι
338 3124 426 3178 ceritia
442 3124 593 3195 potiendam
608 3124 727 3180 animam
741 3123 953 3189 demonstrarit;
967 3123 1000 3179 de
1017 3131 1043 3178 te
1052 3121 1134 3192 justi·
1185 3120 1339 3177 irrisionem
1349 3121 1391 3177 rel
1406 3122 1526 3177 dolorem
1541 3121 1621 3176 alieni
1637 3122 1980 3193 irrgeru.Benedicite,om-

338 3218 374 3270 tia
391 3217 458 3270 liene
477 3216 535 3270 zelo
549 3215 673 3279 ferrens,
689 3213 787 3269 diaboli
807 3228 933 3284 pompam
954 3215 1135 3283 spernendam
1185 3212 1229 3266 uia
1244 3228 1327 3283 opera
1339 3212 1456 3279 Domini,
1474 3215 1616 3269 lionrinnm
1634 3232 1640 3267 :
1658 3221 1765 3269 cantate
1778 3223 1806 3269 et
1823 3214 1930 3284 psallite
1944 3216 1982 3270 ei.

337 3316 363 3361 et
378 3306 478 3361 Christi
494 3306 588 3376 guttim
602 3303 805 3374 obsequendum
820 3303 916 3357 suasit.
931 3301 984 3357 θοι
1002 3311 1027 3357 ιο
1041 3311 1134 3359 castus
1185 3302 1311 3357 Laudans
1329 3303 1401 3358 dieat
1414 3302 1522 3371 justus,
1537 3305 1609 3373 quod
1624 3304 1747 3360 Christus
1763 3306 1790 3360 in
1808 3320 1891 3362 eruce
1904 3307 1983 3362 exal·

337 3413 414 3456 arator
436 3396 461 3451 iu
483 3396 584 3451 sanetis
606 3394 653 3449 bei
676 3394 756 3468 erigit
774 3409 804 3450 se
825 3395 859 3450 ad
879 3394 1037 3450 sectandum
1058 3395 1132 3451 utilia
1147 3386 1170 3449 C
1186 3403 1256 3451 tatus
1271 3394 1362 3450 orrrrria
1382 3396 1470 3451 trahat
1484 3396 1519 3451 ad
1533 3396 1662 3466 seipsum,
1676 3405 1704 3452 et
1715 3395 1817 3454 electos
1828 3411 1893 3454 suos
1907 3398 1982 3453 rnili-

336 3488 466 3552 consilia,
488 3488 540 3542 hoc
558 3496 615 3553 est,
636 3486 786 3543 doctrinam
804 3485 994 3541 mandatorum
1014 3485 1061 3541 θοι
1078 3505 1084 3541 :
1103 3496 1132 3542 ut
1185 3494 1226 3542 tes
1238 3487 1333 3543 inritet
1347 3487 1381 3542 ad
1398 3503 1536 3543 coronam.
1554 3488 1613 3543 h'ou
1624 3489 1696 3544 enim
1712 3488 1751 3545 ias
1767 3497 1810 3546 est
1828 3498 1859 3545 ut
1876 3489 1903 3545 ιιι
1921 3491 1984 3545 lau·

336 3576 458 3632 handem
473 3577 583 3650 maligni
602 3578 635 3633 de
649 3577 835 3650 penetralibus
854 3577 964 3635 humaui
981 3579 1072 3636 cordis
1085 3596 1134 3636 au·
1183 3581 1272 3636 dando
1286 3580 1460 3638 Conditorem
1479 3582 1616 3638 discordet
1634 3580 1740 3637 lactura
1754 3580 1832 3650 ejus,
1850 3580 1899 3636 sed
1913 3595 1983 3651 gan·

336 3668 417 3734 ierat,
434 3678 462 3724 et
476 3669 569 3725 fideles
584 3669 631 3725 Dei
645 3670 817 3727 atteudeutes
827 3669 862 3724 ad
873 3669 994 3726 coelestia
1007 3673 1130 3741 praemia,
1183 3668 1250 3724 dens
1273 3671 1400 3726 concinat
1424 3672 1474 3727 sibi
1494 3672 1598 3727 debitas
1618 3670 1722 3726 landes.
1746 3669 1878 3726 Universa
1901 3685 1983 3740 aquae

336 3773 464 3829 serpet-are
475 3760 565 3815 caruis
576 3759 810 3832 concupiscentias
817 3761 926 3826 doceat;
935 3759 1045 3832 ipseque
1055 3777 1133 3816 arnor
1183 3758 1305 3813 natantia
1320 3766 1347 3814 et
1364 3760 1500 3832 serpentia
1518 3767 1612 3823 terrm,
1626 3767 1731 3814 montes
1743 3767 1770 3815 et
1783 3756 1882 3825 colles,
1896 3773 1983 3815 arena

336 3866 385 3921 pir
399 3851 554 3906 uati-osam
572 3851 664 3906 nannai
685 3850 854 3906 latitudinem
875 3862 983 3909 sanctos
1002 3853 1132 3925 pradica-
1183 3850 1277 3914 uraris,
1292 3850 1345 3906 luci
1358 3858 1385 3905 ct
1403 3851 1494 3905 oreris
1509 3850 1581 3920 liena
1596 3849 1735 3912 silvarum,
1748 3846 1824 3913 tere,
1838 3864 1939 3920 peoora
1955 3858 1985 3905 et

337 3950 410 3995 tores
424 3941 507 4006 ducit,
524 3949 668 4012 arguentes
679 3940 754 4007 ritia,
767 3950 795 3997 et
810 3942 926 3998 rirtutc's
940 3942 1132 3998 commendar—
1183 3950 1274 4015 truces
1293 3942 1400 4007 bestie,
1422 3957 1528 3998 rennes
1545 3941 1664 4012 pulverei
1682 3948 1715 3995 et
1730 3941 1831 3996 orinuta
1848 3939 1983 4006 rolatilia,

336 4042 376 4085 tes
391 4032 572 4102 docentesque
585 4047 634 4104 per
649 4031 825 4104 Erarrgeliunt
840 4032 1015 4105 liedemptori
1031 4035 1131 4104 gratias
1183 4049 1246 4090 arcs
1258 4044 1405 4089 mansuetae
1416 4042 1443 4089 et
1454 4033 1606 4089 lacerantes
1616 4032 1759 4104 unguibus.
1771 4030 1793 4087 0
1803 4047 1888 4102 genus
1901 4031 1983 4088 Chri-

335 4124 479 4197 agendum,
494 4125 539 4196 qui
552 4125 700 4180 seeundum
715 4134 836 4180 reterum
851 4126 1021 4196 prophetiam
1038 4127 1131 4182 noris·
1182 4125 1326 4181 stieolum!
1343 4141 1397 4196 quo
1412 4126 1473 4181 cosli
1492 4133 1520 4179 et
1534 4133 1607 4180 terra
1626 4124 1801 4190 decorantur,
1816 4139 1833 4178 a
1847 4123 1924 4179 robis
1940 4124 1983 4178 lm

334 4217 412 4272 siuris
425 4219 592 4289 temporibus
605 4218 761 4273 incarnatas
773 4226 825 4284 est,
838 4227 865 4274 et
880 4219 1006 4273 mandata
1024 4220 1132 4274 tradens
1182 4230 1243 4270 men
1259 4215 1321 4269 hdci
1336 4223 1363 4269 ct
1381 4217 1467 4270 rirtus
1486 4202 1687 4287 praedicationis
1699 4215 1841 4286 prodiens,
1863 4213 1981 4285 legatio·

334 4307 493 4379 erangc’lca
513 4307 597 4380 signis
612 4316 640 4362 et
653 4307 793 4364 miraculis
808 4323 888 4365 serus
906 4309 978 4365 heus
991 4310 1129 4365 innotuit:
1182 4321 1244 4361 nem
1264 4306 1319 4376 agit
1337 4307 1370 4361 ad
1391 4317 1503 4378 gentes,
1524 4322 1620 4378 preces
1634 4307 1749 4372 excitat,
1765 4306 1799 4362 ad
1813 4307 1980 4377 baptismum

335 4401 488 4455 concedens
498 4402 624 4457 omnibus
636 4399 758 4455 hdeiihns
769 4401 819 4455 sibi
831 4409 918 4472 ntper
931 4401 1012 4456 isdem
1024 4401 1132 4472 plenam
1182 4397 1295 4464 inritat;
1317 4398 1364 4453 sed
1379 4399 1496 4455 maxime
1517 4399 1658 4454 doctorum
1674 4413 1764 4455 sermo
1782 4397 1911 4468 praeclara
1931 4413 1981 4455 ex·

334 4503 363 4547 et
377 4494 540 4563 baptismum
556 4492 643 4547 lucem
658 4501 788 4548 :eternam
802 4492 1008 4562 conquirerent,
1026 4491 1131 4561 illisque
1182 4490 1335 4545 hortatione
1355 4491 1445 4546 dolum
1461 4491 1559 4546 diaboli
1580 4491 1711 4555 denudat,
1733 4498 1761 4546 οι
1776 4491 1917 4562 acquisitis
1929 4507 1981 4562 per

334 4587 380 4655 uui
398 4585 510 4640 intentis
524 4585 634 4640 attribus
649 4583 788 4639 colestem
811 4583 963 4639 doctrinam
977 4582 1130 4653 capiebant,
1183 4579 1230 4634 Dei
1245 4581 1361 4651 gratiam
1377 4580 1471 4635 clectis
1482 4580 1593 4651 exponit
1606 4580 1748 4636 victoriam
1760 4580 1871 4636 Christi.
1885 4580 1981 4637 Omni-

334 4676 409 4730 dedit
430 4677 457 4729 ιιι
476 4675 585 4730 modum
609 4676 686 4729 houae
709 4683 789 4729 terrae
806 4673 915 4729 uberem
936 4689 970 4728 ex
990 4673 1066 4728 rerbi
1086 4687 1130 4727 se·
1182 4671 1233 4724 hus
1254 4670 1377 4725 lidelibns
1400 4671 1452 4726 hoe
1471 4671 1591 4740 quotidie
1611 4670 1782 4742 predicatur,
1803 4684 1929 4725 necnon
1951 4679 1981 4726 et

334 4768 408 4820 ιιιιιιο
422 4767 553 4820 rirtntum
569 4767 687 4821 fructum
700 4763 833 4834 prolerre,
848 4773 875 4819 et
890 4764 912 4819 si
927 4779 981 4833 qaia
995 4763 1131 4817 incentiva
1144 4736 1171 4797 D
1182 4763 1305 4832 paganis,
1319 4771 1346 4816 et
1361 4761 1435 4817 falsis
1447 4762 1624 4828 Christianis,
1639 4770 1667 4817 et
1678 4761 1813 4817 haereticis
1827 4776 1889 4817 cum
1903 4777 1979 4817 sum·

334 4867 439 4912 natune
460 4859 487 4912 in
509 4858 549 4912 eis
572 4859 727 4922 orirentur,
753 4857 860 4911 abscisa
883 4854 1020 4926 Evangelii
1045 4853 1131 4909 cultro
1184 4870 1228 4910 nra
1242 4856 1373 4910 modestia
1388 4865 1415 4912 et
1429 4856 1559 4925 patientia
1574 4855 1725 4912 intimatur.
1744 4856 1796 4923 Qui
1809 4871 1874 4927 ergo
1888 4857 1979 4912 credi·

333 4950 443 5002 llaunna
463 4945 582 5018 Spiritus
600 4946 688 5008 sancti
712 4955 919 5011 concremaret,
944 4956 975 5000 ut
995 4946 1054 5001 sine
1077 4945 1131 5002 ullo
1182 4946 1254 5001 derit
1269 4946 1351 5002 rerbo
1366 4947 1429 5010 liei,
1446 4946 1608 5011 sati-abitum
1623 4948 1669 5017 qui
1682 4956 1773 5003 autem
1786 4963 1840 5003 non
1853 4948 1981 5004 eredide-

333 5036 529 5106 impedimento
547 5036 667 5091 diriuum
682 5050 791 5106 gcrrneu
809 5043 837 5090 et
854 5034 1009 5104 spirituales
1022 5034 1132 5091 delicias
1182 5037 1234 5103 rit,
1254 5045 1302 5091 arrt
1319 5037 1410 5108 pratis
1425 5037 1552 5109 operibus
1565 5037 1646 5092 fidem
1660 5039 1838 5102 destruxerit,
1855 5040 1883 5094 in
1896 5048 1979 5096 :nter-

333 5130 391 5202 regi
411 5128 521 5186 Christo
540 5128 710 5184 exhiberent.
728 5128 783 5184 llos
803 5144 870 5200 ergo
891 5127 995 5183 ferretus
1012 5127 1131 5198 primurn
1182 5147 1247 5187 num
1263 5131 1445 5186 darnuahitur.
1462 5130 1546 5200 lgitur
1558 5131 1621 5201 quia
1641 5129 1741 5186 Christi
1756 5132 1842 5202 gratia
1857 5132 1885 5186 in
1899 5132 1978 5189 eoelis

303 5287 315 5294 ·
334 5221 401 5275 sides
413 5229 441 5275 ct
454 5219 549 5292 religio
558 5219 711 5276 Christiana
722 5233 772 5290 per
785 5218 977 5289 predicatores
990 5217 1128 5290 Erartgelii
1182 5224 1249 5279 etin
1264 5224 1344 5278 terris
1359 5223 1505 5285 redundat,
1521 5224 1590 5279 bene
1612 5221 1742 5278 condecet
1760 5231 1789 5277 ιιι
1802 5222 1924 5278 ccelestia
1940 5225 1978 5279 si·

332 5311 484 5380 plantavit,
503 5309 599 5366 deiude
612 5310 699 5381 gratia
714 5311 843 5366 rirtutum
862 5325 944 5384 puros
963 5319 991 5365 et
1008 5311 1042 5366 ab
1055 5311 1128 5366 orrrui
1182 5313 1238 5366 nrul
1253 5322 1280 5366 et
1297 5314 1436 5370 terrestria
1450 5329 1498 5368 ore
1512 5329 1632 5370 consono
1647 5313 1740 5370 laudes
1759 5312 1814 5369 lieo
1830 5315 1978 5370 decantent

308 5449 313 5461 .
333 5404 413 5460 sorde
430 5404 532 5459 alienos
551 5403 669 5460 ostendit
692 5403 814 5460 :dehine
829 5402 958 5474 patientia
973 5411 1127 5457 sanctorum
1181 5412 1208 5457 et
1228 5405 1331 5474 gratias
1352 5413 1443 5475 agant.
1466 5403 1584 5473 Populus
1605 5403 1711 5459 bantini
1735 5413 1764 5459 et
1785 5418 1849 5460 ores
1867 5419 1978 5475 pescate

334 5497 362 5551 iu
383 5495 604 5550 tribulationibus
624 5493 764 5566 probarit3
784 5502 894 5564 pactum
910 5507 1019 5564 quoque
1039 5502 1066 5547 et
1083 5506 1128 5547 so-
1180 5491 1252 5562 ejus,
1268 5494 1315 5564 qui
1328 5494 1427 5564 partim
1445 5494 1471 5549 in
1491 5494 1567 5550 eoelis
1581 5492 1638 5563 jam
1652 5509 1714 5548 curn
1733 5493 1847 5549 Domitio
1864 5509 1976 5565 regnas,

333 5587 419 5641 cieras
437 5601 507 5641 rerae
527 5584 679 5642 concordie
702 5583 870 5640 coadunatos
888 5601 915 5639 et
935 5583 1129 5654 inseparabiles
1179 5583 1278 5652 partim
1292 5575 1380 5638 adhue
1394 5583 1575 5655 peregrinaris
1586 5583 1613 5636 in
1628 5590 1711 5647 terra,
1728 5596 1780 5636 una
1795 5582 1865 5636 ratio
1877 5598 1926 5637 ros
1940 5581 1976 5639 ad

334 5679 564 5744 tiernenstrando,
582 5677 711 5734 stabilivit
733 5696 739 5733 z
761 5678 823 5732 exin
844 5677 924 5744 modo
945 5677 1044 5732 virtute
1064 5692 1128 5732 con-
1180 5673 1342 5732 laudandum
1364 5676 1448 5732 θοιιιιι
1469 5676 1580 5741 incitat,
1599 5691 1667 5746 quos
1688 5691 1771 5730 unum
1794 5675 1923 5746 gaudium
1946 5680 1974 5731 ta

334 5770 442 5823 stantiae
456 5768 563 5824 tor-atter
582 5771 754 5834 roborantur,
768 5778 796 5822 et
813 5784 862 5838 per
881 5782 972 5822 reram
988 5769 1127 5822 humilita-
1179 5765 1256 5820 coelIs
1272 5776 1420 5836 exspectat.
1441 5767 1508 5822 llam
1527 5768 1599 5838 quod
1619 5767 1712 5823 datum
1731 5768 1844 5838 estjam
1864 5774 1975 5832 terretis,

335 5867 388 5911 tem
414 5858 490 5912 illaesi
513 5859 722 5924 custodiuntur,
750 5867 779 5911 nt
805 5871 854 5925 per
880 5856 1069 5910 discretionem
1099 5857 1126 5912 io
1178 5869 1206 5913 et
1218 5860 1289 5927 qarod
1303 5861 1464 5930 promissum
1476 5868 1517 5915 est
1531 5861 1665 5916 veraciter
1678 5860 1833 5930 accipietis,
1848 5860 1911 5929 quia
1927 5858 1975 5929 qni

333 5957 507 6007 auganentum
527 5947 658 6021 proticere
681 5947 806 6015 valeant,
827 5956 854 6001 et
874 5963 924 6019 per
945 5947 1126 6020 longanimem
1178 5951 1302 6022 promisit
1320 5953 1379 6008 sine
1397 5953 1476 6010 dnbio
1496 5955 1523 6008 ιιι
1538 5954 1614 6009 robis
1628 5969 1676 6010 sua
1689 5953 1822 6025 promisse
1840 5950 1974 6022 implebit.
2039 5975 2043 5983 ·
