4509 6850
266 659 323 718 η,
913 657 1274 725 eiacuoucousuro.
1862 681 1916 739 rao

267 791 299 832 re
325 773 456 832 roluin.
482 773 513 832 st
526 784 620 831 utun
640 775 785 846 qnisquam
811 763 906 846 exigit,
931 778 1224 850 promoreantur,
1239 786 1275 839 ad
1292 789 1917 860 terramqaarrrjurmdtAbrabamlraacetla·

265 868 353 938 etinrp
370 865 645 923 secundumbistoriae
659 864 739 922 fldem
754 864 996 933 rernmsit,laoob
1003 885 1065 925 arm
1115 874 1173 926 coi.
1188 871 1306 947 Carnam
1326 877 1475 946 adjurasset
1487 897 1530 935 eor
1541 890 1619 952 atque
1633 881 1754 944 amiraei,
1770 880 1840 935 Deae
1853 882 1917 937 riri·

264 957 570 1030 septuagintaquinque
584 956 763 1012 animabusin
779 956 921 1027 AEgyptum
936 959 1064 1027 intrasse,
1114 964 1181 1020 tebit
1199 983 1256 1033 roi,
1276 980 1408 1039 asportate
1426 972 1560 1027 arbitrarii
1580 989 1639 1028 oste
1655 990 1714 1027 area
1731 972 1836 1030 deloco
1854 975 1914 1041 isto,

265 1066 324 1107 nou
339 1050 386 1106 illo
402 1065 456 1105 uno
471 1050 523 1113 die,
548 1048 761 1120 quorenit,ejus
783 1050 936 1122 ingressum
958 1061 1065 1124 oportet
1115 1066 1293 1119 mariaeerat,
1308 1060 1415 1131 replear
1427 1063 1629 1118 ceatum'rlecerri
1639 1066 1699 1119 riroe
1710 1080 1766 1119 aaa
1780 1067 1877 1130 anain
1889 1074 1915 1119 et

264 1141 394 1213 intelligi,
420 1139 469 1197 sed
489 1140 552 1211 quia
568 1140 596 1194 in
615 1139 677 1195 liliis
693 1140 750 1195 suis
768 1140 927 1211 plerumque
946 1144 1066 1214 appella·
1114 1148 1236 1202 caliditas
1263 1152 1436 1218 aromatibus,
1450 1140 1578 1224 repositae
1589 1163 1626 1208 ert
1638 1154 1667 1208 iri
1682 1153 1768 1209 larario
1781 1155 1808 1209 iu
1829 1154 1916 1226 «Ερμ-

244 1241 315 1288 'tur
330 1231 428 1297 laceb,-
450 1231 503 1286 hoe
521 1231 604 1286 estin
626 1231 742 1301 posteris
760 1232 828 1297 suis,
848 1241 875 1287 et
895 1247 944 1302 per
966 1232 1065 1304 loseph
1114 1248 1169 1307 pto.
1181 1236 1280 1309 loseplr
1291 1241 1372 1311 igitur
1385 1243 1443 1312 qui,
1455 1244 1526 1298 sicut
1541 1253 1618 1314 pater
1629 1246 1689 1315 ejus
1699 1243 1794 1308 Jacob,
1810 1253 1912 1300 terram

264 1341 331 1383 euni
343 1332 452 1380 constat
463 1325 491 1380 in
504 1324 651 1397 AEgyptrrm
667 1325 792 1392 intrasse,
808 1326 937 1381 introitus
951 1327 1010 1397 ejus
1022 1344 1066 1384 ac·
1115 1332 1334 1401 repromissionis
1354 1342 1408 1389 tota
1430 1344 1520 1391 merite
1542 1337 1724 1403 desiderabat,
1754 1338 1915 1393 incolatum·

264 1418 410 1490 eipieudus
420 1426 463 1473 est
474 1418 594 1488 quaudiu
607 1416 673 1471 vixit
686 1415 796 1487 loseph,
811 1433 949 1488 perquem
964 1417 1064 1474 iactum
1115 1434 1168 1488 que
1182 1419 1290 1491 AEgypti
1306 1423 1502 1490 detestabatur,
1518 1428 1658 1483 moraliter
1673 1442 1722 1482 nos
1740 1428 1862 1490 instruit,
1883 1435 1914 1483 at

239 1517 310 1567 est
328 1517 357 1564 ut
374 1509 498 1564 intraret.
524 1508 593 1563 Toto
616 1508 715 1579 quippe
740 1508 785 1563 illo
809 1510 1020 1578 temporenasei
1038 1518 1066 1564 et
1115 1512 1244 1579 quamdiu
1265 1514 1349 1569 simus
1378 1515 1405 1568 iu
1426 1516 1477 1571 boc
1509 1518 1619 1580 mundo,
1649 1532 1755 1587 semper
1774 1518 1913 1574 desidere·

264 1600 360 1657 rivere
373 1608 521 1671 potuerant
531 1614 625 1654 onrnes
638 1599 685 1669 qui
698 1608 955 1666 commemorantur,
968 1607 997 1654 ut
1007 1615 1066 1671 sep
1115 1617 1176 1656 nivis
1200 1603 1303 1674 ingredi
1325 1613 1424 1660 terram
1442 1605 1610 1675 viventium,
1632 1609 1724 1681 ibique
1743 1611 1914 1681 requiescere

264 1693 389 1767 mginta
407 1693 526 1765 quinque
542 1692 639 1747 atrimae
653 1692 851 1761 compleantur,
866 1707 953 1762 usque
967 1693 999 1748 ad
1018 1707 1066 1748 ne·
1114 1702 1253 1764 optemus:
1273 1695 1344 1765 quod
1368 1705 1431 1751 tunc
1451 1698 1531 1770 digne
1552 1700 1592 1765 tlt,
1616 1701 1639 1756 si
1660 1715 1802 1756 numerum
1824 1716 1913 1756 anno·

263 1798 344 1862 potes
356 1789 509 1861 Beniamin.
525 1788 571 1844 Sic
585 1789 657 1844 enirn
672 1788 752 1845 dicit:
770 1787 806 1842 lli
817 1787 866 1858 filit
878 1788 933 1843 Liar
945 1805 1010 1859 quoe
1023 1805 1067 1859 pe·
1115 1800 1175 1839 rum
1196 1787 1284 1841 atatis
1304 1787 1388 1857 ipsias
1405 1790 1526 1844 moribus
1542 1791 1688 1847 imitemur.
1713 1792 1827 1848 Centum
1845 1807 1910 1862 ergo

263 1881 333 1952 peiit
347 1880 398 1952 ipsi
415 1879 498 1934 lacot
512 1880 539 1933 ia
554 1879 743 1951 Mesopotamia
759 1876 845 1950 Syria
867 1877 1032 1951 (Gertnxrr
1043 1882 1063 1950 ).
1114 1887 1144 1933 et
1158 1880 1249 1934 decem
1263 1879 1325 1934 vitat
1339 1896 1394 1936 suae
1416 1882 1495 1937 annis
1509 1882 1634 1951 expletis,
1656 1892 1780 1939 mortuus
1797 1891 1849 1940 cst.
1879 1884 1913 1938 Et

263 1971 394 2043 miens
409 1970 490 2026 etiam
505 1971 538 2025 de
565 1969 608 2025 bis
627 1969 672 2039 qui
687 1985 740 2025 non
754 1978 832 2025 erant
843 1969 910 2035 nati,
933 1970 996 2040 quia
1012 1968 1066 2025 illie
1115 1985 1165 2025 uos
1181 1970 1400 2042 studeamusque
1415 1988 1463 2042 per
1477 1971 1596 2043 decalogi
1612 1974 1814 2027 observantiam
1834 1972 1867 2028 ad
1881 1988 1915 2028 te-

262 2070 393 2134 perentes
408 2075 502 2117 eorum
516 2075 550 2116 ex
569 2061 668 2130 quibus
685 2060 742 2115 uati
762 2070 826 2115 sunt
852 2069 1004 2131 pepererat,
1028 2061 1064 2122 lla
1116 2069 1220 2115 ternam
1233 2061 1438 2126 beatitudinem,
1451 2077 1532 2131 quam
1544 2063 1717 2117 ceritraarius
1728 2078 1856 2118 uumerus
1869 2062 1915 2116 de-

263 2167 314 2210 eos
326 2152 475 2224 perbibens
494 2162 582 2216 natos,
603 2150 731 2221 quoniam
751 2167 831 2206 causa
846 2167 899 2220 qua
921 2166 1067 2207 nasceren·
1081 2142 1104 2201 B
1118 2152 1216 2223 signat,
1234 2151 1430 2222 perveniamus.
1457 2151 1589 2207 Corrditus
1604 2168 1712 2221 (petoque
1728 2160 1771 2208 est
1787 2152 1844 2221 ipse
1863 2149 1912 2205 Jo-

263 2242 546 2308 nathinaeorum
562 2250 614 2307 est,
632 2249 757 2314 parentes
772 2258 865 2296 corum
880 2257 949 2312 quos
963 2242 1010 2297 Lia
1027 2243 1063 2298 ibi
1116 2244 1182 2312 seph
1197 2243 1373 2308 arornatibus,
1394 2251 1422 2299 et
1435 2244 1568 2314 repositus
1584 2244 1611 2297 iu
1634 2243 1722 2299 loculo
1741 2244 1768 2298 in
1786 2243 1913 2315 AEgypto.

264 2334 412 2406 pepererit.
432 2333 470 2388 lta
486 2335 613 2403 quoniam
631 2347 713 2387 causa
734 2332 853 2387 intrandi
872 2332 898 2386 in
915 2332 1063 2404 AEgypturn
1116 2331 1232 2390 Loculus
1253 2342 1295 2388 est
1317 2348 1366 2389 vas
1387 2335 1588 2404 repositorium,
1609 2335 1654 2390 ubi
1674 2335 1775 2406 aliquid
1796 2336 1830 2390 ad
1850 2351 1915 2391 cori·

262 2420 349 2481 tama
364 2425 391 2480 iu
412 2422 512 2495 loseph
527 2424 630 2484 habuit,
651 2431 734 2477 totum
749 2431 922 2493 tempusque
937 2424 963 2478 iu
983 2423 1065 2496 AEgy-
1116 2424 1281 2479 servandum
1302 2425 1516 2481 cournicudatar.
1539 2424 1636 2482 Oieliu
1656 2427 1759 2492 anirna,
1782 2442 1842 2496 qum
1856 2442 1914 2480 aro

264 2521 312 2586 pto
326 2516 397 2571 vixit
418 2514 527 2584 loseplr,
541 2514 674 2586 ingressio
694 2523 752 2569 erat
769 2513 852 2570 Jacob
869 2515 897 2569 in
916 2514 1063 2586 AEgyptum
1117 2515 1234 2571 matibus
1254 2514 1384 2569 virtutum
1406 2517 1525 2582 condita,
1549 2517 1576 2571 in
1603 2516 1654 2571 boc
1679 2517 1838 2587 arrpasculo
1865 2518 1913 2571 de·

264 2618 313 2676 per
328 2621 408 2662 suam
430 2607 597 2677 progeniem,
622 2620 682 2677 quae
704 2605 750 2661 illo
769 2606 831 2661 rivo
851 2609 1061 2678 propagabatur,
1116 2619 1192 2676 gens,
1208 2603 1328 2674 quotidie
1343 2603 1508 2673 prolicienda
1527 2606 1638 2677 perenni
1661 2607 1722 2662 rita
1738 2606 1912 2662 reservatur!

266 2709 412 2769 perquem
433 2697 533 2753 lactum
552 2705 594 2753 cst
606 2706 635 2752 ut
655 2698 850 2768 ingrederetur.
1116 2694 1182 2751 Siue
1199 2696 1290 2762 dubio,
1311 2696 1333 2750 si
1349 2696 1394 2750 tuli
1421 2698 1593 2752 condimento
1610 2699 1730 2760 condita,
1747 2698 1772 2752 in
1788 2698 1851 2760 side,
1866 2713 1914 2768 spe

552 2811 665 2869 CAPUT
681 2811 772 2867 ΝΠ.
952 2803 959 2820 ⁸
1115 2787 1288 2843 etelraritate
1308 2788 1442 2846 custodita
1465 2787 1556 2855 luerit,
1588 2805 1637 2859 per
1665 2790 1779 2861 gratiam
1801 2788 1913 2846 Christi.

272 2897 346 2957 pu„
360 2904 431 2975 mg
451 2903 548 2976 Jng
571 2905 666 2975 fram,
685 2922 746 2960 Μ
764 2906 908 2976 adj-„mm
931 2915 1060 2976 quamn„
1114 2878 1149 2934 ad
1163 2879 1260 2936 divinae
1281 2878 1517 2950 contemplationis
1534 2882 1652 2952 speciem
1668 2882 1811 2950 pervenire
1826 2895 1914 2935 mere·

300 2974 460 3044 egredientes
472 2991 505 3029 es
517 2974 645 3046 AEqppto,
670 2992 731 3030 osia
752 2993 800 3031 ran
816 2992 903 3031 seram
924 2985 1059 3048 portarent
1113 2971 1196 3026 bitur.
1213 2970 1295 3042 Ctrjas
1312 2972 1420 3041 adeptio
1439 2972 1559 3042 perlecta
1569 2980 1611 3028 est
1624 2973 1728 3038 latitia,
1743 2987 1823 3043 quain
1836 2970 1911 3026 l‘sal·

298 3053 356 3115 ΡΜ
367 3044 467 3099 ‘’lim''
480 3046 572 3117 ''l’‘ffl‘·
1116 3063 1195 3118 mista
1211 3063 1297 3118 oculis
1318 3063 1379 3119 fidei
1395 3064 1529 3135 aspicieus
1552 3065 1589 3120 ait
1604 3083 1610 3118 :
1626 3064 1784 3133 ddiarplebia
1796 3079 1847 3128 irie,
1859 3062 1913 3116 llo·

300 3154 418 3213 heatae
428 3167 464 3212 est
476 3166 562 3212 artem
574 3156 672 3230 derepit
682 3157 808 3229 fratribus
825 3157 899 3212 suis:
913 3156 976 3212 Post
991 3174 1061 3211 aror—
1115 3152 1195 3217 miae,
1215 3152 1307 3207 toetitia
1323 3170 1384 3208 cam
1397 3155 1469 3208 uultu
1489 3153 1551 3221 tuo,
1565 3155 1750 3210 delectationes
1764 3156 1791 3210 ia
1806 3154 1913 3210 dextera

267 3252 412 3302 tenueere
424 3247 493 3304 Deae
504 3249 617 3303 abitabit
629 3266 683 3315 aar,
696 3259 721 3303 et
731 3250 869 3304 ascendere
880 3250 998 3333 [arialde
1009 3265 1061 3304 rer·
1113 3253 1160 3298 trra
1176 3262 1256 3317 usqae
1270 3245 1298 3299 iri
1311 3245 1390 3315 finem
1405 3244 1497 3318 (Prot.
1514 3247 1568 3321 ev).
1584 3248 1682 3304 Amen.

259 3364 1906 3450 *ma

564 3570 853 3684 annai
889 3568 1267 3683 ananau
1305 3567 1617 3683 meant

632 3779 779 3836 asellis
799 3778 993 3837 respersis
1012 3779 1058 3834 ΕΤ
1078 3776 1271 3836 docuallrtt
1290 3748 1552 3835 lacnlerlscorl

485 3975 826 4117 nlltltlt
899 3975 1044 4113 DE
1114 3968 1698 4113 COMPUTO·

974 4235 1095 4331 (aava
1116 4234 1200 4315 suo.)

834 4400 939 4463 litatae..
953 4399 1109 4452 llisrellaaea
1119 4412 1197 4462 sacra
1210 4407 1269 4451 tom.
1283 4401 1330 4465 ll.)

562 4612 758 4672 ruotostts.
1111 4614 1178 4683 ipsis
1191 4614 1273 4669 rebus
1284 4611 1427 4682 disponere
1440 4599 1576 4670 contendi.
1589 4613 1654 4669 lade
1671 4629 1779 4688 quoque
1798 4619 1907 4688 evenit,

293 4699 402 4764 Dilecto
415 4705 494 4762 iratri
504 4704 666 4764 Mercatura
679 4708 813 4764 morraclro
824 4709 950 4766 Riaasus
961 4724 1059 4780 pecca·
1111 4707 1175 4760 dum
1199 4704 1323 4759 brevitati
1346 4705 1500 4771 studerem,
1525 4714 1552 4762 et
1573 4716 1664 4761 tarrien
1680 4708 1800 4781 ipsarum
1815 4727 1908 4768 rerum
2003 4765 2008 4773 ,

229 4776 311 4849 10¹*
324 4797 351 4853 in
363 4795 472 4853 Christo
485 4796 610 4852 saluam.
1072 4772 1095 4836 C
1111 4793 1252 4849 veritatem
1266 4792 1419 4864 patefacere
1432 4794 1546 4861 vellem,
1564 4796 1636 4865 quod
1651 4797 1730 4853 uerius
1749 4798 1809 4854 libri
1823 4816 1910 4872 quan·

292 4882 426 4961 Legimus
440 4887 569 4958 scriptum
593 4886 621 4941 in
644 4886 816 4944 Proverbiis:
838 4889 934 4944 llelior
952 4900 990 4946 ert
1012 4906 1060 4946 ea·
1110 4886 1215 4941 litatem
1230 4886 1350 4941 devitare
1373 4901 1426 4940 non
1449 4901 1570 4956 possam.
1585 4883 1731 4958 Composui
1746 4891 1854 4959 quidem
1872 4907 1907 4948 ex

233 4962 361 5034 ficaria
374 4979 476 5034 cautis
489 4977 696 5048 pretiosissimis,
710 4988 735 5033 et
753 4995 829 5034 omae
846 4981 1018 5037 desiderabile
1035 4983 1060 5037 ei
1110 4992 1224 5032 numero
1238 4985 1265 5033 et
1284 4984 1435 5046 temporum
1455 4977 1578 5036 articulis
1592 4980 1736 5049 quemdam
1760 4980 1906 5052 dialogum,

237 5056 316 5123 *Ort
327 5075 412 5139 pateat
426 5068 585 5138 caniparari.
597 5067 670 5133 idco,
687 5068 772 5124 lratcr
788 5069 978 5136 dilectissime,
998 5086 1060 5143 gra·
1109 5075 1138 5123 et
1148 5068 1252 5122 nornini
1266 5076 1313 5141 tuo
1325 5068 1413 5139 ipsum
1428 5068 1535 5134 dicari;
1556 5070 1585 5124 in
1604 5084 1657 5139 quo
1671 5085 1732 5140 quae
1751 5073 1907 5128 necessaria

238 5140 316 5219 ¹52⁸
325 5172 378 5230 ago
392 5158 458 5222 ileo,
472 5158 518 5228 qui
534 5157 581 5212 tibi
593 5157 652 5227 ejus
670 5174 790 5214 amorem
812 5160 969 5231 inspirarit,
982 5163 1059 5233 cujus
1108 5159 1177 5214 milii
1189 5159 1366 5222 videbantur,
1388 5157 1589 5231 interrogandi,
1610 5162 1732 5233 discipuli
1748 5165 1866 5229 nomine,
1880 5172 1907 5220 et

243 5239 400 5305 Messio
422 5250 517 5306 mundi
541 5250 650 5307 divitias
671 5251 821 5306 ooritenrnit
843 5260 922 5322 teque
943 5252 1060 5309 reddidit
1109 5264 1171 5320 quae
1191 5247 1386 5318 respondendi,
1411 5249 1534 5322 magistri
1550 5252 1680 5308 vocabulo
1700 5254 1857 5323 praenvltavi·
1873 5254 1907 5310 Et

246 5332 314 5395 ϋηο
333 5340 437 5413 fulgore
456 5328 615 5400 decoriium
636 5354 664 5401 er
678 5346 810 5416 pmxjmts
832 5348 886 5403 ruis
903 5347 1059 5418 profeciat).
1109 5354 1163 5395 non
1176 5339 1233 5395 haec
1247 5337 1434 5393 tantummodo
1447 5340 1566 5409 propriis
1579 5342 1841 5407 ratiocinationibus,
1857 5343 1905 5397 sed

250 5422 335 5483 ⁸¹lltl.
347 5428 582 5503 Petebasergoot
595 5434 756 5504 quibusdam
771 5436 805 5490 de
821 5447 948 5508 computo
962 5453 1060 5508 propo-
1109 5431 1191 5487 etiam
1212 5446 1246 5487 ex
1269 5429 1442 5500 antiquorum
1462 5431 1545 5488 dictis
1566 5440 1594 5488 et
1614 5441 1769 5489 sanctorum
1792 5432 1905 5486 Petrum
1925 5498 1934 5510 ι

254 5508 407 5579 titionibus
420 5538 571 5596 earumque
583 5528 674 5582 minus
687 5526 815 5598 perlectis
827 5530 1058 5598 responsionibus,
1109 5520 1251 5577 sententiis
1270 5520 1388 5575 enodare
1401 5523 1504 5577 curavi.
1524 5522 1602 5589 ideo,
1626 5522 1710 5579 irater
1727 5523 1903 5589 charissime,

257 5610 336 5671 (luas
348 5612 413 5691 mibi
424 5614 589 5684 protuleras,
600 5618 693 5672 nescio
707 5632 721 5672 a
735 5619 834 5688 quipus
845 5618 994 5686 consecras,
1005 5629 1059 5693 ⁵¹5·
1109 5611 1167 5666 liaeo
1181 5611 1285 5682 legens,
1300 5611 1370 5666 scias
1384 5626 1427 5666 me
1450 5628 1502 5668 noa
1522 5613 1673 5671 difficultati
1696 5615 1840 5670 verboram
1858 5625 1905 5671 aut

258 5676 325 5747 llltu
334 5697 607 5769 adhiberem,easque
619 5701 666 5756 tilii
678 5701 823 5758 lucidiores
833 5703 984 5759 redderem.
997 5706 1059 5761 Feci
1108 5702 1267 5758 obscuritati
1283 5702 1479 5758 sententiarum
1496 5704 1641 5770 studuisse,
1657 5705 1712 5761 imo
1725 5705 1811 5777 magis
1824 5705 1904 5776 plana

262 5788 395 5844 ιῐιιιυιιιιῃ
413 5791 508 5861 potui,
532 5792 580 5847 sed
599 5808 654 5847 non
670 5807 702 5847 eo
718 5795 812 5848 ordino
831 5810 885 5866 qno
904 5796 1060 5868 impositas
1108 5808 1222 5867 qrimque
1241 5792 1385 5862 faciliaque
1398 5794 1547 5866 collegisse,
1563 5803 1590 5851 et
1603 5811 1664 5867 quae
1683 5812 1716 5853 ex
1737 5796 1846 5868 proprio
1864 5797 1905 5852 io-

264 5874 369 5945 rellttit
383 5882 447 5953 quia
461 5884 574 5941 contusa
588 5886 674 5941 series
684 5886 737 5941 vim
753 5889 933 5958 cognoscendi
949 5889 1060 5946 abstulit
1109 5885 1194 5952 serui,
1216 5886 1250 5940 ad
1272 5885 1471 5943 dilucidandam
1494 5888 1579 5957 ipsam
1601 5887 1743 5955 veritatem
1766 5889 1905 5946 laborasse

266 5962 298 6009 ²¹
315 5969 414 6028 Ι-ιιιιίιιιιι
428 5973 554 6031 lectionis
566 5975 679 6032 iuverit.
699 5975 832 6048 Pleraque
843 5992 908 6050 ergo
920 5994 980 6049 quae
993 5981 1058 6036 milri
1109 5980 1196 6049 magis
1208 5994 1290 6049 quam
1301 5979 1415 6036 aliorum
1429 5979 1570 6051 imperitiae
1585 5980 1735 6038 insultasse.
1751 5980 1820 6037 Nulli
1832 5981 1904 6037 euim

268 6055 352 6125 'mill
364 6066 519 6123 neceswia
537 6066 699 6125 ridebantur
711 6068 818 6135 addidi,
839 6076 868 6125 et
886 6070 1010 6128 ordinem
1031 6073 1058 6129 in
1110 6088 1154 6130 me
1166 6072 1301 6146 preclero;
1320 6073 1369 6130 scd
1385 6073 1650 6146 beneqraereatibus
1666 6083 1695 6133 ot
1711 6074 1791 6133 lldeui
1811 6076 1906 6134 calbo·
