4509 6850
828 661 872 716 DE
891 660 1062 715 ahbbtttbs
1082 659 1110 710 S.
1132 654 1266 712 ttttthS.
1285 688 1318 696 -
1339 657 1401 713 ΜΒ.
1422 658 1442 714 l.
1521 673 1524 684 ·

919 770 1175 837 tttlctattaTlo
1201 772 1371 833 Flebam.

348 974 482 1031 Continet
493 986 558 1040 crgo
570 968 627 1022 hac
642 964 726 1036 iugum
739 971 838 1015 sancta
852 958 941 1013 crucis
956 957 982 1010 in
997 962 1111 1024 quattuor
1126 958 1149 1016 Α
1163 963 1212 1008 stra
1222 960 1332 1006 caritant
1345 952 1408 1015 beo,
1422 951 1467 1020 qui
1482 951 1610 1021 angeline
1619 950 1757 1021 priuilegio
1770 954 1902 1006 castitatis
1911 963 1950 1006 ta·

311 1065 479 1140 pentagonis
504 1061 628 1122 inumata,
646 1069 788 1111 rutmcrum
810 1066 888 1105 exuit
904 1050 1065 1110 litterarum,
1085 1047 1111 1099 in

314 1166 436 1229 quatuor
451 1152 574 1208 uersibus
586 1146 768 1214 conscriptum
783 1185 788 1195 .
806 1141 952 1196 secundum
967 1137 1044 1207 cujus
1054 1136 1112 1205 plu-

315 1250 457 1306 ralitatem
470 1241 619 1299 millenario
630 1234 804 1304 rrrttltiplicatu
818 1232 844 1285 in
854 1229 1012 1300 Apocalypsi
1021 1227 1112 1282 multi·

316 1341 387 1396 tudo
402 1338 447 1393 illa
472 1335 648 1405 signatomm,
667 1343 699 1382 cx
718 1324 790 1379 oruui
815 1323 885 1376 tribu
902 1321 1016 1375 filiorum
1032 1316 1113 1373 lsrael

316 1437 506 1501 computator,
529 1432 711 1488 numerusque
734 1415 776 1470 illc
796 1414 956 1475 albatorum,
981 1410 1028 1479 qui
1051 1424 1112 1463 cum

317 1536 394 1594 agno
403 1534 486 1589 super
501 1523 618 1570 mutilem
629 1511 694 1564 Sion
709 1508 834 1567 stabant,
851 1506 993 1558 denotatur
1006 1520 1013 1555 ε
1026 1501 1113 1570 primo

317 1611 449 1667 videlicet
461 1609 488 1662 in
502 1606 668 1675 signatorum
679 1598 795 1653 millibus
808 1592 1013 1650 innumerabilis
1028 1592 1113 1661 signi-

319 1702 420 1758 ficatur
428 1698 512 1752 totitas
521 1692 648 1749 Ecclesia
659 1687 812 1749 multitudo,
823 1701 883 1755 quse
894 1686 927 1739 tle
940 1682 1112 1752 patriarchis,

319 1791 362 1846 rel
371 1787 496 1860 prosapia
510 1781 660 1847 carni-,sel
675 1778 787 1833 hdciost
802 1776 951 1830 imitatione
962 1774 1111 1844 progenita.

320 1880 350 1936 Si
363 1879 446 1942 euim,
461 1876 559 1945 inquit,
570 1889 613 1927 aas
625 1869 732 1934 Christi,
745 1884 805 1937 erge
822 1866 933 1919 abraha
944 1880 1029 1917 iernen
1041 1864 1111 1916 eatis.

320 1973 362 2027 hd
385 1977 562 2043 augmentum
577 1974 667 2019 autem
682 1958 857 2031 perfectionis
877 1957 993 2026 pertinet
1010 1963 1037 2008 et
1057 1955 1112 2023 ipsa

321 2079 359 2118 ιιι
387 2059 533 2117 duodecies
550 2052 733 2124 multiplicari,
747 2057 775 2106 et
796 2049 829 2103 ad
845 2062 977 2102 summam
993 2044 1115 2099 millena·

322 2156 363 2210 rio
378 2151 487 2223 perlici,
506 2150 550 2218 qui
563 2156 606 2201 cst
618 2144 744 2201 denarius
766 2155 895 2196 numerus
906 2139 1054 2208 quadratus
1068 2134 1129 2190 so-'

322 2247 405 2311 lidus,
424 2241 581 2313 significans
596 2236 719 2292 stabilem
737 2231 863 2288 Ecclesiae
886 2230 979 2283 sitam.
1000 2227 1038 2281 Ex
1060 2241 1113 2296 quo

1162 1051 1206 1098 tos
1219 1059 1247 1098 so
1261 1044 1374 1098 Domino
1389 1042 1490 1098 iaciunt
1503 1042 1699 1107 holocaustum,
1713 1053 1741 1098 et
1757 1043 1879 1099 tollentes
1889 1060 1950 1100 cru-

1162 1147 1221 1187 cem
1243 1148 1319 1188 suam
1340 1144 1489 1202 sequuntur
1503 1149 1600 1203 agnum
1619 1148 1778 1203 quocunque
1794 1134 1869 1199 ierit,
1885 1149 1950 1189 cau-

1164 1225 1310 1293 tabuutque
1326 1224 1402 1293 quasi
1417 1224 1551 1278 cauticum
1570 1237 1680 1288 nouum,
1694 1225 1765 1294 qnod
1781 1240 1861 1279 nerito
1881 1225 1949 1280 alius

1163 1322 1251 1383 potest
1264 1328 1376 1379 cauere,
1394 1312 1455 1381 quia
1468 1312 1643 1383 singulariter
1655 1313 1789 1367 cauticum
1805 1327 1875 1382 agito
1885 1329 1950 1368 can-

1164 1413 1231 1460 taro.
1248 1411 1289 1458 cst
1300 1419 1361 1458 cunr
1376 1417 1407 1457 co
1423 1403 1449 1457 in
1463 1413 1622 1473 perpetuum
1640 1418 1696 1473 pra
1707 1404 1812 1460 cttnctis
1829 1404 1951 1460 fidelibus
2020 1413 2022 1418 ’

1164 1498 1245 1552 ctiam
1259 1498 1291 1550 dc
1307 1495 1396 1550 carnis
1408 1495 1610 1564 incorruptione
1624 1495 1751 1564 gaudere.
1766 1495 1842 1562 Qrtoil
1861 1504 1951 1551 tauma

1164 1585 1242 1640 electi
1257 1585 1347 1639 caeteri
1361 1584 1495 1639 canticum
1516 1585 1610 1639 audire
1630 1595 1755 1653 possunt,
1776 1585 1842 1638 licct
1862 1585 1952 1640 dicere

1165 1686 1308 1748 nequeant,
1321 1680 1382 1748 quia
1392 1695 1441 1750 per
1451 1679 1611 1734 charitatem
1623 1680 1728 1747 quidem
1742 1679 1768 1731 iu
1780 1678 1887 1733 illorum
1900 1678 1953 1733 cel-

1166 1772 1282 1826 situdine
1296 1771 1349 1825 lacti
1373 1779 1446 1837 suut,
1463 1770 1587 1840 quamvis
1607 1770 1640 1824 atl
1658 1786 1751 1825 eorum
1768 1770 1877 1839 artemia
1899 1785 1951 1824 uon

1165 1871 1318 1931 assurgant.
1337 1861 1420 1915 Vetus
1431 1861 1540 1930 quidem
1554 1870 1613 1914 erat
1627 1861 1762 1915 canticum
1778 1878 1784 1912 :
1801 1858 1897 1913 Beatus
1908 1862 1953 1930 qui

1165 1951 1240 2005 herber
1254 1967 1339 2004 reuma
1356 1952 1383 2004 in
1404 1950 1478 2014 Sion,
1492 1960 1516 2004 et
1527 1952 1681 2004 domesticos
1691 1951 1720 2003 in
1734 1948 1906 2003 Hierusalem.
1921 1949 1954 2002 Et

1166 2046 1229 2100 item
1253 2064 1259 2098 :
1283 2042 1395 2098 Crescite
1409 2053 1433 2097 et
1451 2042 1660 2113 multiplicamini
1682 2052 1706 2097 et
1730 2041 1823 2113 replete
1845 2054 1952 2097 terrum.

1166 2136 1268 2192 hortun
1289 2136 1360 2190 enim
1375 2145 1416 2191 cst
1433 2151 1440 2188 :
1455 2134 1565 2199 Latara,
1591 2136 1698 2202 sterilia,
1718 2152 1777 2205 aaa
1791 2151 1843 2190 nan
1863 2139 1954 2207 pterim

1166 2246 1270 2300 erumpe
1290 2241 1313 2282 et
1327 2228 1421 2292 cluam,
1436 2245 1495 2298 aaa
1509 2245 1560 2282 uon
1572 2230 1704 2297 vertaris,
1720 2229 1782 2298 qaia
1797 2227 1884 2298 pilares
1903 2228 1954 2297 filii

322 2336 406 2405 igitur
422 2330 552 2388 Dominus
566 2342 663 2397 passus
683 2332 734 2389 est,
751 2322 898 2378 contritum
916 2327 957 2375 est
972 2317 1113 2388 imperium
1130 2300 1274 2375 Bdeserta
1291 2322 1374 2389 retegis
1389 2335 1467 2389 gaam
1487 2320 1543 2388 ejas
1556 2334 1614 2389 aaa
1634 2318 1710 2373 itabat
1725 2320 1820 2373 airam.
1841 2318 1874 2374 m
1890 2320 1954 2373 item

322 2423 456 2481 mundani
469 2420 644 2493 principatus,
661 2425 688 2472 et
699 2416 734 2470 ad
749 2415 800 2469 hoc
814 2412 933 2482 gentium
948 2409 1115 2466 cotrlmctum

321 2523 365 2572 est
381 2511 539 2584 imperium,
556 2519 584 2564 ut
604 2509 681 2579 siguo
705 2506 767 2561 fidei
783 2505 826 2560 cui
854 2503 1009 2558 restiterant
1033 2501 1116 2555 iacies

323 2613 481 2660 sanctorum
499 2601 582 2654 libere
595 2598 798 2653 denotarentur.
821 2594 932 2664 Signum
948 2594 1040 2662 itaque
1054 2592 1115 2647 iudei

323 2704 364 2750 est
379 2709 448 2749 crux
461 2689 575 2755 Christi,
591 2690 623 2743 ad
634 2687 710 2756 cujus
723 2684 926 2740 similitudinem
948 2684 1004 2738 'latr
1026 2683 1116 2737 littera

325 2788 444 2842 icrmata
466 2781 567 2852 est„de
582 2795 634 2849 qua
657 2780 683 2833 in
700 2777 841 2832 Ezcclticle
855 2778 891 2831 ita
905 2776 1034 2846 scripturn
1049 2782 1113 2830 est:

327 2875 358 2930 lt't
370 2874 457 2946 gloria
472 2871 576 2926 Dnrnini
592 2868 675 2925 lsrael
693 2879 828 2940 assumpta
838 2878 875 2923 eat
886 2868 919 2921 de
935 2868 1038 2928 cherub,
1058 2883 1116 2937 qua

326 2978 380 3020 emt
395 2966 488 3019 subter
502 2979 561 3017 etun
585 2961 620 3015 ad
635 2960 712 3014 limen
733 2960 836 3027 domna,
861 2969 884 3013 et
910 2960 1009 3012 noeaeit
1034 2959 1116 3012 ciram

326 3061 369 3129 gxi
393 3058 504 3112 indatus
521 3065 577 3109 erat
595 3053 681 3119 lineis,
697 3062 721 3107 et
746 3052 964 3106 atramentarium
979 3050 1114 3119 scriptoria

328 3151 439 3205 temler
455 3150 484 3203 ia
498 3147 592 3201 lambit
605 3146 672 3211 saia,
687 3155 710 3199 et
726 3144 793 3196 dixit
808 3142 842 3197 ad
857 3159 916 3196 eum
931 3158 940 3194 :
962 3140 1055 3194 Transi
1071 3156 1117 3209 per

328 3243 441 3297 mediam
459 3239 590 3294 eicitmem
602 3237 630 3290 in
645 3235 729 3290 media
742 3232 919 3297 lliermalem,
931 3242 954 3286 et
968 3232 1043 3302 rigna
1061 3230 1117 3283 Taa

326 3349 405 3402 saper
419 3331 518 3400 [rantes
532 3330 646 3383 tiroram
665 3326 821 3397 gementium
836 3333 860 3378 et
880 3322 1022 3377 dolentiam
1041 3338 1118 3376 saner

328 3425 429 3479 mactis
444 3417 683 3477 abominationibus
697 3433 756 3488 qua
768 3414 833 3485 fiant
849 3414 875 3468 in
892 3413 977 3468 medio
995 3412 1061 3483 ejas.
1084 3411 1118 3467 m

328 3516 394 3569 elisit
415 3512 470 3567 illie
493 3511 614 3566 andana
629 3523 693 3562 me:
717 3506 836 3561 Tramite
860 3521 905 3575 per
931 3505 1060 3559 ciuitatem
1078 3520 1118 3558 ee·

329 3616 434 3676 grentes
452 3619 512 3658 mm
531 3611 555 3657 et
575 3600 711 3672 percutite,
740 3614 792 3652 non
805 3606 895 3667 pareat
913 3595 1004 3649 oculas
1026 3604 1117 3659 uerter,

330 3712 409 3767 aeque
424 3692 610 3756 misereamini,
626 3705 722 3753 aeneia,
738 3685 969 3750 adolescentulum,
989 3693 1013 3740 et
1036 3685 1115 3755 uirgi-

330 3803 397 3852 nem,
412 3784 562 3856 pareatum,
582 3791 606 3835 et
624 3780 745 3834 mulieres
760 3776 907 3846 interficite,
924 3792 1005 3847 uagae
1018 3775 1053 3829 acl
1073 3776 1116 3830 in·

330 3878 520 3942 terneciaaem3
535 3890 636 3929 amnem
651 3882 737 3926 aetem
750 3886 829 3940 super
841 3885 916 3938 qaem
932 3868 1047 3923 videritis
1061 3866 1117 3921 Tau

331 3985 361 4023 xe
378 3966 516 4031 occidatis,
534 3972 560 4019 et
582 3963 697 4033 reliqua.
720 3961 806 4016 Recte
821 3959 893 4015 enirn
907 3959 995 4014 omnis
1009 3957 1118 4027 iniquus

332 4071 458 4113 macrone
474 4053 640 4111 infidelitatis
664 4051 833 4115 interficitur,
856 4048 902 4119 qai
926 4048 1031 4119 signum
1056 4046 1117 4102 lidei

332 4149 399 4203 bono
412 4161 497 4219 opere
512 4146 538 4200 iu
558 4143 704 4212 semetipso
724 4142 866 4197 ostendere
884 4139 1033 4211 neglexisse
1052 4154 1118 4193 con·

333 4241 472 4304 rincitur,
495 4247 523 4294 ct
547 4236 644 4292 nierito
663 4234 736 4304 juste
762 4235 876 4306 quisque
901 4233 1034 4288 bonorum
1051 4245 1118 4300 opus

332 4331 467 4402 oprando
489 4344 539 4400 per
565 4327 654 4384 critas
667 4326 769 4382 Christi
794 4324 945 4396 potentiam
966 4323 1116 4378 liberatur:

332 4421 392 4490 qaia
408 4419 515 4474 Domini
530 4417 623 4481 tidem,
638 4431 718 4486 quant
739 4415 765 4468 iu
781 4415 915 4483 baptismo
930 4412 1061 4482 percepit,
1075 4412 1117 4466 in-

332 4509 457 4564 riolatam
473 4522 558 4577 usque
580 4506 608 4560 in
622 4506 701 4559 hnetn
720 4504 844 4559 mandata
866 4501 966 4558 Christi
984 4501 1118 4572 implendo

331 4615 508 4657 conservasse
520 4599 703 4670 cognoscitur.
715 4597 816 4651 Deinde
836 4610 899 4666 grex
916 4594 960 4649 ille
979 4593 1118 4649 dealbato-

332 4706 390 4745 runr
403 4691 432 4745 in
445 4689 566 4760 eiusdem
582 4687 687 4742 numeri
704 4686 855 4756 quantitate
874 4695 1076 4749 annumeratur,
1091 4694 1119 4740 ct

331 4790 430 4837 sancte
453 4780 616 4852 uirginitatis
641 4779 668 4832 iu
692 4778 786 4833 electis
810 4779 917 4847 copiosa
939 4777 1118 4832 numerositas

331 4876 482 4930 inauriatur.
497 4872 550 4929 Sed
565 4873 670 4928 linitum
687 4881 777 4926 tamcn
792 4887 933 4927 numerum
948 4886 997 4941 pro
1014 4871 1118 4924 irrhuito

331 4968 373 5023 hic
393 4967 522 5037 positum,
538 4966 652 5035 quisque
664 4980 759 5020 sanum
774 4964 883 5035 sapiens
900 4964 1050 5035 intelligere
1069 4963 1118 5017 dc-

331 5059 383 5117 bet,
399 5057 499 5112 secreti
517 5055 714 5124 significatione
734 5055 855 5125 mysterii
880 5054 1004 5125 virginali
1026 5063 1116 5125 aptum

330 5149 461 5211 examini,
477 5147 547 5219 quod
563 5148 647 5203 oeurn
661 5164 695 5204 ex
710 5149 871 5211 totocorde,
885 5163 918 5201 cx
941 5156 996 5201 tota
1010 5147 1117 5213 anima,

331 5249 443 5310 totaque
454 5250 544 5296 mente
559 5241 682 5313 diligens,
699 5241 821 5310 corporis
833 5255 950 5310 quoque,
966 5239 1036 5308 quod
1048 5254 1080 5294 ex
1092 5255 1119 5293 ιν

330 5341 437 5389 constat
450 5332 602 5398 elementis,
625 5333 662 5388 illi
686 5343 727 5388 est
742 5334 897 5401 integritate
918 5341 1056 5396 sacratus,
1078 5340 1119 5385 ter

329 5424 403 5479 caira
417 5425 488 5479 terni
511 5439 551 5489 rx,
564 5432 592 5480 ct
614 5433 710 5493 quater
724 5424 846 5494 quaterni
868 5438 922 5485 xri,
937 5421 1057 5477 sedecies
1070 5436 1117 5475 au-

331 5523 387 5570 tem
408 5528 505 5569 novem
518 5528 597 5569 cxttt
610 5514 733 5584 implent,
750 5525 778 5566 ut
790 5527 851 5568 cunt
862 5513 896 5566 dc
908 5513 950 5567 bis
964 5511 1010 5580 qui
1026 5511 1052 5564 iu
1072 5526 1115 5564 ar-

328 5604 424 5659 ctioris
436 5604 499 5658 rita
512 5604 596 5674 gradu
609 5605 758 5666 constituti,
777 5603 873 5657 merito
887 5602 912 5654 iu
936 5600 1001 5654 Sion
1025 5610 1115 5654 urontc

327 5708 391 5748 cum
405 5708 476 5764 agno
490 5701 544 5747 mm
557 5692 672 5763 perlaeta
686 5694 828 5747 ntultitudo
840 5702 979 5753 cernatur,
993 5689 1026 5743 de
1041 5700 1116 5745 catc-

329 5787 368 5840 ris
392 5784 522 5840 Ecclesia
546 5787 678 5854 membris
691 5802 743 5839 nou
760 5785 904 5839 alulitetur.
933 5784 965 5835 b't
980 5783 1117 5835 cantabam

327 5877 404 5943 qttasi
427 5878 558 5929 canticam
583 5895 675 5931 renuunt
696 5889 754 5930 ante
779 5878 873 5937 eedem,
897 5885 921 5929 et
935 5883 1119 5945 ttritequatum·

326 5967 457 6021 animatia
476 5969 649 6033 elmuinus,
673 5978 700 6023 ct
725 5969 835 6038 reliqua.
861 5966 898 6022 llli
915 5967 991 6035 rptasi
1015 5966 1116 6019 cithara

1167 2412 1237 2466 idem
1252 2411 1385 2480 Propheta
1401 2410 1466 2464 dicit
1482 2427 1487 2461 :
1505 2408 1539 2461 m
1562 2426 1613 2463 area
1633 2409 1703 2464 dicat
1718 2410 1863 2474 ennachos,
1888 2409 1955 2462 lieer

1167 2504 1265 2575 lignum
1281 2504 1405 2567 aridum;
1424 2502 1554 2555 haecdicit
1568 2498 1697 2555 Dominae
1717 2501 1841 2555 erenaehia
1856 2504 1898 2571 qui
1912 2518 1955 2554 en·

1167 2595 1310 2649 stedierant
1318 2593 1426 2648 sabbata
1438 2609 1505 2657 mea,
1514 2601 1537 2646 et
1545 2591 1826 2662 elegeruntqacetolai,
1834 2600 1858 2645 et
1869 2602 1955 2646 tenac-

1168 2697 1228 2743 rant
1237 2687 1321 2756 scedio
1336 2702 1421 2763 aream
1433 2683 1524 2738 :Dabo
1540 2684 1618 2738 eisin
1635 2684 1712 2737 dama
1726 2692 1820 2737 maaet
1836 2685 1862 2737 in
1873 2687 1955 2737 rrturix
1969 2740 1971 2745 ,

1167 2774 1560 2844 metatoremernormametim
1567 2775 1630 2844 filiis
1639 2785 1661 2829 et
1670 2774 1785 2843 filiabus,
1793 2791 1884 2828 reorueu
1892 2792 1956 2828 aerit-

1166 2873 1294 2943 pitermtm
1309 2871 1376 2924 drabo
1395 2870 1431 2925 eia
1443 2869 1512 2940 qaod
1531 2885 1581 2923 non
1593 2868 1695 2939 peribit.
1717 2868 1750 2923 lit
1769 2868 1832 2923 itcm
1848 2886 1853 2920 :
1867 2866 1955 2922 Beata

1167 2961 1335 3032 sterilesque
1346 2979 1397 3017 non
1409 2969 1563 3033 genoertmt,
1576 2970 1600 3015 et
1609 2961 1753 3030 uberaque
1772 2975 1823 3013 nen
1844 2959 1956 3012 laetare-

1168 3065 1239 3120 raat,
1251 3056 1397 3125 etreliqua.
1412 3054 1728 3124 liabentquippenumen
1741 3052 1799 3123 cius
1814 3061 1841 3107 et
1858 3067 1954 3105 numen

1168 3145 1255 3201 Patris
1263 3143 1321 3213 ejus
1333 3144 1463 3213 scriptum
1478 3141 1644 3197 intrantibus
1658 3142 1795 3212 suis,quia
1811 3142 1836 3195 iu
1849 3139 1955 3196 conlas-

1168 3236 1244 3291 siouc
1257 3243 1357 3290 sauctae
1371 3234 1512 3289 Trinitatis
1525 3232 1646 3287 dedicata
1665 3232 1786 3288 Ecclesia
1800 3231 1888 3286 baruc
1904 3247 1953 3286 sua

1169 3324 1230 3379 hdei
1251 3341 1305 3379 suae
1324 3332 1411 3396 gestat
1431 3324 1551 3393 insigne,
1579 3324 1650 3393 quod
1674 3339 1721 3394 per
1744 3332 1844 3378 sancta
1867 3323 1957 3378 crucis

1169 3418 1327 3491 mysterium
1342 3418 1368 3473 iu
1382 3415 1598 3473 Christianorum
1619 3415 1752 3474 frontibus
1773 3416 1908 3489 pingitur,
1931 3429 1958 3471 ct

1170 3506 1302 3578 irequcuti
1319 3502 1420 3562 'marna
1438 3506 1612 3576 inscriptione
1633 3506 1764 3577 signatur.
1788 3506 1856 3562 bleta
1871 3522 1957 3561 utitis·

1170 3601 1284 3671 quisque
1309 3615 1334 3652 tv
1353 3609 1565 3670 pentagonorum
1589 3614 1670 3654 xxxrt
1690 3598 1795 3653 litteras
1815 3598 1956 3661 cantinet;

1131 3673 1155 3737 C
1169 3691 1217 3747 sed
1230 3706 1282 3745 nou
1301 3691 1361 3746 ideo
1374 3692 1444 3759 quod
1458 3690 1502 3745 hic
1522 3703 1651 3744 numerus
1665 3689 1783 3759 quinque
1798 3688 1956 3759 angulorum

1169 3781 1282 3854 liguram
1294 3780 1373 3846 iacit,
1388 3796 1449 3834 nam
1467 3795 1538 3834 xxxv
1553 3788 1720 3851 pentagonus
1733 3788 1789 3843 est;
1806 3778 1852 3834 sed
1867 3778 1900 3833 ad
1914 3778 1955 3832 iu-

1168 3872 1317 3927 rimandum
1344 3872 1453 3942 aliquod
1481 3881 1683 3928 sacramentum
1710 3872 1747 3927 ita
1770 3872 1874 3943 positus
1904 3883 1955 3926 cst.

1168 3965 1313 4033 Quiuarius
1327 3981 1391 4036 ergo
1405 3964 1491 4036 legem
1505 3965 1602 4036 signat,
1618 3973 1645 4020 ct
1657 3966 1846 4034 quaternarius
1869 3965 1955 4018 Esau-

1168 4056 1281 4127 gelium;
1296 4064 1324 4110 at
1336 4065 1453 4124 quatuor
1465 4055 1608 4126 pentagoni
1623 4070 1684 4110 cum
1696 4055 1895 4111 adhaerentibus
1906 4056 1956 4110 sibi

1168 4157 1284 4219 quatuor
1308 4147 1454 4202 unitatibus
1479 4161 1506 4200 tv
1529 4160 1631 4202 cornua
1650 4146 1796 4216 cotnplent,
1815 4145 1877 4215 cirria
1892 4161 1953 4215 pas·

1169 4241 1244 4296 sione
1261 4238 1361 4294 Christi
1373 4245 1401 4293 et
1416 4237 1614 4293 resurrectione
1633 4237 1765 4306 completa
1784 4237 1825 4290 lcx
1839 4234 1919 4289 simul
1930 4243 1957 4287 ct

1169 4333 1354 4405 Evangelium,
1364 4331 1391 4386 in
1403 4339 1487 4386 totam
1506 4330 1598 4386 mundi
1611 4329 1776 4385 latitudinem
1788 4327 1957 4399 prauieanua

1169 4426 1324 4482 doctoribus
1335 4424 1481 4480 commissa
1496 4431 1560 4478 sunt
1573 4441 1580 4477 ι
1602 4436 1684 4476 unum
1700 4422 1727 4475 in
1740 4417 1893 4489 exemplum
1906 4418 1961 4473 du-.

1171 4529 1212 4576 tos
1236 4519 1377 4587 utriusque
1402 4516 1558 4571 testamenti
1578 4522 1680 4583 patres.
1703 4512 1795 4567 hitales
1809 4511 1908 4581 ubique
1930 4510 1957 4565 iu

1169 4612 1294 4665 tuamne
1319 4608 1385 4663 orbe
1400 4606 1553 4661 castitatem
1566 4605 1699 4660 seruando
1721 4602 1826 4658 inritare
1849 4609 1955 4672 satage-

1169 4701 1245 4765 bant,
1265 4700 1310 4770 qni
1334 4713 1403 4760 agno
1418 4696 1513 4753 sociati
1537 4710 1618 4766 super
1646 4703 1765 4749 montem
1790 4692 1857 4770 'Sion
1879 4693 1955 4763 qiuari

1170 4795 1304 4849 canticum
1329 4806 1427 4848 uorum
1446 4790 1473 4845 iu
1499 4788 1613 4845 citharis
1629 4786 1685 4842 suis
1704 4784 1860 4841 cantabant.
1887 4783 1957 4851 Erga

1170 4899 1286 4960 quatuor
1305 4890 1422 4943 unitates
1436 4902 1496 4955 qua
1515 4884 1673 4956 pentagonis
1687 4883 1857 4938 extrinsecus
1868 4881 1958 4936 adha-

1171 4989 1241 5045 rcut,
1262 4981 1289 5035 in
1304 4988 1421 5050 quatuor
1444 4977 1542 5032 litteris
1567 4990 1650 5031 uuum
1672 4990 1768 5031 norrten
1789 4973 1957 5029 conficienti·

1169 5071 1229 5135 bus,
1242 5070 1269 5126 id
1280 5079 1331 5135 est,
1342 5085 1417 5131 crux,
1432 5068 1674 5124 demonstravimus
1689 5086 1695 5120 :
1715 5075 1744 5120 ut
1758 5076 1786 5122 et
1795 5066 1957 5136 pentagonis

1170 5164 1226 5220 suis
1236 5164 1269 5217 ad
1279 5177 1374 5217 uersus
1381 5159 1553 5230 complendus
1564 5159 1740 5225 cohererent,
1749 5166 1777 5213 et
1786 5156 1869 5226 adjus
1879 5173 1955 5214 stratur

1170 5255 1407 5312 demonstrandum
1420 5254 1470 5310 sibi
1481 5260 1575 5308 mittito
1589 5267 1642 5305 uno
1655 5252 1763 5306 nomine
1775 5259 1954 5307 necterentur.

1171 5347 1218 5400 Est
1230 5359 1336 5414 quoque
1359 5345 1403 5399 hic
1415 5358 1510 5398 tersus
1529 5343 1556 5396 in
1571 5342 1741 5397 eminentiori
1754 5349 1831 5412 parte
1844 5340 1932 5395 crucis
1945 5358 1952 5393 :

1265 5457 1415 5505 lmmaculata
1431 5455 1609 5507 eohorseantxs
1626 5461 1650 5504 tu
1664 5456 1763 5507 mettim
1776 5454 1830 5504 llltc.

1171 5542 1201 5594 lit
1217 5541 1242 5594 iu
1259 5540 1311 5594 ima
1329 5540 1390 5594 hic:

1263 5629 1314 5678 lter
1329 5628 1368 5677 ubi
1378 5628 1451 5677 lesus
1460 5633 1514 5678 orat
1525 5643 1573 5691 quo
1582 5630 1656 5691 pascit
1668 5629 1767 5691 uirginis
1776 5640 1861 5689 agras.

1169 5711 1197 5764 lu
1213 5713 1321 5766 ilcatcra
1337 5726 1400 5765 reru
1415 5711 1482 5766 istc:

1262 5803 1371 5854 Cartuina
1385 5816 1439 5864 quar
1449 5802 1622 5853 nullusdilluso
1631 5801 1718 5851 lamiae
1731 5812 1816 5849 cainan

1173 5884 1204 5936 tlt
1222 5885 1246 5936 iu
1264 5884 1372 5938 sinistra
1390 5885 1458 5938 iste:

1262 5973 1305 6020 lla
1317 5982 1398 6022 vester
1410 5986 1471 6035 grex
1485 5976 1508 6022 ui
1519 5972 1583 6023 solus
1593 5978 1615 6021 et
1629 5971 1770 6033 splendidus
1782 5971 1849 6021 orda

1053 6104 1256 6117 *uu—-
