4509 6850
308 677 377 734 tuot
628 676 659 729 lt.
679 670 808 728 ntutbd
826 668 935 726 nsunt
955 667 1116 725 ancillet.
1138 668 1292 726 nonunt.
1313 669 1456 728 ouauttlt
1475 671 1565 728 PARS
1585 672 1605 726 l.
1878 676 1951 732 tuos

307 785 413 859 galisi,
435 796 463 845 et
474 791 504 843 itt
519 787 607 840 crucis
621 783 708 852 ligno,
728 791 756 836 ct
780 782 807 836 iu
833 780 983 835 istiusmodi
1008 779 1099 843 rebus,
1114 781 1139 840 Α
1154 778 1190 834 ita
1203 788 1230 834 ct
1248 795 1317 835 nnus
1333 787 1412 850 pater
1425 789 1453 836 et
1475 783 1603 855 magister
1628 799 1680 839 uon
1700 785 1859 854 pracpttdicat
1875 788 1953 857 aliis,

308 895 368 950 quas
378 878 479 933 babent
489 876 597 947 quldem
615 872 701 928 zelum
714 872 772 937 llei,
787 872 835 928 sed
857 886 910 926 non
923 871 999 943 Juxta
1015 870 1102 926 scien-
1154 878 1183 923 ut
1199 871 1310 926 abusive
1324 871 1491 942 appellentur
1504 883 1596 943 patres
1607 881 1636 929 ct
1646 875 1778 946 magistri.

307 968 374 1041 tiam
388 968 474 1038 usqne
488 965 568 1021 bodie
582 963 722 1028 factitant,
742 963 856 1019 culicem
876 963 1010 1033 liquantes
1020 970 1048 1018 et
1057 977 1103 1018 ca·
1189 961 1241 1030 Qui
1252 964 1341 1035 rnojor
1352 976 1390 1021 ert
1402 976 1524 1034 oestrum,
1540 968 1588 1022 erit
1599 968 1717 1022 minister
1726 979 1817 1023 ceter.
1837 969 1953 1028 Gertan

308 1059 407 1115 melum
422 1056 587 1130 glutientesl
605 1054 757 1111 istiusmodi
771 1062 832 1109 erat
856 1053 960 1109 limbria
974 1068 1060 1122 parva
1074 1060 1103 1108 et
1152 1054 1224 1110 tibus
1236 1055 1270 1110 de
1287 1056 1409 1126 prioratu
1425 1056 1585 1128 discipulis,
1601 1065 1633 1112 ut
1653 1058 1741 1115 Lucas
1764 1059 1864 1123 refert,
1889 1065 1953 1133 pius

307 1148 398 1203 brevis
413 1162 447 1204 es
464 1144 534 1217 legis
549 1153 694 1215 praecepto,
719 1158 801 1215 quant
815 1151 844 1201 et
856 1144 953 1199 mulier
966 1144 1021 1210 illa,
1042 1154 1103 1214 qua
1151 1147 1284 1219 magister
1297 1162 1346 1206 eos
1359 1163 1413 1205 nou
1427 1148 1500 1204 lnitae
1516 1149 1696 1205 contentionis
1708 1152 1809 1222 arguit,
1831 1154 1881 1208 scd
1897 1153 1953 1209 tnr-

307 1235 562 1309 sangsineduebat,
585 1236 674 1307 tetigit
698 1237 726 1291 in
749 1236 831 1306 pallio
844 1236 971 1303 bomini,
986 1238 1033 1293 sed
1048 1252 1102 1292 non
1151 1255 1224 1298 marn
1245 1253 1329 1311 quatu
1344 1248 1494 1311 sequamur
1516 1238 1677 1296 bumilitatis
1697 1241 1819 1297 modesta
1840 1244 1955 1300 ratione

307 1339 350 1387 est
363 1336 523 1403 compuncta
538 1327 735 1400 superstitiosis
755 1322 877 1384 sentibus
893 1327 1101 1395 Pharisaeorum,
1152 1333 1280 1389 describit
1293 1332 1369 1406 (Luc.
1384 1331 1464 1403 xxti).
1479 1332 1509 1387 ln
1521 1347 1573 1402 qun
1588 1332 1778 1388 ermanlenus
1798 1335 1954 1391 obtinenda

307 1422 448 1494 magisque
471 1426 566 1475 sanata
581 1418 616 1474 ad
629 1427 731 1476 tactum
745 1416 815 1488 clus.
831 1416 954 1490 Cumque
965 1417 1101 1488 superbus
1153 1424 1270 1496 majores
1284 1431 1312 1478 et
1328 1437 1518 1493 precessores,
1543 1424 1570 1478 id
1595 1431 1653 1488 est,
1679 1424 1804 1481 ᾱοιιοιοι
1817 1425 1955 1483 scelesto

308 1513 423 1568 dilatem
433 1509 600 1581 phylacteria
612 1524 673 1575 sua,
685 1518 713 1564 et
723 1522 835 1580 magnas
849 1505 953 1565 iaciant
970 1508 1101 1575 timbrias,
1152 1529 1206 1569 nun
1220 1513 1330 1568 minima
1355 1513 1520 1569 discretione
1541 1528 1609 1583 opus
1623 1514 1743 1579 babent,
1765 1529 1803 1569 ne
1821 1515 1954 1572 videlieet

308 1603 422 1675 gloriam
437 1608 579 1672 captantes
592 1599 627 1654 ab
642 1598 813 1664 hominibus,
835 1605 989 1671 arguuntur
1002 1597 1029 1653 in
1041 1597 1103 1653 reii-
1153 1620 1245 1676 regum
1259 1603 1399 1675 gentilium
1413 1603 1501 1658 instar
1514 1603 1648 1658 dominari
1660 1602 1802 1673 sublectis,
1818 1619 1909 1675 seque
1920 1607 1955 1661 ab

307 1696 576 1767 qnis,eurquserant
589 1692 691 1763 primos
707 1690 884 1747 accubitnsin
900 1691 997 1757 conis,
1011 1690 1104 1760 etpri-
1153 1696 1193 1752 eis
1211 1696 1347 1767 gaudeant
1367 1693 1542 1765 supervacuis
1566 1692 1691 1748 laudibus
1711 1694 1820 1759 attolli,
1851 1697 1903 1749 sed
1921 1696 1955 1748 ad

306 1792 367 1844 aras
379 1786 523 1843 cathedras
546 1786 575 1841 in
588 1785 741 1858 synagogis,
760 1792 788 1840 et
800 1784 828 1838 in
837 1782 947 1854 publico
959 1783 1049 1856 gulam
1063 1797 1104 1839 sc·
1153 1786 1305 1859 exemplum
1330 1785 1403 1857 rogis
1422 1784 1535 1848 aeterni,
1559 1784 1638 1853 qnasi
1649 1782 1773 1851 juniores
1791 1784 1832 1839 eis
1854 1786 1957 1854 quilius

307 1887 417 1937 ctesrtm
430 1886 459 1935 et
469 1879 596 1952 gloriam,
608 1885 637 1934 et
648 1884 778 1932 nocentur
791 1875 876 1931 liabii
892 1876 927 1931 ab
937 1874 1102 1942 bominibus,
1154 1875 1281 1950 regendis
1297 1882 1418 1945 praesunt
1437 1873 1589 1930 elliciantur
1601 1888 1633 1929 ae
1653 1873 1781 1928 ministri.
1805 1872 1880 1942 Quia
1893 1875 1955 1944 qni·

307 1971 379 2041 quod
388 1969 485 2025 Latino
498 1982 624 2025 sennone
637 1966 762 2038 magister
774 1966 883 2020 dicitur.
898 1963 990 2037 (ltus.)
1002 1963 1104 2020 llotan·
1154 1980 1262 2038 cunque
1272 1966 1329 2022 vult
1342 1965 1454 2021 fratrom
1476 1963 1626 2035 prevenire
1639 1965 1788 2034 regnando,
1807 1965 1892 2035 prius
1908 1981 1956 2021 ue·

307 2064 371 2115 dum
389 2069 491 2124 tamen,
502 2061 575 2131 qnod
591 2074 644 2115 non
657 2058 770 2113 salutari
791 2058 818 2112 in
833 2056 908 2122 loro,
928 2072 982 2113 non
1000 2055 1104 2128 prinms
1154 2072 1232 2114 cesse
1243 2064 1325 2114 estut
1341 2055 1414 2111 illurn
1429 2055 1576 2125 praeveniat
1588 2054 1774 2123 obsequendo,
1793 2054 1870 2110 sicut
1882 2055 1955 2126 Apo

306 2151 413 2217 sedere,
429 2150 472 2206 uel
494 2150 664 2206 discumbere
678 2156 754 2204 rotat
774 2163 833 2211 eos,
854 2148 954 2219 quibus
963 2148 1014 2204 ltoc
1023 2146 1103 2203 odlcii
1116 2126 1141 2187 Β
1155 2150 1241 2205 stolus
1254 2149 1315 2204 ait:
1335 2147 1444 2202 llonors
1464 2147 1573 2202 instem
1585 2148 1772 2218 preterieram
1784 2145 1877 2218 (liora.
1893 2148 1954 2221 ιιι).

306 2243 404 2300 ordire
419 2240 558 2313 competit,
578 2240 627 2297 sed
639 2253 687 2296 eos
698 2238 827 2294 nlmimm
841 2237 888 2309 qui
905 2238 963 2295 bec
981 2237 1039 2295 sire
1055 2239 1104 2294 ba·
1155 2243 1253 2299 Vincat
1276 2256 1338 2299 earn
1357 2239 1471 2309 udlcils,
1494 2249 1525 2297 ut
1547 2242 1634 2313 possit
1657 2241 1767 2298 vincere
1792 2244 1951 2299 sanctitate.

306 2333 375 2400 utta,
388 2347 435 2391 seu
450 2340 525 2390 certe
538 2346 592 2387 non
604 2330 698 2387 habita
723 2327 844 2387 indebite
861 2338 964 2397 amant,
988 2345 1004 2384 a
1019 2328 1105 2387 bdell-
1155 2329 1258 2405 (tiraq.)
1281 2322 1406 2388 stennon
1428 2346 1541 2389 necess
1553 2339 1596 2389 est
1610 2339 1641 2387 ut
1660 2333 1701 2389 sic
1722 2332 1794 2389 bene
1806 2334 1953 2406 agentibus

307 2426 359 2483 ltus
371 2426 535 2498 quibusque,
552 2423 629 2496 quasi
650 2422 787 2495 improbos
798 2422 876 2481 docet
890 2438 950 2480 esse
960 2424 1104 2495 cavendos,
1154 2434 1204 2493 per
1226 2422 1406 2479 bumilitatem
1424 2424 1479 2479 sint
1497 2423 1580 2491 socii,
1600 2431 1732 2495 quatenus
1750 2436 1850 2482 contra
1864 2427 1950 2483 delin

307 2518 428 2574 animum
452 2516 580 2574 videlicet
609 2530 663 2573 non
691 2515 803 2588 gradum
829 2513 904 2585 iusta
934 2514 1105 2573 distinctione
1154 2514 1294 2584 quentium
1312 2514 1378 2570 ritis
1394 2529 1445 2586 per
1458 2514 1668 2585 zelumlustitie
1686 2516 1742 2571 sim
1760 2518 1861 2583 erecti,
1879 2527 1909 2573 ut
1925 2527 1951 2572 et

306 2608 484 2679 redarguens.
509 2607 640 2677 Quamvis
659 2614 688 2663 et
709 2607 761 2664 boc
783 2606 863 2678 eulpa
883 2621 937 2662 non
959 2614 1061 2675 careat,
1080 2609 1104 2665 si
1154 2604 1233 2661 bonts
1250 2605 1278 2660 in
1291 2605 1405 2662 nulluse
1422 2604 1579 2676 preferant,
1596 2615 1696 2661 etcum
1710 2621 1860 2676 pravorum
1876 2607 1952 2678 eulpa

306 2700 390 2756 iidem
405 2699 432 2753 in
445 2698 507 2754 loro
524 2698 617 2755 litibus
628 2698 770 2763 interesse,
783 2697 830 2768 qui
841 2697 868 2753 in
881 2697 1007 2753 cathedra
1020 2696 1105 2770 lloysi
1154 2692 1239 2765 exigit
1259 2702 1420 2765 potestatem
1435 2695 1559 2765 protinus
1577 2694 1618 2750 sui
1636 2695 1777 2765 prioratus
1788 2705 1951 2768 agnoscant.

253 2794 257 2800 '
307 2802 451 2861 synagogae
473 2788 596 2861 magistri
621 2788 735 2859 cupiunt
748 2787 890 2859 appellari.
911 2786 1014 2859 Duplici
1038 2799 1104 2843 sane
1154 2784 1195 2843 tte
1211 2787 1283 2842 enlm
1296 2787 1469 2858 presidentis
1486 2788 1594 2845 animus
1612 2789 1646 2845 ad
1666 2789 1813 2846 elationem
1831 2800 1951 2862 potata·

306 2881 414 2937 ratione
427 2894 445 2934 a*
466 2894 543 2936 ranae
565 2879 657 2953 glorie
675 2879 781 2952 cupidls
807 2879 948 2936 attendere
966 2878 1103 2951 jubemur,
1154 2877 1191 2933 tis
1203 2892 1258 2933 sue
1276 2865 1455 2935 delectatione
1472 2878 1614 2949 raptatm,
1635 2888 1709 2936 recte
1731 2896 1780 2952 per
1803 2884 1950 2953 quemdam

305 2973 455 3031 nescitiect
469 2989 563 3032 eorum
578 2973 622 3030 uel
646 2974 817 3031 simulatione
841 2974 1020 3040 seducamur,
1033 2974 1105 3029 esti·
1154 2969 1304 3039 sapientem
1322 2967 1440 3023 dieitur:
1463 2966 1560 3023 Μεθ’»
1578 2978 1603 3023 te
1620 2972 1824 3037 eomtdssrsnt,
1837 2974 1891 3028 mii
1902 2991 1949 3029 ea·

306 3072 413 3122 mmeg
431 3067 502 3122 hona
515 3080 576 3122 egge
593 3080 654 3137 qua
673 3064 795 3131 faciunt,
821 3066 864 3122 vel
877 3065 1048 3122 aemulaliong
1061 3068 1104 3122 in.
1148 3060 1221 3126 idm,
1232 3059 1276 3114 bed
1284 3059 1375 3113 uidit!
1385 3058 1449 3125 ΙἩῙΙ,
1462 3061 1538 3130 qaosi
1548 3076 1615 3115 iiim
1628 3077 1660 3116 ΒΞ
1673 3060 1727 3120 mit
1739 3063 1838 3135 (litati.
1851 3069 1948 3138 mli).

306 3154 477 3212 llarnntemnr
490 3155 593 3212 trustra
608 3155 757 3229 gaudentes
777 3155 805 3210 in
820 3154 899 3211 bonis
912 3154 1028 3220 laudari,
1044 3168 1104 3225 quse
1155 3148 1222 3205 lltnc
1243 3149 1325 3205 etiam
1350 3148 1446 3204 Petrus
1467 3150 1507 3204 ait
1524 3167 1531 3203 :
1559 3148 1621 3205 Non
1638 3149 1805 3207 dominantes
1821 3154 1852 3208 in
1869 3155 1948 3220 clere,

305 3245 446 3302 simulant.
466 3246 588 3318 benique
599 3247 745 3316 sequitur:
1153 3243 1198 3296 red
1217 3240 1301 3311 formu
1321 3240 1386 3311 sineri
1400 3242 1471 3312 gregi
1486 3240 1513 3309 (l
1527 3239 1599 3296 cerr.
1619 3241 1658 3315 r).
1677 3242 1710 3297 Et
1721 3254 1814 3299 tamen
1825 3262 1950 3302 neutrum-

347 3383 399 3444 Vos
418 3396 506 3442 netem
525 3384 607 3444 notite
628 3386 739 3453 uocari,
763 3383 871 3442 most:
893 3394 1013 3441 enasset
1033 3384 1102 3443 erun
1153 3347 1234 3403 umam
1251 3333 1359 3404 “mim
1377 3332 1447 3388 belin
1448 3332 1557 3403 quitur,
1586 3334 1701 3390 mmm
1719 3351 1863 3406 ΜΝ
1890 3340 1949 3409 mus

304 3478 430 3550 monster
439 3487 537 3551 uester.
545 3475 643 3536 Omnes
650 3487 737 3534 catera
748 3494 792 3534 oct
800 3478 896 3549 [ratres
905 3478 976 3533 estis.
984 3474 1089 3551 (Cbrpr.

303 3568 400 3634 ¹d0⁵⁸=
414 3582 449 3624 ¹¹0
466 3568 541 3640 ΨΜ
553 3568 610 3625 ⁰0⁰
624 3567 739 3626 demus
751 3569 830 3626 Ἴσως
851 3569 1032 3640 mummi&
1057 3582 1103 3625 ’Ψ
1154 3608 1258 3674 noluit,
1286 3607 1356 3677 apud
1378 3606 1531 3662 districtum
1555 3606 1675 3678 judicem
1692 3608 1869 3679 semetipsum
1887 3626 1947 3666 ιιι

304 3674 358 3762 ΨΘ
372 3659 439 3717 ³¹i⁰⁸
451 3658 554 3764 ’ΜΨ
567 3657 666 3726 fflbbi’
686 3673 721 3716 ¹¹⁸
738 3659 860 3762 dimum
875 3661 1005 3762 {mmmm
1017 3660 1103 3761 hf³⁰¹i‘
1154 3698 1217 3756 tlliis
1235 3697 1335 3754 crudeli
1355 3697 1529 3753 damnatione
1542 3697 1677 3768 percussit
1695 3696 1795 3771 (llteg.
1810 3701 1853 3772 ιι).
1872 3701 1949 3757 iliade

305 3750 385 3807 mbus
399 3747 552 3808 deieratis:
573 3764 644 3807 anus
660 3757 703 3807 est
721 3763 795 3805 emm
815 3757 946 3822 rrragrstcr
970 3764 1102 3816 omniurn,

305 3841 353 3912 qui
377 3831 474 3896 omnes
496 3837 661 3897 naturaliter
682 3838 773 3905 docet,
798 3837 868 3893 sicut
889 3837 1021 3909 scripturn
1040 3845 1102 3893 est:
1154 3805 1265 3849 ΝΜ
1274 3798 1316 3848 ⁰³²
1331 3798 1362 3846 m
1379 3799 1512 3846 mmmm
1529 3799 1558 3847 et
1571 3797 1685 3847 mmm
1698 3799 1787 3862 mem
1799 3802 1828 3848 οι
1844 3802 1947 3864 pamm

305 3931 372 3986 Erat
384 3931 431 3986 lus
445 3947 516 3998 cero,
527 3946 586 4001 que
596 3929 729 3985 illuminat
744 3944 848 3984 omuenr
860 3928 989 3984 bantinum
1004 3929 1105 3984 srenien·
1153 3882 1280 3938 fflnbem
1293 3880 1458 3988 ,dw'mf
1490 3887 1571 4005 ΨΘ
1594 3880 1667 3936 Μ’
1684 3882 1743 3989 ha?
1753 3883 1883 4000 ἥψω,
1897 3902 1949 3991 4:¹³⁸

1154 3982 1353 4047 cunrspecttone
1371 3975 1578 4046 prortdenmm,
1597 3989 1632 4030 ne
1650 3986 1697 4030 aut
1708 3977 1842 4032 districtio
1860 3982 1948 4050 rigida

305 4019 767 4094 temiatunrmnndsmidoau.t).
786 4019 1105 4077 liontoenimnonintcl·
1139 4064 1142 4071 .
1231 4069 1237 4082 ,
1334 4070 1340 4081 .
1433 4069 1439 4080 .

305 4114 521 4172 lectumuomint
535 4122 646 4187 prestat
660 4113 791 4191 docendo,
808 4112 884 4169 seda
908 4108 964 4169 nco
978 4112 1102 4183 spiritum
1154 4078 1299 4226 ‘mammas
1319 4077 1354 4124 ⁸¹⁸
1372 4083 1504 4172 mmm.
1669 4163 1694 4176 „
1732 4163 1739 4174 ,
1901 4167 1906 4175 ,

1215 4160 1242 4212 ul
1258 4168 1344 4213 ostem
1361 4159 1515 4214 excitarent
1533 4177 1577 4227 sr,
1601 4161 1800 4226 humiliabitur,
1823 4173 1847 4216 et
1860 4180 1906 4232 qru
1923 4181 1949 4218 ss

305 4221 354 4277 Μ
365 4205 578 4263 “mmmmm
592 4210 711 4260 mm
832 4257 836 4264 ·
1154 4248 1328 4303 humiliaverit
1346 4248 1514 4305 exaltabitur.
1536 4251 1545 4322 (
1553 4249 1675 4323 tenant.)
1689 4251 1782 4322 lteque
1796 4253 1872 4308 enlm
1888 4270 1948 4308 artua

340 4337 376 4394 m
389 4349 490 4410 patretur
506 4337 586 4393 news
600 4352 693 4392 uocare
713 4336 785 4391 uobis
803 4345 1014 4407 asperserant:
1035 4354 1102 4393 auus
1153 4339 1241 4396 omnis
1260 4339 1306 4409 qui
1331 4354 1469 4396 securam
1494 4341 1648 4398 bominibus
1673 4343 1774 4398 exaltat
1793 4344 1948 4402 humiliabi-

304 4438 343 4490 ιιι
356 4425 541 4492 Perennem,
557 4425 602 4499 qui
619 4426 647 4481 in
661 4425 732 4480 cetis
747 4435 796 4481 est.
820 4425 1010 4483 Neruocenrini
1020 4431 1103 4502 magi·
1154 4438 1215 4496 tur,
1242 4439 1289 4485 aut
1314 4432 1359 4500 qui
1380 4444 1410 4486 se
1429 4430 1456 4486 in
1480 4442 1626 4503 conspectu
1650 4432 1792 4488 bominum
1812 4436 1946 4501 bumiliat,

303 4519 371 4587 stri,
384 4519 448 4591 quin
459 4519 584 4589 magister
596 4525 678 4571 auter
691 4532 760 4571 snas
769 4525 807 4571 est
820 4513 951 4573 (limnas.
966 4517 1102 4590 (Hieron.)
1153 4523 1316 4579 exaltabitur
1338 4524 1373 4579 ab
1391 4524 1451 4590 eis;
1482 4524 1529 4580 sed
1553 4526 1728 4581 econtrario
1751 4541 1947 4598 nunnurtquam

306 4609 364 4667 liec
381 4608 522 4682 magister,
547 4621 598 4664 nec
615 4614 694 4679 pater
717 4608 855 4664 vocandus
876 4621 918 4665 est
944 4610 1022 4677 alius,
1049 4612 1102 4668 nisi
1153 4613 1199 4684 qui
1218 4627 1249 4669 se
1269 4612 1313 4669 uel
1337 4613 1364 4668 in
1384 4614 1461 4685 apice
1479 4617 1619 4688 dignitatis
1641 4616 1683 4673 rel
1697 4618 1725 4672 in
1747 4619 1803 4674 alia
1826 4622 1947 4689 qualibet

305 4703 379 4760 beas
386 4701 467 4759 Pater
477 4709 506 4757 et
515 4700 646 4757 Dominus
662 4707 755 4757 noster
772 4697 851 4757 lesus
863 4696 996 4757 Cbristas.
1021 4701 1102 4758 Pater
1154 4703 1317 4774 acquirenda
1331 4703 1416 4775 gloria
1435 4705 1569 4772 subierat,
1589 4721 1674 4778 usque
1691 4707 1720 4762 iu
1736 4707 1821 4764 tincta
1831 4712 1946 4767 exaltari

305 4797 369 4868 qula
381 4811 417 4852 ex
431 4795 490 4867 ipso
507 4800 570 4849 sunt
590 4791 704 4857 omnia;
720 4790 851 4862 magister
862 4790 925 4861 quia
950 4805 998 4862 per
1012 4791 1100 4863 ipsum
1113 4827 1141 4888 D
1153 4808 1206 4849 non
1225 4802 1323 4850 cessat.
1353 4796 1484 4852 Similiter
1503 4810 1534 4854 ac
1553 4799 1664 4855 humilis
1681 4800 1796 4871 quilibet
1816 4819 1849 4859 ac
1870 4820 1947 4860 scre

305 4887 491 4945 sunt-ornain:
515 4884 700 4955 rel-quoniam
720 4897 770 4954 per
791 4884 1019 4955 dispensationem
1037 4900 1099 4940 car-
1152 4883 1256 4939 cundns
1269 4884 1296 4939 in
1310 4898 1364 4955 qua
1379 4892 1570 4943 contentusest
1581 4903 1667 4959 usquc
1678 4889 1711 4942 ad
1725 4891 1790 4946 vitae
1800 4895 1946 4949 terminum

304 4979 485 5036 nisbomlnes
500 4976 668 5034 reconciliati
682 4975 855 5033 sumuslleo.
871 4975 1101 5048 Quaeritmquare
1152 4973 1339 5031 mediocritate
1362 4987 1543 5044 perseverat:
1570 4985 1599 5032 et
1627 4977 1687 5033 ideo
1712 4978 1790 5048 juata
1817 4980 1947 5038 Veritatis

306 5069 448 5124 adversar·
463 5070 515 5123 boe
528 5073 694 5138 pracceptum
709 5068 847 5123 doctorem
861 5066 980 5138 gentium
992 5076 1100 5138 aposto-
1152 5065 1312 5122 sententiam
1330 5067 1419 5122 ornrds
1433 5068 1478 5136 qni
1496 5082 1526 5122 se
1539 5068 1646 5124 incaute
1665 5070 1819 5129 demeritis
1836 5075 1945 5142 allevat,

1154 3420 1295 3492 equalitas
1312 3436 1393 3493 quam
1420 3420 1562 3494 disciplina
1589 3425 1753 3481 custoditur.
1782 3427 1853 3495 Quia
1876 3431 1949 3485 etnim

1093 3481 1103 3547 )
1116 3481 1139 3544 C
1154 3514 1222 3570 talsa
1239 3514 1340 3584 pietate
1351 3521 1496 3584 superatus
1507 3511 1590 3569 tertre
1604 3513 1663 3570 lleti
1674 3515 1866 3587 delinquentes
1879 3518 1949 3573 tilios

305 5162 349 5217 lus
371 5175 433 5217 esse
454 5165 483 5215 se
496 5158 617 5225 dixerit3
633 5166 681 5213 aut
703 5158 839 5228 quomodo
855 5157 963 5230 uulgato
976 5173 1100 5217 sermone
1150 5157 1336 5213 lrnnriliabitur
1351 5173 1367 5212 a
1382 5157 1509 5224 Domino,
1529 5160 1621 5229 etqui
1639 5161 1750 5230 pronde
1769 5176 1801 5218 se
1815 5164 1851 5221 de
1865 5167 1945 5223 bene-

305 5253 425 5309 maxime
438 5251 621 5307 inPalestinse
634 5258 662 5307 et
673 5249 781 5322 AEgypti
800 5251 972 5307 monasteriis
988 5266 1018 5309 se
1031 5254 1100 5309 inri-
1150 5247 1229 5304 lactis
1249 5248 1383 5315 humiliat,
1398 5249 1562 5305 exaltabitur
1577 5251 1611 5306 ab
1627 5265 1669 5308 eo.

305 5358 365 5400 cern
378 5342 473 5400 latrcs
493 5351 600 5399 vocent.
628 5341 705 5410 Quod
725 5344 766 5399 sic
787 5344 924 5400 solvitur:
946 5345 1026 5401 Aliud
1037 5361 1099 5405 esse
1173 5337 1242 5414 ·[ll.]
1264 5337 1397 5405 leontis,
1416 5340 1509 5396 ⁸⁶5⁶oe
1524 5337 1693 5397 ⁶19!thst
1712 5343 1869 5416 dimite,
1885 5350 1944 5420 pii·

306 5444 403 5492 natura
429 5442 535 5506 patrem
560 5433 601 5489 uel
625 5433 796 5506 ntagistrum,
822 5436 895 5493 alind
919 5437 1095 5513 indulgentis.
1149 5431 1272 5486 cimitit
1291 5446 1398 5503 restim
1421 5430 1544 5486 θώων)
1571 5441 1632 5486 ‘⁸¹‘
1652 5433 1789 5489 Malim?
1809 5452 1856 5490 ⁰⁰⁸
1875 5439 1942 5491 euim

305 5526 394 5582 llossi
408 5526 545 5583 bominem
559 5522 663 5595 patrem
675 5539 814 5594 vocamus,
826 5528 955 5584 bonorem
969 5531 1041 5586 :etati
1052 5532 1097 5588 dn
1149 5540 1202 5579 non
1216 5524 1320 5580 intratis
1336 5538 1382 5578 nec
1400 5523 1559 5578 introeuntes
1576 5523 1661 5579 sinitis
1668 5524 1790 5580 introire.
1805 5525 1942 5598 (Hieron)

306 5616 482 5675 terimusnon
495 5626 632 5673 auctorem
643 5625 743 5674 nostre
753 5621 920 5677 ostendimus
933 5623 1014 5690 τίω
1033 5625 1097 5693 quia
1149 5613 1255 5671 llabent
1281 5615 1377 5672 sctibae
1400 5624 1428 5671 et
1453 5614 1581 5672 Pharisaei
1600 5616 1668 5689 tegit
1694 5618 1943 5692 prophetarumque

306 5721 356 5762 nec
367 5706 474 5762 initium
488 5707 550 5762 ritae
560 5721 593 5762 ex
607 5707 647 5762 eis
661 5706 801 5772 babemus,
817 5709 865 5764 sed
879 5708 1098 5770 transtrum‘vnae
1149 5707 1286 5771 notitiam.
1305 5705 1396 5761 sciunt
1413 5704 1549 5762 Chiiiium
1562 5720 1623 5763 2⁵⁸0
1642 5705 1739 5763 Filium
1753 5709 1814 5764 liei.
1828 5710 1943 5782 (Hitnr.)

304 5811 411 5865 percos
424 5798 582 5868 accipimus.
606 5796 733 5868 llagister
748 5815 856 5868 quoque
877 5800 976 5858 dicitur
987 5819 1019 5859 er
1033 5820 1097 5861 con·
1149 5798 1209 5875 lton
1232 5802 1356 5871 ignorant
1374 5808 1467 5857 natum
1489 5817 1549 5858 csse
1564 5803 1599 5857 de
1613 5803 1736 5874 virgine:
1756 5805 1805 5860 sed
1816 5804 1884 5860 duur
1899 5804 1944 5860 ad·

305 5887 390 5941 sunio
399 5888 457 5942 rcrl
469 5887 602 5958 magistri,
617 5894 685 5941 etue
694 5888 797 5942 iulmita
813 5889 949 5959 replicem,
961 5896 1097 5962 quomodo
1147 5900 1258 5945 rentum
1275 5890 1333 5960 eius
1348 5905 1506 5961 coipotettm
1524 5892 1690 5963 aptaphetis
1704 5894 1885 5965 praedicatum
1897 5894 1943 5950 ‹itt-

305 5992 374 6031 unus
387 5993 436 6048 per
455 5986 581 6033 naturam
595 5979 666 6033 licus
678 5988 704 6033 et
717 5995 787 6034 unus
800 5978 885 6035 Filius
900 5995 953 6036 non
969 5971 1095 6054 praejudi-
1146 5983 1241 6039 ctrina
1258 5982 1430 6039 simulatione
1443 5983 1623 6049 abscondunt,
1637 5992 1666 6042 et
1681 5986 1803 6056 praedatu
1822 5986 1859 6041 de
1877 5985 1941 6041 sub-

307 6070 475 6132 eut-emeris,
500 6084 534 6125 ne
546 6084 596 6138 per
605 6069 776 6139 adaptionem
792 6071 829 6127 dii
847 6083 979 6130 nobentttr
996 6084 1022 6132 et
1037 6077 1095 6142 tilii,
1144 6076 1217 6147 jecta
1235 6077 1286 6132 sibi
1297 6076 1374 6147 plebe
1387 6084 1527 6146 appetunt,
1543 6091 1593 6132 nec
1605 6077 1657 6148 ipsi
1669 6079 1848 6134 introemrtia
1861 6093 1941 6148 regua
