4509 6850
329 676 382 731 w}
813 680 990 738 cettheus.
1010 683 1043 739 ΙΝ
1063 681 1282 741 lthttttAEbtt.
1303 717 1337 727 —
1357 688 1421 746 utu.
1442 690 1475 746 ll.
1915 706 1969 765 tat

327 795 370 850 rot
383 811 434 867 per
448 795 584 865 apostolos
596 811 668 860 snos,
682 797 796 853 virtues
810 799 909 856 notras
933 800 1008 867 tecit,
1022 811 1050 858 et
1076 818 1123 855 ιι-
1138 803 1160 860 Α
1177 798 1303 861 rerurtstr,
1318 808 1382 853 tunc
1396 801 1469 855 utum
1485 804 1610 860 lrabuisso
1632 821 1783 863 scr-ornnem
1797 826 1877 880 orrens
1901 815 1969 871 tlar-

327 888 385 943 ηις
408 887 583 959 mgr-inuolues
605 889 662 943 sive
674 905 819 958 corporum
838 892 895 947 sire
910 894 993 947 etiarn
1014 895 1118 949 anirnn-
1173 891 1258 944 tlueus
1274 890 1445 962 interposuit,
1457 905 1484 949 et
1494 895 1582 952 Lucas
1596 899 1689 965 creuit,
1704 900 1754 956 boe
1768 911 1809 957 est
1822 904 1849 959 ln
1865 919 1968 979 ruente,

328 992 399 1038 rnnr,
414 977 529 1041 curauit,
545 975 617 1032 lama
639 979 697 1048 ejus
710 995 758 1049 per
772 988 856 1035 totum
877 983 971 1038 orbern
986 993 1119 1039 terrarum
1171 1001 1203 1041 ae
1216 986 1377 1041 deiulecuru
1387 988 1661 1048 descenderetintoco
1671 998 1830 1065 campestri,
1841 998 1968 1059 babuisse

325 1067 449 1136 dispersa
459 1074 511 1132 cst,
524 1083 585 1136 quar
600 1068 663 1123 dum
676 1069 737 1125 coeli
747 1080 876 1126 enarrant
890 1073 1002 1144 gloriam
1020 1077 1078 1138 Del,
1091 1086 1120 1132 et
1171 1076 1288 1132 alterum
1300 1078 1433 1144 similem,
1454 1081 1487 1134 de
1506 1097 1560 1151 quo
1573 1080 1716 1140 blattbaeus
1733 1094 1818 1151 tacet,
1836 1099 1865 1143 et
1880 1088 1968 1147 Lucas

324 1176 409 1229 opera
438 1175 566 1214 mannum
596 1159 656 1228 ejus
681 1165 823 1218 annuntiat
850 1164 1067 1231 firmamentum,
1092 1168 1118 1222 in
1170 1181 1223 1220 uon
1248 1173 1332 1233 tacet,
1351 1177 1379 1221 et
1407 1177 1551 1240 utrumqne
1578 1187 1730 1229 sermonem
1761 1178 1856 1233 eodem
1888 1182 1968 1235 modo

325 1265 435 1303 munem
452 1257 552 1304 terram
564 1251 647 1304 exirit
671 1267 753 1306 sonus
767 1268 861 1307 eorum
876 1264 903 1309 et
917 1255 943 1308 in
959 1255 1029 1310 dues
1045 1257 1119 1312 orbis
1168 1272 1230 1314 esse
1244 1259 1413 1314 conclusum.
1424 1259 1583 1332 Quanquam
1599 1266 1681 1320 etiam
1697 1267 1762 1323 illud
1774 1272 1859 1339 possit
1869 1289 1966 1329 occur·

325 1341 622 1396 terraererbaeorum.
654 1340 729 1397 Tunc
748 1344 847 1413 quippe
876 1346 962 1400 curati
985 1347 1117 1415 sunt,qni
1169 1363 1229 1404 rcre
1248 1349 1275 1403 in
1293 1349 1384 1421 aliqua
1397 1352 1546 1410 excelsiore
1563 1365 1640 1425 parte
1665 1360 1765 1415 rnontis
1789 1362 1879 1432 primo
1902 1379 1965 1419 cum

324 1431 458 1487 demonia
474 1430 617 1496 habebant,
632 1447 694 1487 eurn
723 1435 883 1505 gentilesad
902 1436 981 1492 tidem
994 1439 1116 1494 conversi
1168 1438 1233 1494 solis
1254 1440 1392 1511 discipulis
1409 1443 1552 1500 Dominum
1570 1446 1835 1519 luisse,quandoex
1852 1455 1966 1512 eislllos

324 1520 395 1575 idola
411 1520 609 1590 relinquebant,
628 1529 691 1576 tuuc
703 1533 730 1578 et
745 1524 855 1581 lunatici
869 1535 898 1582 et
914 1530 1055 1601 paralytici
1071 1546 1116 1585 sa·
1167 1529 1307 1586 duodecim
1330 1532 1420 1604 elegit,
1436 1536 1532 1590 deinde
1548 1554 1609 1593 curn
1625 1539 1665 1595 eis
1678 1541 1920 1611 descendisse,uou
1932 1548 1966 1603 de

324 1614 380 1668 nati
395 1622 468 1678 sunt,
482 1630 546 1669 eum
555 1617 660 1684 eosqui
678 1617 754 1685 prius
768 1633 816 1687 per
827 1620 917 1676 varios
931 1622 1070 1678 instabiles
1089 1632 1114 1679 et
1166 1635 1268 1691 monte,
1282 1630 1330 1684 sed
1342 1630 1375 1685 de
1386 1631 1443 1701 ipsa
1459 1633 1559 1688 ruentis
1577 1634 1738 1692 celsitudine
1750 1638 1964 1710 incampcstrem

323 1705 469 1761 mutabiles
482 1703 590 1760 lucrant
601 1720 710 1763 errores
728 1718 863 1771 urrtaotes.
878 1719 906 1766 et
920 1726 935 1763 a
949 1711 1020 1769 bono
1034 1728 1116 1783 opere
1165 1712 1265 1783 locum,
1281 1718 1371 1784 idest,
1387 1720 1414 1774 in
1428 1721 1545 1792 aliquam
1557 1724 1820 1796 aequalitatemque
1834 1728 1861 1783 in
1879 1729 1965 1785 latere

322 1796 477 1867 torpebant,
493 1796 554 1852 illos
567 1813 616 1853 sna
627 1798 712 1869 gratia
725 1799 783 1868 ipse
796 1800 976 1866 confortabat,
991 1811 1019 1857 et
1033 1804 1059 1857 iu
1071 1805 1115 1859 ria
1164 1808 1267 1862 montis
1283 1817 1354 1875 erat,
1367 1819 1395 1865 et
1403 1812 1501 1868 multas
1509 1814 1602 1870 turbas
1609 1826 1918 1889 raperepoterat,atque
1927 1821 1962 1875 ibi

317 1882 434 1953 iustitiae
444 1887 503 1944 siue
514 1889 723 1959 reprehensione
735 1890 859 1947 incedere
868 1890 970 1949 lecerat
985 1911 991 1947 :
1005 1895 1115 1951 undeet
1164 1896 1284 1963 stetisse,
1292 1899 1376 1955 doner
1385 1901 1419 1955 ad
1427 1916 1487 1956 enm
1498 1905 1962 1982 turbaecongregarentur‚aepostca

321 1976 465 2033 subditur:
1164 1999 1226 2041 eura
1238 1989 1354 2046 sedisset
1373 1993 1521 2049 accessisse
1535 1996 1713 2067 propinquius
1731 2000 1876 2070 discipulos
1892 2002 1961 2072 ejus,

359 2066 393 2119 ιι
403 2078 499 2122 secate
520 2078 582 2124 aaut
597 2086 656 2125 earn
679 2071 763 2126 turbo
783 2071 873 2127 mutto
887 2073 920 2128 de
940 2071 1062 2141 Galilaea,
1088 2087 1112 2130 et
1166 2086 1248 2147 atque
1263 2080 1300 2135 ita
1313 2080 1366 2137 illis
1376 2084 1536 2153 eaeterisque
1549 2086 1728 2155 praesentibus
1740 2106 1822 2145 noum
1836 2092 1962 2149 habuisse

321 2157 461 2229 mcopoli,
471 2169 495 2214 et
510 2159 716 2232 Hierosolymis,
737 2171 762 2218 et
773 2164 807 2217 de
818 2162 926 2226 tuden.
947 2173 971 2218 et
986 2165 1019 2219 de
1040 2176 1114 2220 trono
1130 2149 1154 2210 Β
1168 2181 1333 2236 sennonem,
1356 2187 1436 2241 quern
1453 2173 1595 2232 Matthaeus
1608 2176 1749 2251 Lucasque
1762 2193 1907 2239 narrarunt
1921 2186 1962 2240 di-

319 2246 478 2305 tortorem.
499 2248 591 2322 (dag.)
614 2251 845 2321 eradripartitam
860 2252 966 2307 turbam
982 2269 1043 2324 que
1058 2254 1113 2309 tto-
1164 2275 1246 2315 verso
1260 2264 1388 2319 narrandi
1404 2267 1494 2333 modo,
1515 2270 1562 2323 sed
1575 2270 1670 2326 eadem
1687 2273 1803 2330 scritate
1819 2291 1908 2331 rerum
1933 2286 1961 2333 et

318 2337 425 2393 atinum
448 2342 612 2409 sequebatur
633 2342 661 2397 io
686 2342 831 2415 Evangelio
857 2345 1031 2401 noverimus:
1060 2362 1113 2402 nna
1164 2354 1370 2409 sententiarum.
1387 2356 1498 2428 llystiee
1523 2369 1613 2415 autem
1644 2377 1721 2418 mons
1744 2363 1814 2419 boue
1834 2366 1961 2438 intelllgi-

319 2446 387 2504 μη
400 2447 494 2488 eorum
518 2434 565 2502 qni
589 2434 642 2490 llrle
655 2443 684 2490 et
707 2436 853 2493 dilectione
873 2437 977 2494 coelesti
991 2438 1113 2495 adbaere-
1164 2445 1373 2515 tursignilicare
1397 2448 1500 2519 maiora
1514 2462 1646 2522 praecepta
1656 2452 1779 2522 justitiae,
1795 2457 1858 2527 qnia
1874 2459 1960 2514 ruino-

317 2526 385 2581 bant
395 2524 562 2597 magisterio,
576 2526 646 2582 sicut
669 2528 793 2598 apostoli,
806 2537 834 2584 et
844 2530 935 2585 caeteri
948 2530 1051 2595 fideles,
1065 2532 1110 2601 qui
1164 2548 1193 2588 ra
1217 2546 1307 2602 eraut,
1333 2554 1393 2607 qaue
1406 2537 1505 2596 Judaeis
1525 2543 1586 2596 data
1609 2553 1681 2607 suut,
1698 2561 1769 2601 uuus
1783 2555 1873 2604 tamen
1887 2550 1959 2606 bens

317 2615 444 2686 discipuli
458 2616 741 2688 vocabantur,quibus
754 2619 799 2674 ille
814 2620 1111 2693 iuteriusexteriusque
1164 2638 1215 2693 per
1228 2634 1338 2683 sauctus
1351 2629 1497 2697 prophetas
1507 2640 1534 2685 et
1548 2630 1664 2689 famulos
1679 2650 1743 2690 suos
1757 2638 1904 2694 secundum
1915 2658 1959 2694 or-

316 2707 453 2765 subrenit.
468 2706 594 2763 Secunda
608 2716 669 2762 erat
692 2708 870 2765 invalidorum
892 2717 919 2765 et
940 2710 1110 2768 intirmorum
1161 2709 1359 2768 diuatissimam
1373 2713 1590 2774 distributionem
1611 2728 1762 2793 temporum
1777 2723 1851 2779 dedit
1872 2728 1958 2782 mino·

316 2796 364 2866 qui
388 2798 425 2853 ob
451 2797 606 2852 curationes
635 2795 777 2852 Dominum
802 2799 993 2869 sequebantur.
1019 2798 1109 2855 Tertia
1162 2818 1192 2857 ra
1218 2817 1352 2875 praecepta
1378 2807 1476 2878 populo
1507 2825 1586 2880 quem
1614 2811 1710 2868 timore
1743 2815 1831 2871 adbuc
1852 2816 1956 2886 alligari

315 2906 383 2945 rcro
396 2905 460 2960 pars
473 2899 534 2946 crat
544 2905 614 2960 quos
634 2890 692 2945 sola
711 2889 782 2945 laura
803 2899 831 2946 et
855 2892 947 2961 opinio
961 2892 994 2946 ad
1018 2890 1108 2947 llorni·
1159 2896 1313 2963 oportebat‚
1330 2905 1357 2952 et
1371 2914 1420 2969 per
1441 2899 1540 2970 Fil'urn
1552 2918 1634 2957 suurn
1647 2902 1748 2973 majora
1764 2906 1862 2977 populo
1875 2924 1956 2979 quem

315 2998 382 3038 unm
407 2981 500 3038 uenire
526 2981 714 3051 compellebat,
742 2982 859 3052 experiri
881 2983 1021 3054 cupientes
1044 2982 1108 3053 quid
1159 2985 1293 3042 charitate
1306 2987 1362 3057 jam
1375 2989 1485 3045 liberari
1509 3002 1684 3047 conuenerat.
1707 2993 1883 3051 Cumanum
1902 2998 1956 3051 mi-

313 3091 385 3147 opns
404 3074 510 3131 ltorniui
523 3083 596 3131 essct
621 3074 786 3130 arridentes
807 3082 835 3129 et
852 3073 994 3129 audientes
1007 3074 1109 3129 seirent
1159 3091 1226 3131 nora
1246 3079 1407 3146 minoribus,
1428 3079 1531 3149 ruajora
1559 3084 1708 3155 majoribus
1733 3086 1843 3153 dantur,
1865 3087 1899 3142 ab
1923 3104 1956 3143 eo

313 3174 407 3221 utrum
421 3166 533 3221 credere
550 3166 715 3221 delmissent.
739 3165 840 3232 Quarta
863 3164 969 3219 illorum
987 3173 1046 3219 erat
1060 3164 1105 3234 qui
1158 3168 1259 3224 dautur
1271 3171 1317 3242 qui
1333 3171 1407 3227 solus
1423 3173 1497 3228 norit
1509 3183 1701 3245 congruentem
1720 3176 1777 3232 suis
1790 3178 1956 3249 temporibus

313 3257 417 3313 invidia
430 3257 503 3313 ducti
521 3273 590 3327 opus
612 3256 717 3313 [lomim
732 3257 910 3312 debonestare
926 3255 1062 3321 volebant,
1079 3265 1106 3312 et
1156 3260 1249 3329 generi
1261 3261 1379 3316 humano
1401 3264 1530 3320 exhibere
1545 3265 1716 3322 medicinam.
1732 3266 1787 3324 Nee
1800 3268 1898 3323 mirum
1913 3277 1955 3324 cst

312 3355 345 3402 ιιι
362 3362 424 3402 enm
439 3347 466 3402 ln
478 3360 604 3402 sermone
626 3346 897 3417 comprehenderent,
924 3356 952 3402 et
979 3347 1015 3401 ita
1034 3348 1105 3418 apud
1156 3348 1228 3418 quod
1242 3348 1342 3405 dautur
1354 3348 1457 3419 majora
1471 3360 1605 3423 praecepta
1621 3364 1732 3428 propter
1746 3372 1858 3428 regnum
1872 3358 1954 3414 curlo

310 3438 451 3509 principes
464 3447 632 3503 accusarent,
656 3447 684 3493 ut
696 3453 759 3494 eunt
772 3439 852 3493 morti
868 3438 1016 3503 traderent,
1034 3439 1105 3493 sicut
1158 3454 1228 3505 rum,
1242 3449 1270 3496 et
1282 3442 1388 3498 minora
1401 3441 1463 3497 data
1478 3452 1541 3498 sunt
1554 3456 1666 3516 propter
1683 3461 1795 3518 regnum
1814 3455 1952 3506 terremun

310 3542 342 3589 et
352 3533 474 3590 looenrnt
485 3532 594 3605 quaudo
609 3533 652 3590 ille
665 3533 798 3604 permisit,
814 3548 866 3588 non
878 3532 988 3602 quando
1002 3530 1041 3586 illi
1054 3548 1102 3588 uo-
1117 3506 1140 3570 C
1155 3531 1191 3587 ab
1216 3533 1312 3588 eodem
1339 3549 1394 3590 uuo
1426 3534 1500 3601 Deo,
1536 3535 1582 3606 qui
1613 3534 1677 3592 lecit
1707 3537 1806 3594 coelum
1838 3547 1865 3595 et
1899 3548 1954 3595 ter·

310 3625 431 3682 luerunt
447 3626 644 3698 becapolisest,
658 3636 688 3682 ut
703 3627 760 3697 ipso
774 3627 883 3683 nomine
895 3627 1035 3697 probatur,
1059 3642 1102 3684 re·
1155 3638 1224 3678 ram.

307 3718 358 3790 gio
369 3719 463 3776 decern
478 3720 584 3775 urbium
597 3727 672 3775 trans
682 3719 827 3774 tardarem
848 3719 882 3775 ad
893 3718 1033 3775 Orientem
1047 3719 1102 3774 eir·
1190 3713 1228 3770 tte
1240 3715 1292 3771 lrae
1305 3731 1371 3788 ergo
1380 3714 1485 3786 justitia
1498 3733 1559 3788 quae
1572 3715 1659 3788 maior
1677 3727 1719 3774 cst
1729 3736 1779 3792 per
1791 3722 1953 3792 prophetam

307 3826 344 3864 ea
360 3809 486 3882 llippnrn,
498 3817 527 3866 et
536 3809 648 3876 Pellam,
660 3816 687 3865 et
696 3809 832 3865 Gadaram
843 3817 938 3865 matra
952 3810 1100 3868 Galilaeam.
1153 3805 1254 3862 dicitur
1267 3821 1275 3860 ι
1289 3805 1399 3862 Jrratitio
1414 3818 1459 3862 tuo
1476 3811 1544 3864 sicot
1560 3822 1660 3868 nwnter
1681 3812 1730 3868 Dei
1754 3811 1840 3886 (Ptol.
1853 3814 1950 3884 xxxv).

309 3901 1101 3970 lleneautemdiciturquorlaectrtoesantonortarboenaaltoe,
1152 3895 1187 3952 Et
1206 3897 1257 3952 lure
1275 3898 1344 3954 bene
1359 3898 1504 3971 signifieat,
1527 3902 1600 3972 quod
1620 3903 1655 3960 ab
1681 3918 1735 3959 uno
1749 3905 1881 3976 magistro
1894 3907 1953 3962 solo

308 3993 376 4061 quia
392 4000 535 4063 postquam
549 3992 668 4063 cognitio
679 3991 797 4046 nominis
809 3992 869 4062 ejus
881 4007 967 4061 usque
981 3991 1014 4046 ad
1031 3991 1098 4046 sanes
1153 3988 1283 4046 docendis
1297 3992 1382 4047 tantis
1399 3993 1480 4049 rcbns
1498 3993 1596 4050 idoneo
1610 3995 1724 4050 docetur
1736 3996 1763 4050 in
1787 4006 1888 4052 monte.
1903 3997 1953 4052 Se-

307 4093 390 4139 terrae
401 4084 532 4154 peruenit,
549 4083 668 4139 exomni
684 4083 802 4148 natione,
819 4098 879 4152 qun
900 4084 951 4139 sub
964 4082 1033 4139 eoelo
1043 4091 1096 4147 est,
1153 4079 1219 4135 dens
1237 4090 1328 4135 autern
1343 4080 1433 4146 docet,
1446 4082 1517 4151 qnod
1531 4083 1650 4152 pertinet
1665 4084 1700 4138 ad
1718 4084 1875 4156 dignitatern
1894 4102 1952 4141 rna-

306 4175 428 4247 undiquc
440 4174 474 4230 ad
483 4173 563 4231 fldem
578 4175 636 4245 ejus
647 4181 842 4238 convenerunt,
853 4180 881 4227 et
894 4173 1006 4243 vestigia
1019 4188 1097 4228 ruau·
1152 4173 1267 4245 gisterii.

304 4266 435 4324 datorum
461 4265 520 4336 ejrrs
531 4266 648 4321 unanima
662 4267 741 4321 turba
754 4264 873 4320 fidelium
887 4264 1032 4319 subsecuta
1043 4270 1095 4317 est.
1187 4263 1223 4317 Et
1237 4274 1401 4319 accesserunt
1422 4264 1457 4319 od
1470 4282 1529 4318 error
1546 4265 1667 4337 discipuli
1684 4267 1755 4337 ejus,
1772 4265 1906 4340 (llrunus)
1921 4277 1951 4322 ut

629 4376 742 4435 CAPUT
761 4376 793 4433 q.
1152 4351 1294 4409 audiendis
1307 4352 1397 4408 uerbis
1412 4353 1523 4409 illiusbi
1542 4365 1633 4409 essent
1647 4355 1729 4410 etiam
1749 4370 1863 4424 corpore
1882 4355 1948 4410 rici-

308 4472 349 4530 ιιι
365 4490 485 4530 sermone
507 4473 613 4528 Domini
627 4472 653 4526 ιιι
670 4480 767 4531 monte.
783 4478 807 4524 et
816 4466 976 4538 perfectione
989 4482 1101 4535 wonge-
1151 4445 1312 4516 ⁰l⁰f0⁵rll¹¹l
1331 4447 1474 4517 lllaeffll)tis
1492 4447 1727 4518 implendisetiam
1750 4448 1840 4503 ³¹¹5ffl0
1853 4463 1949 4519 391)Γο-

681 4540 744 4596 lico.
1150 4536 1328 4610 pinquabant.
1343 4537 1456 4609 Mystico
1467 4549 1559 4593 autern
1575 4539 1660 4595 sessio
1675 4538 1781 4595 Dourini
1798 4539 1949 4594 incarnatio

343 4634 390 4709 [h]
401 4633 499 4691 Videor
509 4633 705 4698 oateratarloa,
716 4631 1100 4697 ascendatiumontem,etcum
1151 4626 1214 4699 ejus
1236 4637 1287 4689 est,
1301 4627 1364 4698 quia
1380 4627 1432 4683 uisi
1447 4628 1577 4685 Dominus
1589 4629 1745 4685 incarnatus
1756 4639 1839 4695 esset,
1853 4630 1948 4684 huma-

304 4726 427 4792 udimt,
437 4733 601 4780 merserant
615 4721 650 4777 nd
659 4739 719 4778 cnm
730 4719 851 4792 discipuli
864 4720 932 4790 ejas,
942 4728 967 4775 et
979 4719 1099 4790 operiens
1151 4735 1215 4775 nuru
1229 4734 1314 4791 genus
1330 4720 1459 4775 accedere
1471 4719 1576 4775 adeum
1592 4716 1645 4775 non
1656 4720 1797 4791 potuisset.
1819 4718 1948 4777 decesse-

303 4833 336 4871 οι
348 4826 427 4871 taam
442 4813 549 4870 docebat
562 4829 605 4868 eos
618 4812 718 4867 dicens.
734 4810 826 4882 (dog.)
842 4809 892 4866 llic
903 4819 994 4880 potest
1012 4808 1098 4864 videri
1152 4820 1316 4868 rnutautem
1326 4811 1450 4882 discipuli
1463 4827 1516 4868 uon
1531 4819 1634 4867 tautum
1652 4811 1720 4877 loco,
1733 4811 1779 4867 scd
1795 4811 1877 4866 etiam
1894 4811 1946 4867 lide

303 4907 450 4964 Ιιιιιιιιιιιιιιι
476 4905 576 4960 multas
596 4904 689 4958 turbas
702 4903 788 4957 uitare
811 4900 940 4965 uoluisse,
951 4909 980 4955 et
993 4900 1029 4955 ob
1044 4900 1095 4955 hoc
1150 4905 1343 4972 etdevotione,
1368 4905 1683 4977 utsusciperentpaeern
1699 4904 1865 4975 populosun.
1888 4903 1946 4960 Nisi

302 4997 463 5053 ascendisse
476 4997 503 5052 iu
515 5003 645 5058 montem,
661 5002 789 5065 tanquarn
802 4993 953 5050 recedendo
969 5008 985 5047 a
998 4992 1094 5059 turbis,
1148 4997 1221 5052 eninr
1249 4997 1287 5053 illi
1312 4998 1500 5065 accessissent,
1526 4997 1630 5053 sanitas
1643 4996 1678 5053 ad
1702 5013 1751 5052 uos
1764 5014 1817 5053 non
1829 4996 1944 5053 reniret.

302 5097 336 5144 ut
349 5087 416 5145 solis
425 5089 483 5144 suis
491 5087 631 5159 discipulis
645 5088 813 5157 loqueretur,
825 5087 869 5142 cui
882 5086 920 5142 rei
932 5085 1039 5140 ridetur
1053 5092 1096 5139 at·
1149 5085 1309 5157 Etnperiena
1322 5104 1351 5142 or
1365 5105 1442 5143 anum
1455 5088 1561 5143 docebat
1574 5105 1627 5154 eor,
1640 5088 1739 5144 dicent.
1754 5087 1946 5144 ltaeireumlo-

300 5181 399 5236 testari
410 5181 493 5236 etiam
508 5179 606 5246 Lucas,
619 5180 655 5234 ita
679 5194 793 5234 narrans
805 5196 812 5232 :
826 5177 850 5232 F
851 5187 938 5232 octarn
952 5186 989 5232 eat
1008 5185 1097 5232 autern
1149 5177 1223 5234 cutio
1233 5193 1286 5248 qua
1299 5178 1469 5234 scribiturb't
1479 5179 1598 5249 operiens
1606 5196 1634 5233 os
1646 5196 1736 5245 suurn,
1753 5178 1877 5234 fortassis
1887 5179 1945 5249 ipsa

299 5275 331 5328 ιιι
343 5271 397 5328 illia
420 5272 511 5326 diadar
528 5272 592 5326 exiit
609 5272 638 5327 iu
659 5278 985 5336 montemmaranum
1003 5286 1098 5340 perno-
1150 5284 1225 5325 mora
1242 5271 1415 5325 commendat
1426 5269 1564 5339 aliquanto
1583 5269 1731 5342 longiorem
1751 5271 1871 5326 lutururn
1883 5286 1945 5325 esse

301 5373 378 5420 etam
391 5364 421 5418 ιἰι
438 5365 559 5419 oratione
569 5363 640 5429 Dei,·
660 5372 685 5419 et
699 5379 760 5417 cam
774 5362 829 5417 dier
843 5362 930 5432 {octor
941 5371 1007 5417 eaaot
1021 5379 1096 5416 oneo·
1147 5376 1312 5420 sennonem.
1329 5359 1389 5415 Non
1402 5375 1467 5432 ergo
1479 5369 1558 5416 vacat
1572 5363 1644 5432 qnod
1663 5376 1734 5417 nuuc
1753 5375 1816 5416 cum
1841 5360 1942 5415 dietum

300 5454 337 5511 sit
346 5453 488 5525 discipulos
501 5469 573 5518 roos,
583 5463 607 5508 et
626 5453 702 5524 etegit
716 5452 854 5507 duodecim
865 5453 971 5522 asiptis
981 5469 1046 5521 quoa
1070 5457 1096 5506 et
1146 5463 1190 5512 est
1200 5454 1339 5525 aperuisse
1349 5468 1381 5509 os
1392 5469 1482 5519 sunm,
1496 5453 1542 5523 qui
1566 5454 1592 5508 lu
1605 5453 1664 5524 lege
1680 5453 1766 5509 reteri
1782 5452 1887 5523 aperire
1899 5467 1942 5506 so·

299 5543 436 5616 motolos
460 5545 613 5600 rrorrriaooit.
638 5543 692 5600 Sed
716 5551 806 5600 moret
828 5559 879 5600 eur
905 5544 977 5601 idem
1007 5544 1095 5600 Lucas
1144 5545 1218 5602 lebat
1230 5560 1278 5601 ora
1292 5543 1495 5615 propbetarum.
1522 5543 1575 5598 Per
1594 5558 1626 5599 os
1640 5540 1852 5614 quoqueverius
1871 5539 1943 5596 desi-

297 5643 364 5712 post
387 5636 547 5692 deaoeusrun
568 5634 627 5704 ejus
650 5637 685 5691 de
703 5643 794 5692 monte
808 5635 920 5702 dixerit,
945 5651 1007 5693 euru
1021 5638 1094 5692 hunc
1145 5638 1350 5711 gnaturlromo.
1377 5635 1455 5703 Quod
1473 5635 1653 5702 autemdicit,
1675 5635 1790 5690 docebat
1814 5649 1873 5698 eos,
1894 5649 1942 5704 per

298 5724 429 5782 eamdent
442 5740 596 5782 sermonem
610 5729 708 5782 sunda
721 5727 747 5781 ιιι
761 5727 822 5783 loco
837 5728 983 5799 campestri
1008 5727 1094 5784 turbis
1148 5728 1339 5785 anctoritatem
1363 5726 1493 5782 doctrinar
1518 5725 1637 5781 divinam
1657 5726 1777 5781 ostendit
1804 5735 1942 5791 naturam,

297 5815 474 5889 rueme,
484 5831 565 5887 quern
580 5816 722 5873 llattbeus
734 5817 802 5873 dixit
812 5818 887 5874 illurn
904 5819 930 5874 in
944 5827 1036 5876 moute
1050 5836 1096 5876 se·
1148 5837 1210 5894 quae
1228 5823 1375 5879 humanam
1390 5822 1417 5877 in
1433 5836 1462 5877 se
1476 5819 1615 5890 suscipere
1627 5819 1736 5891 dignata
1757 5827 1799 5875 est
1810 5817 1939 5883 formam.

299 5910 414 5967 ιιιιιιιιιιι
427 5909 573 5981 discipulos
586 5911 720 5966 docuuse.
736 5909 804 5966 Narn
819 5918 907 5983 potest
924 5911 969 5966 bic
984 5912 1095 5983 intelligi
1148 5929 1292 5987 perquam
1306 5914 1425 5970 doceret.

300 6017 365 6058 cum
385 6002 412 6058 in
423 6010 543 6057 montem
558 6003 699 6059 duodecim
713 6003 858 6074 discipulos
869 6004 992 6075 elegitex
1007 6004 1092 6074 pluri·
1186 6005 1260 6061 Beati
1269 6022 1395 6078 pauperes
1404 6005 1508 6076 spirita,
1521 6003 1644 6076 quonium
1656 6005 1772 6076 ipsoram
1785 6020 1891 6076 reguum
1902 6015 1941 6056 ost

301 6095 367 6162 baa,
378 6110 448 6171 qtuts
466 6096 603 6168 apostolos
617 6095 857 6170 nominarit,qnod
873 6095 1014 6154 llattlraeus
1027 6111 1096 6169 pru·
1149 6097 1282 6156 coelornrrr.
1296 6096 1432 6176 (hieron.)
1444 6097 1484 6156 lle
1494 6097 1557 6170 quis
1569 6106 1660 6155 auteur
1677 6105 1786 6169 putaret
1797 6104 1946 6181 pauperta-
