4509 6850
270 654 336 711 1009

757 644 934 705 collimat.
952 642 986 699 IN
1006 641 1225 703 ιιιιΤΤιιΕιιιι.
1245 663 1281 685 -e
1298 642 1362 701 ltu.
1382 643 1415 700 V.

1836 645 1902 709 (tlt

268 769 387 823 diximus
402 780 449 838 per
463 780 583 827 manunt,
597 770 626 817 el
639 761 747 833 pedem,
769 768 797 827 ci
819 758 943 822 oculum,
964 756 1222 835 omneSAnaginta
1240 778 1337 819 norem
1355 773 1384 819 ut
1409 772 1518 820 centum
1538 765 1602 820 sint,
1629 761 1736 820 variari
1765 775 1830 831 ergo
1856 777 1907 829 per

268 858 486 931 propinquitates
501 865 529 911 et
542 854 757 911 necessitudines
771 868 831 921 qnae
851 850 1007 907 scandalunt
1022 846 1062 904 ia-

269 966 332 1006 cere
345 955 473 1020 poterant
489 945 676 1016 amputandas.
689 942 884 998 dusteritatem
899 942 990 1007 itaque
1001 953 1063 1009 senff

270 1041 360 1095 tentia
373 1039 492 1109 subjecto
505 1024 639 1107 praecepto
648 1042 789 1104 temperat,
802 1033 896 1087 dicens
911 1047 918 1084 z
936 1028 1063 1084 Videteue

269 1133 440 1187 coritemnolis
452 1148 532 1184 unum
546 1131 578 1184 de
590 1127 693 1200 pusillis
706 1128 774 1181 istis.
787 1127 844 1190 Sic,
857 1126 955 1195 inquil,
967 1124 1064 1194 preci-

268 1224 315 1293 pio
328 1221 499 1276 seueritatem
513 1222 682 1294 commistam
707 1218 874 1282 clementim;
889 1224 1020 1285 quantum
1035 1214 1062 1267 in

269 1315 346 1369 urbis
362 1321 403 1367 est
418 1312 501 1367 nolite
516 1320 712 1373 contemnere,
730 1307 776 1364 sed
791 1323 840 1377 per
851 1314 968 1360 uestram
992 1303 1064 1357 salu·

270 1411 324 1458 tem
339 1402 444 1456 illorum
456 1400 571 1470 quaerite
587 1399 742 1453 sanitatem.
757 1398 791 1451 Et
809 1412 870 1452 cum
890 1410 1063 1467 perseueran-

270 1504 312 1550 tes
331 1495 359 1549 in
383 1491 501 1561 peccatis
520 1490 641 1545 videritis
655 1497 681 1544 el
696 1489 770 1543 uitiis
783 1488 932 1542 servientes
945 1527 953 1551 ,
968 1485 1064 1541 melius

268 1594 311 1642 cst
325 1585 397 1640 solos
411 1583 500 1638 salros
514 1582 572 1636 deri
583 1596 665 1651 quam
680 1581 769 1651 perire
783 1596 844 1635 cum
857 1579 990 1649 pluribus.

305 1676 371 1731 Dico
385 1676 454 1729 enim
468 1673 548 1736 euobis,
562 1673 624 1743 quio
635 1672 721 1743 ampeli
733 1688 823 1725 eorsum
837 1673 864 1725 in
879 1669 949 1725 ecelis
964 1686 1066 1740 seraper

268 1769 355 1825 rident
371 1768 464 1835 [eciem
477 1764 567 1818 Putris
581 1765 632 1818 urei
646 1765 691 1835 qui
704 1765 731 1817 in
742 1764 812 1818 coelis
823 1773 870 1817 est.
885 1762 921 1819 Ut
934 1778 1064 1832 unaquae-

269 1877 322 1931 que
336 1860 369 1913 ab
384 1867 445 1913 ortu
457 1858 608 1914 nativitatis
622 1858 647 1913 in
664 1855 817 1912 custodiam
831 1859 871 1912 sui
887 1856 1004 1926 legatum
1017 1858 1065 1914 bu·

269 1951 333 2005 beat
345 1950 484 2021 angelum,
497 1963 595 2017 magna
608 1946 726 2017 dignitas
745 1955 787 2002 est
807 1947 968 2001 animarum.
988 1946 1066 2002 Unde

270 2039 393 2113 legimus
404 2044 430 2096 in
442 2040 602 2111 Apocalypsi
614 2038 727 2094 Joartnis
737 2058 743 2092 :
752 2038 853 2109 Angclo
866 2038 964 2109 Ephesi
978 2039 1066 2109 Tbya-

1112 854 1274 910 breuitatem
1298 865 1326 910 et
1344 856 1555 925 magnitudinem
1578 857 1684 912 numeri
1708 863 1821 925 possunt
1847 854 1907 923 qul·

1095 944 1164 1000 -bus
1180 961 1261 1002 unum
1277 945 1364 1010 deest,
1375 955 1406 999 ot
1419 945 1595 1016 perficiantur
1609 965 1616 1001 :
1631 948 1719 1016 ipsum
1733 960 1797 1002 vero
1811 958 1907 1008 unuru,

1112 1036 1173 1091 siue
1186 1037 1318 1092 varietate
1333 1038 1359 1092 in
1373 1052 1403 1093 se
1415 1052 1538 1106 maneas,
1554 1054 1614 1095 cum
1629 1042 1775 1095 accesserit
1796 1046 1910 1095 eaetems

1112 1126 1231 1196 perficit.

1143 1220 1182 1274 ut
1195 1222 1218 1274 si
1230 1223 1365 1291 contigerit
1386 1231 1412 1275 ut
1432 1223 1546 1277 insaniet
1569 1239 1627 1278 earn
1664 1240 1740 1277 umen
1757 1224 1815 1277 dieo
1839 1224 1909 1278 coiis

1113 1313 1175 1382 quio
1187 1311 1309 1383 pandebit
1324 1330 1403 1383 seper
1413 1330 1470 1368 enni
1487 1314 1570 1383 mopis
1582 1329 1661 1383 quom
1672 1329 1751 1383 super
1767 1313 1910 1383 nonaginta

1114 1419 1205 1455 uorem
1227 1418 1285 1473 qum
1311 1419 1361 1456 nou
1382 1412 1545 1458 creauerunt.
1571 1402 1703 1477 (didym.)
1724 1402 1773 1457 dlii
1799 1418 1863 1457 uero
1881 1403 1907 1457 in

1114 1492 1260 1562 riorraginta
1277 1507 1372 1547 nouem
1396 1495 1493 1549 oribus
1512 1495 1645 1565 justorum
1661 1503 1757 1565 putant
1769 1510 1909 1550 numerum

1115 1581 1238 1651 intelligi,
1260 1592 1287 1636 et
1311 1584 1338 1637 in
1360 1599 1412 1638 una
1436 1585 1541 1639 oricula
1563 1595 1746 1656 pcccatorum,
1762 1586 1910 1642 seecundum

1114 1673 1186 1743 quad
1202 1673 1229 1727 in
1244 1674 1297 1728 alio
1311 1674 1369 1729 loco
1384 1675 1489 1730 dixerat
1504 1694 1510 1729 :
1526 1676 1587 1731 Non
1602 1678 1671 1733 crim
1686 1679 1743 1732 ueni
1759 1693 1850 1733 uocare
1861 1679 1910 1747 ju-

1115 1776 1180 1830 stos,
1195 1766 1240 1819 scd
1259 1776 1421 1836 peccatores,·
1437 1784 1488 1822 ιιοιι
1505 1768 1573 1823 euim
1593 1785 1657 1840 opus
1672 1768 1765 1823 tatem
1783 1770 1842 1823 sarsi
1859 1787 1912 1822 nse-

1115 1854 1185 1919 dico,
1197 1855 1241 1909 scd
1256 1856 1301 1926 qui
1313 1856 1380 1911 uteie
1392 1858 1485 1911 dolent
1502 1857 1608 1931 (Mettis.
1623 1857 1672 1928 rx).
1694 1858 1748 1914 Sed
1761 1861 1909 1915 notandum

1116 1948 1189 2016 quod
1205 1947 1230 2001 iu
1246 1947 1319 2002 Luca
1337 1946 1414 2015 juxta
1442 1951 1512 2005 hane
1536 1952 1692 2020 parabolam
1716 1952 1847 2021 scriptum
1870 1961 1912 2005 cst

1114 2039 1188 2107 quod
1207 2040 1244 2092 ito
1267 2039 1393 2109 guardiam
1411 2041 1461 2094 erit
1481 2042 1509 2094 in
1530 2040 1688 2113 missaper
1705 2058 1758 2096 uno
1777 2052 1913 2112 peccatore

272 2135 352 2198 tirso,
381 2142 408 2187 et
436 2131 532 2201 angela
551 2130 764 2198 Pbiiadclpbiae,
782 2139 810 2184 et
832 2130 933 2199 angelis
950 2139 1066 2199 quatuor
1079 2118 1103 2177 B
1117 2128 1293 2196 penitentium
1310 2137 1411 2196 ugente,
1424 2143 1502 2198 quum
1515 2145 1594 2199 super
1610 2132 1753 2201 nonaginta
1766 2147 1854 2185 norem
1864 2132 1912 2201 ju-

270 2224 436 2292 reliquarum
458 2220 634 2297 ecelesiarum
660 2219 750 2274 scribe
776 2220 834 2274 bae
855 2219 950 2288 (Aper.
973 2235 999 2283 ι,
1022 2218 1062 2289 ιι).

269 2313 417 2383 Apostolus
432 2326 539 2382 quoqne
553 2309 681 2381 praecepit
703 2308 787 2363 velari
804 2309 892 2379 capita
904 2310 932 2362 in
943 2307 1065 2363 ccclcsiis

269 2408 433 2475 leoninarum
459 2416 569 2476 propter
583 2403 702 2474 angelos.
720 2402 868 2474 (Maurus.)
884 2403 976 2475 dngeli
993 2403 1064 2458 etnim

270 2496 463 2565 parvolorum,
479 2495 504 2548 id
524 2503 564 2548 est
588 2493 742 2556 humilium,
764 2493 791 2547 iu
806 2491 884 2549 coelis
899 2508 1006 2562 semper
1027 2494 1066 2548 ri·

264 2587 335 2641 derit
352 2584 451 2640 facicm
473 2582 582 2646 Patris,
598 2584 649 2638 boc
661 2591 705 2637 est
722 2582 947 2652 contemplatione
962 2583 1009 2637 llei
1024 2598 1067 2639 as·

270 2675 346 2729 'sidna
364 2673 551 2743 perfruuntor.
575 2671 683 2729 Faciem
715 2689 823 2742 quoque
849 2688 926 2729 more
947 2676 1066 2731 humano

270 2767 348 2838 ponit
360 2766 526 2835 provisione
539 2772 565 2818 et
575 2766 713 2834 agnitione
725 2764 886 2820 certissima.

313 2857 387 2913 l'enit
412 2860 481 2912 enim
505 2857 593 2912 Filius
607 2860 720 2914 bortrinis
733 2858 836 2914 salvare
857 2862 927 2931 quod
943 2863 1066 2931 perierat.

272 2950 313 3005 de
339 2950 362 3005 si
384 2951 509 3015 diceret,
526 2949 601 3006 veuit
628 2949 711 3005 Filius
742 2951 790 3005 Dei
824 2941 977 3012 restaurare
997 2953 1068 3023 quod

273 3040 420 3095 ruituritum
442 3056 473 3097 ac
499 3038 631 3107 deiectum
660 3049 729 3095 crat.
751 3041 786 3096 Et
801 3042 861 3098 idco
886 3044 1019 3099 saluatum
1034 3047 1068 3101 ab

274 3145 307 3185 eu
323 3131 406 3185 nolite
418 3131 540 3199 perdere.
554 3129 618 3185 Sinc
630 3131 703 3185 cniur
719 3133 813 3203 grandi
830 3133 951 3202 periculo
970 3149 1003 3190 ac
1023 3136 1069 3191 de·

274 3222 405 3276 trimento
431 3222 472 3275 sui
495 3237 549 3276 uon
565 3230 655 3292 potest
671 3222 733 3292 quis
745 3238 812 3294 opus
826 3223 874 3279 Dei
895 3225 1068 3291 dissolvere,

274 3332 325 3370 uec
352 3325 394 3371 cst
418 3317 527 3385 dignum
557 3324 588 3371 ut
618 3317 699 3372 bomo
729 3318 862 3387 despiciat
892 3318 964 3387 quod
999 3320 1070 3375 [leus

273 3409 364 3480 elegit.
394 3409 471 3464 Unde
500 3409 572 3464 aliud
595 3409 628 3464 de
643 3408 737 3465 eadem
757 3426 790 3466 re
814 3409 953 3483 subiungit
977 3402 1088 3468 exem?

1083 3490 1107 3554 c
1123 3490 1277 3558 compuncti
1296 3491 1470 3546 inardescunt
1489 3491 1524 3546 ad
1541 3504 1662 3545 amorem
1681 3488 1740 3554 Dei,
1756 3502 1870 3558 seseque
1888 3488 1915 3542 iu

274 3504 359 3572 plum.

312 3592 369 3664 pl]
388 3592 458 3657 erid
476 3595 547 3649 cobis
565 3593 690 3664 sidetem?
704 3593 734 3649 Si
754 3595 852 3665 suerint
869 3595 950 3649 alicui
966 3607 1069 3651 centum

273 3699 342 3744 oucs,
365 3692 389 3735 et
405 3685 529 3737 errauerit
546 3701 598 3737 arro
614 3700 646 3737 ex
661 3685 718 3749 eis,
738 3701 823 3739 nonne
841 3685 963 3756 relinquit
989 3703 1070 3741 nono·

272 3773 346 3844 pinta
367 3790 455 3826 nosrm
476 3775 503 3826 ιἰι
518 3774 665 3838 mortibus,
689 3784 714 3828 et
726 3774 798 3828 rodit
812 3792 929 3845 querere
942 3792 1000 3831 eom
1012 3793 1071 3846 que

273 3863 391 3916 err-urit?
405 3860 541 3930 (llieron.)
557 3862 760 3934 Consequenter
772 3864 806 3917 ad
820 3863 993 3919 clementiam
1005 3881 1069 3935 prs·

274 3959 352 4006 uocat
366 3951 411 4019 qui
423 3953 594 4020 premiserat
607 3952 700 4008 diocns
718 3967 725 4006 ε
748 3951 836 4007 Videte
854 3970 886 4008 ne
900 3957 1071 4009 contemnatis

276 4056 359 4093 riuum
369 4057 401 4094 er
411 4041 514 4106 pusillis
529 4042 594 4096 istis.
609 4041 642 4095 Et
653 4042 792 4112 subjungit
809 4044 965 4112 parabolam
987 4059 1072 4097 riona-

276 4132 353 4201 ginta
368 4147 463 4187 uorem
476 4132 566 4186 ovium
579 4132 606 4186 iu
620 4124 761 4186 utoatibus‘
771 4131 936 4193 relictarum,
949 4142 977 4186 et
992 4133 1072 4186 uarius

281 4236 423 4286 erroneae,
441 4236 523 4291 quarn
544 4230 638 4291 pastor
657 4221 744 4276 bonus
758 4221 821 4288 quia
836 4228 945 4290 propter
962 4220 1072 4274 iniuriam

278 4310 464 4365 infirmitatem
479 4310 617 4365 ambulare
632 4324 685 4364 nou
701 4316 817 4379 poterat,
834 4309 955 4363 humeris
972 4310 1028 4363 suis
1038 4309 1073 4364 ad

278 4416 387 4472 gregem
400 4400 532 4470 reliquum
545 4409 673 4470 reportet.
683 4401 798 4466 Quidam
809 4408 905 4469 putant
920 4400 1000 4474 istum
1014 4414 1073 4454 csse

278 4499 415 4560 pastorem
431 4532 438 4557 ,
461 4492 506 4561 qui
518 4508 576 4545 eum
590 4492 617 4544 in
632 4491 717 4559 sursum
730 4490 780 4543 Dei
791 4498 874 4560 esset,
887 4505 940 4544 non
954 4489 1073 4557 rapinam

279 4583 422 4636 arbitratus
439 4591 477 4636 est
491 4599 518 4636 se
532 4599 586 4636 esse
607 4580 735 4652 equalem
745 4580 811 4646 Deo,
828 4580 873 4634 sed
885 4580 1025 4633 erimmiuit
1037 4596 1072 4644 se,

279 4671 392 4741 [oratum
417 4673 484 4727 serui
504 4673 647 4742 occipiens,
671 4670 757 4740 factus
770 4670 891 4724 obediens
906 4667 981 4723 Patri
996 4687 1075 4740 usque

279 4763 315 4815 ud
331 4771 452 4829 mortem,
467 4771 575 4816 mortem
586 4770 674 4814 auteur
687 4761 773 4813 crucis
786 4758 913 4831 (Philipp.
926 4758 957 4830 ιι)
977 4777 985 4812 2
1000 4768 1026 4813 et
1041 4759 1075 4813 ob

1116 2217 1162 2269 stis
1173 2216 1217 2286 qui
1228 2232 1279 2269 nun
1294 2214 1408 2285 iudipent
1423 2218 1573 2285 penitentia
1584 2218 1717 2293 (Lue,1x).
1727 2217 1911 2293 (Graptume

1117 2307 1339 2362 considerandum
1362 2316 1404 2363 est
1423 2325 1474 2364 cur
1492 2310 1620 2366 Dominus
1643 2312 1703 2382 plus
1723 2313 1757 2367 de
1775 2314 1913 2370 conversis

1116 2398 1390 2467 peccatoribusquam
1397 2400 1430 2453 de
1437 2400 1659 2471 stantibusjustis
1668 2403 1696 2457 in
1705 2404 1776 2459 coelo
1786 2404 1913 2476 gaudium
1925 2410 1929 2417 '

1117 2501 1177 2542 esse
1199 2487 1337 2542 fateatur:
1354 2488 1404 2543 nisi
1430 2490 1481 2545 boc
1499 2491 1572 2559 quod
1595 2491 1645 2559 ipsi
1660 2507 1710 2561 per
1725 2487 1911 2562 quotidianum
1962 2500 1965 2504 ’

1117 2578 1230 2633 visionis
1252 2579 1463 2648 experimontum
1482 2580 1616 2646 norimus,
1628 2582 1691 2651 quia
1704 2583 1863 2654 plerumque
1883 2585 1912 2640 bi

1118 2670 1164 2741 qui
1177 2668 1256 2724 nullis
1272 2684 1303 2724 so
1318 2683 1462 2740 oppressos
1487 2679 1660 2741 peccatorum
1679 2673 1795 2731 molibus
1810 2675 1911 2740 sciunt,

1118 2767 1191 2815 stant
1206 2758 1312 2828 quidem
1328 2760 1355 2814 in
1369 2760 1412 2814 via
1424 2760 1545 2830 justitiae,
1559 2761 1631 2817 nulla
1642 2761 1734 2818 illicita
1746 2772 1912 2835 perpetrant,

1119 2851 1167 2907 sed
1184 2860 1271 2906 tamen
1285 2852 1319 2907 ad
1333 2852 1472 2919 eoelastem
1485 2854 1602 2924 patriam
1613 2854 1693 2910 anxie
1705 2870 1759 2912 non
1772 2855 1910 2920 anbelant,

1119 2952 1248 3012 tantoque
1262 2944 1314 2998 sibi
1328 2944 1355 2998 iu
1369 2945 1449 2999 rebus
1464 2944 1546 3000 licitis
1563 2960 1642 3001 usum
1660 2945 1793 3015 praebent,
1811 2954 1914 3016 quanta

1120 3046 1150 3088 se
1165 3041 1323 3104 perpe-trare
1335 3033 1427 3089 illicita
1447 3035 1521 3089 nulla
1540 3036 1778 3102 meminerun13et
1793 3035 1914 3106 pierum-
1989 3106 1996 3117 ο

1120 3139 1174 3193 que
1186 3124 1254 3194 pigri
1268 3132 1410 3180 remanent
1423 3125 1456 3179 ad
1470 3126 1620 3183 exercenda
1635 3126 1705 3182 bona
1719 3141 1801 3197 opera
1816 3127 1913 3197 pracci-

1120 3227 1184 3283 poa,
1199 3215 1263 3284 quia
1282 3214 1362 3271 ualde
1374 3218 1462 3273 securi
1477 3227 1540 3284 suut
1558 3219 1629 3289 quod
1645 3218 1717 3274 nulla
1729 3218 1915 3275 commiserint

1122 3305 1194 3360 mala
1207 3306 1340 3376 graviora.
1367 3306 1403 3362 dt
1414 3317 1508 3363 contra
1520 3323 1714 3378 nonnunquam
1725 3307 1753 3363 hi
1765 3307 1811 3379 qui
1824 3320 1854 3362 se
1867 3306 1915 3362 ali·

1123 3414 1176 3469 qua
1196 3398 1287 3455 illicita
1301 3400 1389 3471 egisse
1407 3399 1599 3466 meminerunt,
1620 3414 1654 3455 ex
1676 3400 1733 3470 ipso
1754 3414 1806 3456 suo
1824 3398 1916 3456 dolore

1121 3580 1226 3650 magnis
1247 3580 1391 3636 virtutibus
1416 3589 1553 3636 exercent.
1579 3580 1664 3650 bajus
1683 3591 1749 3650 ergo
1766 3578 1801 3634 do
1819 3591 1915 3649 peoor-

1121 3681 1181 3728 ture
1200 3687 1332 3728 converso
1357 3689 1437 3744 quam
1457 3675 1490 3729 dc
1504 3681 1591 3728 stante
1602 3671 1676 3742 justo
1689 3671 1816 3742 gaudium
1837 3670 1867 3724 la
1888 3670 1916 3723 in

1121 3764 1206 3830 eoelo;
1219 3765 1282 3834 quia
1297 3775 1325 3820 et
1336 3766 1388 3821 dux
1401 3766 1427 3824 in
1439 3766 1531 3836 probo
1544 3766 1604 3836 plus
1617 3765 1678 3821 eu'm
1695 3764 1806 3821 militem
1819 3762 1915 3834 diligit,

1122 3853 1168 3921 qui
1180 3862 1240 3922 post
1251 3853 1585 3923 iugarnrcversusbostem
1598 3854 1704 3909 sortiter
1713 3852 1822 3922 premit,
1835 3867 1915 3921 quam

1123 3942 1197 3997 illum
1218 3944 1263 4013 qui
1285 3960 1423 4014 nunquam
1438 3952 1513 4016 terga
1534 3945 1658 4014 prebuit,
1672 3955 1700 3998 et
1710 3959 1847 4012 nunquam
1865 3943 1916 3996 ali-

1122 4037 1187 4105 quid
1200 4035 1306 4091 iortiter
1321 4035 1392 4091 iecit.
1412 4035 1466 4091 Sed
1479 4036 1550 4091 inter
1562 4037 1620 4091 baec
1633 4035 1772 4091 sciendum
1786 4042 1828 4089 est
1845 4034 1915 4103 qnod

1123 4133 1187 4179 sunt
1201 4124 1320 4194 plerique
1332 4124 1408 4193 justi,
1420 4125 1447 4179 in
1459 4140 1574 4194 quorum
1593 4124 1648 4179 rita
1669 4132 1772 4179 tantum
1789 4135 1833 4180 est
1852 4139 1919 4195 gau-

1123 4218 1207 4282 dium,
1228 4225 1257 4270 ut
1279 4216 1320 4271 eis
1343 4216 1470 4286 qnalibet
1490 4225 1663 4287 peccatorum
1682 4216 1842 4285 paenitentia
1853 4233 1919 4287 pres

1123 4307 1186 4377 poni
1201 4306 1350 4362 nullatenus
1364 4306 1457 4376 possit,
1487 4305 1553 4361 Nam
1576 4306 1652 4361 multi
1673 4316 1700 4361 et
1716 4306 1849 4362 nullorum
1864 4307 1917 4362 sibi

1124 4397 1326 4451 malorumsunt
1339 4397 1451 4463 conscii,
1464 4405 1492 4453 et
1506 4399 1634 4452 tamenin
1650 4398 1716 4453 tanti
1728 4397 1833 4453 ardoris
1851 4396 1916 4452 ailli-

1124 4489 1241 4544 ctioncm
1257 4504 1286 4544 sc
1300 4498 1423 4552 exerunt,
1443 4505 1476 4544 ae
1498 4489 1522 4544 si
1545 4491 1664 4558 peccatis
1688 4489 1815 4544 omnibus
1835 4505 1920 4559 augu-

1125 4587 1239 4634 stcntur.
1264 4579 1365 4633 Cuncta
1378 4581 1460 4634 ctiam
1473 4580 1545 4635 licita
1559 4588 1699 4650 rcsprurnt,
1714 4581 1748 4635 ad
1763 4582 1917 4651 despectum

1125 4671 1217 4724 mundi
1230 4670 1382 4726 sublimiter
1394 4673 1582 4741 accinguntur,
1602 4672 1727 4729 latrnentis
1743 4674 1871 4745 gaudent,
1891 4674 1919 4728 in

1125 4761 1231 4816 cunctis
1245 4763 1404 4832 semctipsos
1418 4763 1578 4828 humiliant,
1591 4771 1618 4818 ct
1630 4765 1701 4820 sicut
1719 4764 1840 4820 nonnulli
1857 4779 1919 4835 pec·

279 4853 307 4907 id
325 4854 359 4906 ad
374 4863 481 4908 terrena
495 4851 680 4916 descenderit,
699 4860 729 4905 ut
753 4850 854 4905 salvam
874 4850 977 4904 iaceret
990 4866 1072 4904 unam
1085 4838 1112 4898 D
1124 4859 1184 4904 eata
1196 4866 1319 4919 operum,
1331 4853 1370 4907 sic
1383 4853 1433 4921 ipsi
1445 4861 1554 4921 peccata
1565 4855 1758 4924 cogitationum
1769 4855 1918 4926 deplorant.

278 4944 424 5010 oviculam,
442 4960 501 5014 qua·
526 4937 655 5013 perierat,
678 4942 705 4999 id
732 4950 783 5005 est,
814 4929 1073 5013 bumanumgcnus.

279 5035 349 5090 Natu
362 5035 434 5106 quod
450 5035 494 5089 bie
504 5033 668 5104 evangelista
681 5032 747 5088 dicit
760 5032 869 5087 relictas
879 5048 943 5087 ores
955 5032 981 5086 in
999 5048 1074 5087 nran-

280 5129 361 5190 tibus,
375 5128 401 5182 id
411 5135 452 5182 est
465 5127 492 5181 in
508 5126 633 5189 excelsis,
646 5125 792 5180 aliusdicit
805 5125 831 5179 iu
843 5125 960 5181 deserto.
971 5124 1073 5195 (Greg.)

279 5216 441 5272 (iurantem
457 5216 555 5270 coeium
570 5215 707 5270 desertum
723 5227 846 5281 vocatur,
870 5215 922 5269 uisi
940 5216 1011 5285 quod
1029 5217 1074 5270 de·

280 5319 384 5363 sertum
395 5303 496 5363 dieitur
513 5308 694 5372 derelictum,
720 5306 818 5362 eoelum
846 5315 935 5361 autem
956 5310 1075 5364 deseruit

281 5398 375 5462 bomo,
396 5412 456 5451 erim
477 5397 609 5465 peccarit.
632 5395 661 5449 ln
687 5395 794 5450 deserto
813 5404 902 5450 autem
928 5397 1074 5466 nonaginta

282 5503 382 5543 nouem
395 5503 460 5542 ores
476 5487 673 5552 remanserant,
695 5488 804 5557 quando
818 5487 845 5541 in
862 5496 933 5541 terra
946 5488 1075 5542 Dominus

282 5596 365 5635 uriam
381 5581 520 5650 quaerebat
534 5620 541 5646 ,
556 5580 619 5649 quia
641 5578 808 5635 rationabilis
825 5587 958 5655 creatura
979 5595 1075 5634 nume-

282 5687 343 5739 nts,
358 5672 514 5742 angolorum
528 5670 654 5727 videlicet
675 5681 702 5726 ct
729 5671 887 5735 bominum,
913 5686 972 5740 quae
987 5672 1020 5726 ad
1037 5673 1076 5727 ri-

284 5761 402 5818 dendum
415 5762 500 5816 ileum
511 5763 618 5818 condita
633 5763 730 5827 lucrat,
750 5771 878 5832 percunte
894 5763 1003 5818 bomine
1017 5773 1076 5819 emt

285 5849 491 5918 imminutus,ct
503 5861 532 5906 ιιῑ
545 5852 664 5924 perlecta
677 5851 878 5908 sunuuaorium
892 5853 1077 5924 integraretur

287 5936 315 5992 in
327 5941 407 6007 coelo,
423 5942 504 5999 bonno
517 5944 638 6013 perditus
653 5944 825 6013 querebatur
848 5944 875 5998 in
900 5953 983 5998 terra.
1007 5944 1076 6001 Nota

287 6029 358 6096 ttuud
374 6048 456 6090 uuum
466 6033 542 6090 deest
558 6036 591 6091 ad
604 6050 700 6090 norem
711 6045 741 6090 ut
757 6035 850 6091 decem
863 6036 926 6101 sint,
940 6045 965 6093 ct
982 6037 1015 6094 ad
1029 6053 1078 6094 no-

1126 4941 1194 4996 llinc
1209 4957 1273 5012 crgo
1287 4942 1465 5012 colligendum
1477 4954 1517 4998 cst
1527 4954 1658 5013 quantum
1672 4948 1725 5003 ileo
1737 4947 1862 5018 gaudium
1878 4945 1919 5002 ia-

1125 5035 1181 5090 ciat
1193 5037 1300 5105 quando
1313 5037 1450 5092 bumiliter
1465 5038 1565 5108 plangit
1576 5037 1674 5107 justus,
1691 5041 1716 5095 si
1732 5040 1797 5096 lacit
1810 5042 1837 5096 in
1852 5040 1919 5096 coelo

1125 5126 1264 5197 gaudium,
1280 5129 1388 5195 qnamlo
1401 5128 1452 5183 boe
1466 5130 1536 5198 quod
1548 5130 1618 5185 nralc
1633 5133 1716 5200 gessit
1726 5147 1774 5202 per
1787 5133 1920 5201 poeniten-

1127 5216 1191 5270 tiam
1211 5215 1321 5270 darnnat
1337 5217 1462 5286 injustus.
1479 5218 1607 5287 Sequitur
1617 5221 1746 5276 Dominus
1759 5231 1786 5276 et
1798 5222 1882 5276 dicit:

1162 5304 1208 5361 Sic
1223 5323 1273 5359 nort
1285 5316 1323 5360 est
1337 5307 1454 5368 solarum
1469 5318 1529 5362 oute
1544 5308 1650 5365 Putrem
1660 5323 1772 5367 uestrum
1783 5315 1827 5381 qui
1838 5314 1921 5365 irtcoe·

1126 5396 1159 5452 lis
1172 5407 1220 5464 est,
1235 5409 1263 5451 ut
1277 5408 1363 5468 pereat
1378 5415 1447 5453 rous
1461 5399 1493 5452 de
1503 5401 1606 5470 pusillis
1619 5402 1686 5455 istis.
1708 5401 1842 5471 (Hieron.)
1866 5402 1919 5457 ile·

1126 5485 1181 5543 lert
1203 5488 1236 5542 ad
1258 5488 1381 5556 superius
1394 5490 1571 5558 propositum,
1585 5492 1683 5559 dequo
1697 5490 1811 5553 dixerat,
1832 5491 1922 5547 Videte

1128 5601 1159 5638 ese
1174 5583 1344 5638 eorttemnutis
1360 5599 1438 5636 uriam
1451 5585 1483 5638 de
1492 5583 1594 5653 pusillis
1607 5581 1674 5648 istis,
1689 5593 1715 5637 ct
1729 5584 1808 5639 ducet
1820 5584 1921 5638 idcireo

1129 5676 1284 5746 parabolam
1299 5675 1475 5745 propositam,
1491 5683 1520 5727 ut
1534 5673 1622 5742 pussilli
1633 5689 1686 5728 uun
1702 5683 1920 5729 corrtcuumutur.

1130 5764 1159 5818 ln
1173 5779 1205 5819 eo
1222 5771 1312 5817 autem
1334 5763 1404 5832 cqrrod
1423 5763 1487 5816 dicit
1503 5780 1509 5815 τ
1528 5762 1587 5816 Non
1601 5773 1637 5816 est
1658 5762 1776 5817 uoluntas
1791 5771 1852 5817 unte
1865 5760 1920 5814 ιιι-

1129 5868 1194 5910 trem
1209 5867 1330 5921 vestrum,
1348 5866 1374 5909 ut
1388 5866 1474 5926 pereat
1491 5872 1557 5909 uuus
1569 5855 1601 5917 de
1615 5855 1718 5925 pusillis
1731 5858 1798 5921 istis,
1815 5856 1923 5925 quotics

1131 5944 1230 6014 aliquis
1247 5945 1356 6013 perierit
1372 5947 1405 6001 de
1420 5944 1533 6014 pusillis.
1554 5944 1706 6000 osteruditur
1718 5947 1790 6013 quod
1804 5960 1858 6000 nou
1872 5955 1920 5999 ιιι·

1131 6036 1233 6091 ilintate
1249 6036 1335 6092 l‘altis
1346 6037 1465 6107 perierit.
