4509 6850
315 576 369 634 obt
640 574 671 632 Β.
691 572 818 631 nauem
837 571 947 630 utum
964 570 1124 629 tuemur.
1145 566 1299 628 nocuus.
1321 565 1464 625 orsitus!
1481 564 1611 627 rausi
1903 581 1961 640 m

315 688 498 755 abstinentie,
515 701 625 744 erucem
644 688 771 758 portabat
781 687 810 742 in
819 702 949 758 eorpore;
960 694 988 742 et
999 685 1064 757 quia
1077 684 1106 740 in
1119 687 1146 748 A
1157 683 1261 739 ldcirm
1274 682 1396 738 tristibus
1409 681 1469 737 laete
1483 682 1646 745 succedunt,
1658 686 1687 735 et
1700 677 1788 735 dicit:
1803 676 1895 736 estas
1905 682 1958 739 ita·

316 779 589 838 setrabebatdamna
606 777 775 836 infirmitatis
790 777 895 843 aliene,
909 790 1020 834 crucem
1040 790 1105 847 par·
1159 776 1236 830 asiais
1250 784 1372 830 mataras
1393 784 1431 829 eat
1448 774 1476 828 ia
1500 772 1585 845 aleria
1600 769 1690 827 Patris
1708 772 1751 828 rai
1772 788 1835 828 earn
1857 771 1961 845 naalia

316 875 392 933 tabat
407 874 436 929 in
450 873 541 931 corde.
1158 869 1224 924 raia.
1242 867 1334 924 Times
1360 865 1498 923 mortem?
1517 864 1587 921 Audi
1605 864 1720 937 gloriam
1748 864 1960 936 triumphantis.

352 966 406 1034 Qai
428 966 498 1021 eaiat
517 964 626 1020 aalaerit
646 965 764 1020 arissam
780 978 856 1019 raam
877 961 978 1019 sairam
1001 961 1106 1034 farere,
1159 957 1549 1017 Vereriscrncemiduscuita
1563 955 1720 1029 angelorum
1740 956 1909 1014 ministeria.
1925 956 1961 1016 Et

314 1059 404 1132 perdet
413 1074 471 1113 eam
482 1074 492 1123 ;
503 1057 548 1128 aaa*
559 1069 647 1111 astent
659 1055 801 1127 perdiderit
811 1055 928 1109 animant
950 1070 1028 1109 raam
1047 1070 1109 1125 pra·
1157 1063 1232 1120 tana,
1248 1052 1353 1123 inquit,
1369 1052 1455 1107 reddet
1469 1050 1610 1121 aaicaiqae
1625 1050 1770 1105 mandras
1786 1067 1871 1124 opera
1889 1051 1959 1122 ejas.

314 1162 372 1223 pter
383 1148 558 1213 matamala
575 1164 643 1201 eam.
659 1144 773 1220 (iiiior.)
797 1145 892 1217 Magna
913 1155 941 1201 et
953 1145 1022 1201 mira
1046 1159 1108 1200 sen·
1159 1142 1218 1199 Non
1232 1150 1275 1199 est
1286 1141 1422 1197 distinctio
1434 1139 1520 1197 tadaei
1534 1148 1562 1195 et
1575 1139 1695 1206 etherici;
1709 1139 1802 1196 viriet
1814 1140 1958 1204 mulieris:

314 1241 420 1304 tentia,
447 1239 674 1310 quemadmodum
701 1246 765 1293 sunt
788 1237 907 1294 bominis
930 1238 959 1293 in
987 1236 1108 1292 animam
1157 1251 1306 1310 pauperum
1319 1244 1347 1292 et
1358 1236 1491 1303 divitum,
1512 1233 1560 1291 ubi
1579 1249 1634 1290 non
1649 1247 1792 1305 perseam,
1809 1236 1861 1293 sed
1876 1253 1958 1311 opera

313 1347 390 1388 stram
402 1345 480 1385 amor
490 1341 520 1384 ut
530 1337 634 1400 pereat,
644 1329 737 1385 odium
751 1343 786 1384 ne
797 1335 901 1399 pereat,
912 1328 935 1383 si
949 1326 1019 1383 male
1032 1341 1108 1382 ama·
1159 1329 1376 1395 considerantur.

313 1425 397 1489 reris,
409 1423 571 1490 mucodisti,
583 1423 607 1478 si
620 1422 798 1489 beneaderis,
809 1429 875 1477 tunc
885 1420 994 1477 amasti.
1004 1416 1106 1491 (Greq.)
1192 1423 1276 1477 daea
1287 1420 1346 1475 diae
1359 1419 1444 1486 uobis,
1460 1426 1521 1473 rant
1533 1417 1640 1489 qaidaat
1653 1418 1686 1473 de
1704 1418 1748 1473 laic
1765 1420 1901 1477 staatiiras
1914 1424 1959 1496 qai

313 1517 419 1573 Felices
428 1520 474 1588 qui
485 1518 601 1573 aderunt
611 1517 798 1583 eustodiendo,
811 1531 845 1573 ne
856 1523 969 1588 pereant
979 1514 1105 1573 amande.
1159 1533 1210 1572 area
1222 1515 1363 1587 partabaat
1376 1522 1495 1579 martam,
1507 1511 1589 1566 donee
1602 1511 1706 1567 aideaat
1717 1510 1745 1565 F
1745 1511 1825 1567 iiim
1845 1514 1959 1572 iomisit

313 1606 556 1663 Sicdicituriideii
570 1624 577 1661 ε
592 1606 644 1673 Qaa'
659 1606 897 1661 uelacritaairaaat
917 1621 994 1661 raam
1006 1603 1106 1660 salsam
1157 1610 1300 1664 oeaieatem
1318 1607 1346 1661 in
1360 1622 1439 1676 rapae
1452 1620 1511 1658 aaa.
1527 1602 1610 1677 (lits.
1622 1602 1632 1675 )
1646 1603 1770 1676 Regnum
1790 1604 1844 1661 Dei
1863 1605 1892 1661 in
1905 1622 1959 1678 qna

312 1698 418 1768 sacae,
439 1699 529 1771 perdat
552 1715 625 1765 caan
653 1699 697 1771 qai
719 1706 806 1753 ratem
824 1697 966 1770 perdiderit
988 1697 1106 1751 animam
1157 1696 1301 1753 Filiusllei
1314 1694 1444 1765 idemqui
1458 1692 1707 1750 etliliushomiuis
1722 1704 1824 1765 regnat
1837 1694 1958 1752 bociooo

311 1809 388 1846 sitam
407 1801 514 1864 propter
531 1809 582 1857 ara,
602 1790 703 1846 rdaaat
715 1807 773 1846 rara
786 1789 875 1859 saciet.
894 1788 934 1845 Ac
945 1790 968 1845 si
982 1787 1106 1860 agricolae
1156 1805 1278 1861 praesens
1292 1787 1416 1845 Ecclesia
1427 1794 1551 1843 uocatur.
1563 1786 1598 1841 Et
1608 1786 1671 1857 quia
1686 1786 1814 1842 nonnulli
1828 1802 1863 1842 ex
1878 1788 1958 1846 disei-

311 1884 420 1940 dicatur
436 1884 636 1940 :Frumentum
654 1884 678 1939 si
697 1898 803 1948 seruas,
814 1882 921 1953 perdis;
936 1882 959 1938 si
974 1880 1104 1947 seminas,
1156 1884 1228 1956 pulis
1243 1898 1329 1954 usque
1345 1883 1412 1938 adea
1428 1880 1521 1937 rieturi
1538 1879 1568 1935 in
1590 1893 1703 1948 corpore
1713 1886 1814 1944 erant,
1827 1888 1859 1935 ut
1869 1880 1958 1937 Eade-

312 1991 436 2032 rcnoras.
453 1976 521 2044 Quis
534 1976 608 2031 enim
623 1975 727 2031 nesciat
743 1976 815 2045 quod
838 1974 1014 2041 frumentum,
1042 1989 1105 2030 cum
1158 1975 1226 2030 siam
1242 1974 1290 2029 bei
1304 1980 1488 2029 nonsummum
1507 1970 1697 2041 conspicerent
1710 1976 1739 2025 et
1750 1978 1852 2026 eontra
1866 1972 1955 2027 murtdi

311 2067 339 2122 ia
353 2068 457 2122 seutiae
478 2067 604 2131 mittitur,
627 2066 699 2136 perit
715 2065 750 2121 ob
766 2065 861 2128 oculis,
873 2066 899 2119 in
912 2073 984 2120 terra
997 2063 1104 2130 deiicit;
1119 2062 1144 2121 B
1157 2061 1238 2132 huius
1251 2061 1364 2135 gloriam
1378 2076 1426 2132 per
1446 2060 1567 2116 auctoris
1580 2059 1629 2114 sui
1650 2058 1804 2128 potentiam
1827 2067 1955 2127 erectam,

312 2158 359 2212 sed
375 2157 446 2211 unde
463 2155 593 2226 putrescit
608 2156 635 2210 in
648 2155 774 2224 pulvere,
789 2154 929 2210 viridescit
951 2155 978 2209 in
991 2169 1107 2209 renora-
1157 2153 1338 2209 consolatoria
1348 2151 1528 2223 promissione
1542 2163 1614 2206 nunc
1625 2147 1728 2204 dicitur
1743 2165 1751 2201 ι
1766 2145 1839 2203 Sunt
1851 2148 1956 2219 qaidaat

311 2250 394 2304 tiarre.
413 2248 481 2316 Quia
502 2262 566 2303 vero
578 2256 671 2302 sancta
683 2246 805 2301 Ecclesia
818 2245 890 2300 aliud
905 2254 1011 2315 tempus
1024 2243 1108 2300 babet
1156 2248 1188 2305 de
1201 2248 1244 2303 laic
1257 2247 1399 2313 staatibar,
1411 2246 1456 2319 qai
1467 2262 1521 2301 aaa
1529 2246 1671 2317 partaiaat
1686 2255 1812 2309 ιιιοιιιιιι,
1825 2245 1909 2301 donec
1917 2245 1955 2302 ai·

310 2339 509 2411 persecutionis
531 2348 614 2409 atque
635 2337 708 2392 aliud
728 2337 822 2408 pacis,
837 2335 1002 2406 Redemptor
1012 2339 1107 2391 noster
1156 2340 1235 2393 deam
1248 2336 1347 2392 Filiam
1360 2337 1474 2392 bominis
1490 2337 1631 2392 arairmm
1642 2336 1670 2389 ia
1683 2349 1765 2405 rapae
1775 2350 1840 2400 aaa,
1856 2334 1883 2390 id
1899 2343 1953 2401 ed,

310 2432 369 2502 ipsa
393 2430 453 2500 eius
478 2437 599 2500 tempora
628 2428 778 2499 designarit
802 2428 829 2483 in
857 2428 1008 2499 praeceptis.
1036 2426 1105 2483 Nam
1155 2427 1343 2486 ostendentem
1357 2425 1507 2498 potentiam
1526 2441 1614 2482 suam.
1628 2423 1683 2481 Sed
1694 2439 1758 2481 eum
1775 2432 1854 2480 muta
1868 2424 1954 2482 Domi

308 2521 508 2594 persecutionis
523 2528 644 2591 tempore
655 2520 779 2591 ponenda
797 2527 840 2575 est
851 2519 952 2585 anima,
966 2520 1040 2590 pacis
1054 2534 1104 2574 au·
1156 2535 1208 2577 nus
1229 2519 1376 2576 subeundae
1389 2518 1487 2575 mortis
1499 2526 1633 2590 praecepta
1646 2517 1760 2583 ederet,
1777 2516 1846 2588 quid
1862 2532 1953 2573 ames-

310 2623 364 2669 tem
391 2621 514 2682 tempore
536 2627 568 2667 ea
590 2626 652 2681 quae
678 2610 796 2682 amplius
824 2610 958 2666 dominari
991 2617 1106 2681 pessunt
1137 2598 1258 2666 'sarium
1271 2607 1344 2677 iuit,
1361 2616 1392 2663 ut
1410 2608 1443 2663 ad
1457 2608 1530 2664 hane
1545 2608 1635 2664 subito
1652 2606 1864 2678 promissionem
1883 2608 1953 2664 reei-

309 2703 458 2774 irangenda
470 2710 535 2758 sunt
546 2701 683 2758 desideria
696 2710 815 2758 terrena.
841 2699 919 2757 Unde
933 2710 962 2757 et
972 2716 1045 2757 nunc
1061 2700 1104 2757 di·
1154 2702 1214 2758 reti
1226 2700 1303 2768 Quod
1315 2700 1339 2756 si
1349 2700 1484 2757 sumtiliter
1497 2698 1680 2764 attendamus,
1698 2707 1803 2768 quanta
1815 2698 1951 2770 dispensa·

309 2796 406 2851 citur:
1154 2793 1230 2851 tione
1242 2792 1353 2866 pietatis
1363 2802 1460 2864 agatur
1470 2791 1652 2864 agnoscimus.
1662 2789 1814 2862 Discipuiis
1824 2791 1953 2847 eaimnt·

344 2887 416 2953 Quid
435 2886 504 2941 eaias
519 2886 623 2958 prodeat
640 2887 751 2951 domiai,
768 2885 791 2939 ri
807 2884 958 2940 saircrrara
975 2885 1103 2940 madum
1154 2884 1234 2940 dibus
1247 2883 1330 2938 etiam
1349 2882 1383 2939 de
1399 2883 1528 2952 praesenti
1541 2880 1597 2936 vita
1616 2880 1721 2951 aliquid
1737 2882 1950 2952 promittendam

308 2976 435 3042 lucretur,
447 2978 544 3033 aalma
555 2993 615 3032 aero
628 2992 683 3032 aaa
693 2975 877 3032 detrimentare
889 2977 1026 3046 patiatari
1034 2977 1104 3034 Cum
1154 2974 1215 3040 iuit,
1228 2982 1259 3029 ut
1266 2980 1377 3045 possent
1387 2972 1523 3029 robustius
1531 2972 1560 3028 in
1569 2974 1661 3028 lutura
1671 2972 1795 3029 solidari.
1808 2971 1952 3030 Sie'israe·

309 3068 461 3139 persecutio
475 3068 510 3123 ab
521 3067 684 3124 adversariis
696 3067 783 3134 deest,
798 3066 876 3123 valde
887 3066 1043 3140 vigilantius
1056 3083 1104 3125 oar
1153 3067 1229 3123 litico
1241 3065 1340 3138 papule
1357 3080 1391 3121 ex
1402 3064 1511 3137 AEgypti
1524 3072 1597 3120 terra
1607 3064 1751 3122 liberando
1764 3067 1952 3137 repromissio·

306 3157 515 3214 cumodiendum
529 3166 580 3213 cst.
592 3156 660 3213 Nam
674 3157 750 3228 pacis
762 3166 893 3230 tempore,
910 3159 974 3229 qaia
987 3159 1052 3215 lieet
1065 3159 1105 3214 ri-
1153 3162 1197 3217 nis
1213 3168 1286 3216 terra
1298 3157 1477 3230 promittitur,
1489 3165 1517 3212 et
1527 3156 1591 3212 dum
1603 3156 1741 3213 vocandus
1753 3166 1829 3213 esset
1838 3158 1874 3213 ad
1884 3158 1951 3213 dora

309 3261 392 3314 aere,
413 3248 479 3304 libet
495 3248 578 3304 etiam
593 3248 707 3303 ambire.
721 3247 885 3318 Plerumque
895 3258 986 3304 autem
1000 3256 1027 3305 et
1041 3263 1105 3305 aaa·
1153 3250 1295 3317 eoelcstia,
1319 3250 1436 3305 terrenis
1457 3247 1684 3320 promissionibus
1707 3247 1850 3303 suadetur.
1876 3247 1950 3305 Unde

309 3337 399 3393 ritiam
409 3339 554 3403 vincimus,
568 3337 617 3393 sed
631 3337 720 3393 adbuc
732 3336 825 3394 obstat
839 3338 978 3408 quodrias
992 3337 1103 3394 rectitu-
1155 3350 1228 3397 recte
1246 3354 1353 3412 quoqne
1368 3354 1417 3410 per
1430 3338 1601 3394 Psalmistanr
1617 3339 1717 3395 dicitur
1731 3356 1739 3393 ι
1755 3338 1838 3395 Dedit
1860 3340 1898 3395 eia
1910 3357 1950 3396 rr·

309 3428 380 3484 dinis
405 3428 503 3483 minori
528 3436 652 3485 tenemus
676 3429 798 3485 custodia
824 3427 1006 3499 perfectionis.
1034 3428 1103 3485 Nam
1116 3412 1139 3477 C
1153 3431 1243 3501 pianes
1256 3431 1372 3501 aratiam
1385 3469 1393 3496 ,
1407 3438 1432 3483 et
1443 3427 1545 3484 iabores
1558 3427 1716 3500 papaiaraat
1725 3430 1911 3497 amuderrat,
1923 3441 1951 3486 at

308 3535 380 3590 saepe
399 3518 515 3575 labentia
533 3530 631 3576 cuncta
645 3522 828 3593 despicimus,
847 3522 895 3578 sed
909 3530 1000 3578 tamen
1014 3522 1104 3579 adbuc
1154 3522 1303 3577 cartodiaat
1318 3521 1525 3592 justificationes
1544 3521 1612 3592 ejas,
1630 3531 1655 3577 et
1674 3520 1759 3593 ieaerrt
1780 3523 1839 3594 ejas
1859 3525 1950 3596 maai·

309 3609 433 3666 humanas
451 3611 619 3666 verecundia
636 3627 686 3667 usu
705 3613 904 3683 praepedimur,
922 3623 952 3669 ut
964 3614 1105 3670 rectitudi·
1154 3622 1214 3669 rant
1232 3610 1318 3686 (Pral.
1329 3612 1395 3685 cru).
1408 3610 1454 3668 Sic
1471 3627 1536 3684 erga
1549 3613 1601 3668 boe
1611 3610 1671 3669 loeo
1684 3613 1802 3670 rudibus
1814 3615 1951 3687 discipulis

308 3715 370 3757 nem
383 3742 390 3766 ,
405 3716 488 3771 quam
501 3716 642 3757 servamus
657 3702 684 3756 in
696 3711 805 3768 mente,
820 3705 939 3761 nondum
951 3704 1104 3774 exprimere
1155 3705 1262 3761 Veritas
1275 3704 1400 3775 loquens,
1420 3705 1566 3760 uidendum
1579 3719 1691 3776 regnum
1710 3705 1761 3760 bei
1775 3706 1950 3777 promittitis

308 3790 448 3851 ualeamus
470 3792 497 3846 in
520 3806 597 3849 uoce.
617 3791 652 3847 Et
668 3800 744 3849 tanto
766 3793 815 3849 bei
831 3792 929 3851 faeiem
947 3795 982 3850 ad
992 3794 1105 3865 justitiae
1153 3802 1239 3862 terra,
1258 3805 1290 3851 ut
1306 3797 1360 3858 lroe
1372 3796 1458 3853 abeis
1475 3796 1598 3853 lidelibus
1618 3797 1646 3853 in
1666 3797 1738 3854 coelo
1757 3809 1949 3869 presumatur.

308 3881 494 3940 defensionem
516 3883 706 3955 negligamus,
734 3893 837 3955 quanto
862 3885 995 3941 humanas
1020 3885 1104 3942 iacies
1154 3886 1231 3954 Quod
1240 3886 1266 3942 si
1275 3901 1387 3959 regnum
1396 3886 1445 3942 bei
1456 3887 1483 3942 iu
1494 3888 1545 3942 trac
1555 3888 1690 3943 sententia
1701 3887 1824 3944 laturam
1835 3890 1950 3947 ineoeiis

307 3984 403 4032 cantra
419 3975 553 4046 justitiam
566 3990 701 4032 veremur.
722 3975 776 4032 Sed
793 3975 871 4032 valde
888 3977 1037 4033 carendum
1049 3985 1102 4043 est,
1152 3981 1347 4038 beatitudinem
1370 3982 1484 4038 uelimus
1500 3983 1644 4054 accipere,
1666 3992 1696 4040 et
1713 3984 1765 4040 bac
1780 3985 1898 4056 quidem
1919 3986 1950 4043 da

306 4079 341 4120 ne
354 4079 402 4136 per
408 4065 550 4120 auaritiam
562 4065 758 4135 pecuniariam,
768 4066 826 4122 sire
835 4081 885 4137 per
896 4067 1019 4124 timorem
1028 4083 1102 4124 mor·
1152 4073 1306 4130 astantibus
1319 4088 1372 4130 nan
1387 4084 1447 4146 post
1470 4074 1641 4131 multosdies
1655 4075 1686 4131 in
1705 4084 1799 4133 monte
1810 4077 1948 4134 uiderunt.

306 4156 354 4220 tis,
372 4164 453 4225 atque
475 4171 596 4212 amarem
613 4157 761 4227 corporalis
773 4157 854 4225 ritae,
870 4158 984 4215 mutem
998 4160 1102 4216 amma·
1153 4163 1229 4234 Quod
1251 4165 1296 4237 pia
1311 4167 1405 4236 utique
1419 4167 1575 4237 provisione
1594 4167 1694 4223 iactum
1707 4176 1763 4233 est,
1781 4175 1814 4224 ut
1828 4180 1950 4226 conmm-

308 4263 368 4303 rum
392 4264 514 4318 quaerere
534 4249 719 4322 negligamus3
739 4251 803 4320 quia
818 4251 886 4307 nibil
897 4252 1019 4323 proderit
1034 4261 1103 4308 tem·
1151 4256 1270 4327 piatione
1284 4273 1391 4328 semper
1401 4258 1537 4314 manentis
1552 4257 1655 4330 gaudii,
1672 4259 1784 4315 tametsi
1796 4261 1898 4331 raptim
1910 4270 1950 4316 at·

306 4341 410 4412 peralia
433 4340 603 4408 lucriiaeere,
626 4343 650 4398 si
672 4345 821 4415 perdantur
838 4353 950 4400 aeterna.
971 4343 1049 4403 Unde
1072 4353 1102 4403 et
1152 4362 1205 4419 que
1218 4347 1253 4404 ad
1266 4348 1348 4404 breue
1365 4358 1532 4406 momentum
1543 4350 1679 4417 delibata,
1699 4349 1802 4408 lortius
1819 4354 1946 4409 instantia

308 4434 453 4490 subditur:
1152 4439 1243 4498 menti
1267 4440 1435 4498 transeuntis
1452 4441 1565 4498 adversa
1582 4441 1739 4510 tolerarent,
1752 4442 1946 4501 [lesendam

342 4525 394 4579 dat
412 4542 492 4597 qaam
513 4526 586 4582 dabit
607 4526 685 4581 barna
706 4531 936 4583 commatationem
948 4545 996 4600 pra
1009 4532 1100 4586 ardasa
1151 4549 1217 4590 sane
1229 4534 1312 4590 rerba
1330 4543 1441 4592 sanctos
1455 4546 1571 4592 mortem
1581 4544 1691 4608 gustare
1705 4545 1848 4606 testatum
1862 4557 1879 4596 a
1891 4540 1946 4611 qd·

305 4616 710 4690 aaattitteroa.)1>misrael
728 4619 809 4675 datur
822 4619 1001 4676 commutatio
1015 4620 1100 4694 ΕΒ]-
1151 4626 1203 4683 bus
1216 4627 1345 4683 nimirum
1362 4643 1438 4684 mors
1456 4630 1580 4700 corporis
1591 4630 1669 4701 quasi
1682 4629 1796 4687 libanda
1808 4642 1944 4705 gustatur,

306 4716 387 4776 ptus,
406 4704 562 4777 AEtbiopia,
581 4715 610 4762 et
629 4722 678 4777 pre
691 4709 782 4764 anima
797 4709 913 4766 bumana
925 4709 970 4765 illa
983 4711 1040 4767 sola
1052 4726 1100 4767 re-
1151 4716 1283 4773 vitavere
1295 4718 1393 4773 animas
1406 4719 1542 4776 ueraciter
1555 4720 1723 4792 possidendo
1736 4729 1858 4779 tenetur.

306 4799 418 4854 tributio
432 4816 514 4870 quam
528 4800 672 4857 Psalmista
686 4801 760 4856 canit
775 4819 781 4856 ε
800 4801 871 4868 Qasr
889 4803 1032 4858 retribuant
1048 4782 1139 4858 bal)
1435 4855 1549 4916 CAPUT
1576 4856 1657 4915 ml·
1677 4836 1682 4846 ¹

306 4891 377 4943 atino
389 4907 436 4960 pro
454 4893 573 4946 amarias
586 4910 645 4964 aaa
662 4894 781 4948 retribuit
796 4894 881 4949 milri?
893 4892 1008 4951 Calicem
1026 4895 1099 4950 saltt-

306 4981 909 5051 rarisaccipiam‚etaamea1)aariaiiaaecaia
922 4982 1008 5058 (Psal.
1022 4986 1095 5059 err).
1152 4983 1186 5040 ia
1201 4995 1288 5041 maate
1307 4987 1516 5059 transfiparatar
1534 4989 1661 5046 Dratinus
1682 5006 1776 5047 aaran
1798 4993 1941 5065 discipulis,

341 5066 429 5123 Filias
439 5070 508 5124 erim
527 5071 638 5126 bominis
656 5081 780 5127 reatarat
799 5083 836 5128 eat
856 5073 885 5128 ia
901 5073 986 5145 picria
1008 5073 1097 5130 Patria
1186 5064 1210 5111 ⁶¹
1223 5056 1285 5111 Εὕα
1298 5067 1323 5113 21
1338 5056 1438 5128 ⁸⁰⁹⁵&
1449 5057 1606 5115 ¹³⁴ka
1616 5072 1702 5116 Μ·
1713 5060 1803 5118 ,pm
1814 5065 1943 5135 ΜΡΝ

306 5161 350 5217 rai
362 5176 422 5215 cam
433 5162 533 5231 arastis
545 5163 610 5219 sair.
626 5163 694 5231 Quia
707 5164 753 5234 qui
767 5164 794 5219 in
805 5165 923 5222 bominis
937 5174 1034 5222 natura
1046 5167 1098 5221 mi-
1186 5143 1214 5182 ⁸⁶
1224 5136 1248 5181 θ’
1264 5126 1310 5183 ³¹¹⁰
1322 5129 1387 5183 Μ
1396 5145 1514 5184 mmm·

305 5251 1098 5330 narestPatre,ipsenoitateuniasejusdemqueestgioriae
1186 5255 1232 5330 [1.]
1247 5256 1281 5313 iit
1295 5268 1352 5330 port
1371 5258 1427 5315 dier
1449 5277 1496 5316 aea
1514 5262 1655 5333 assumpsit
1674 5260 1756 5320 daras
1772 5263 1906 5334 Patra,
1921 5275 1943 5321 ιι

305 5348 368 5399 arm
383 5341 475 5399 Patre.
1148 5347 1295 5415 doaaaam,
1307 5359 1333 5404 et
1348 5349 1493 5418 iacebam,
1508 5353 1617 5424 fratrem
1629 5339 1698 5425 ejas,
1713 5366 1740 5410 et
1755 5357 1832 5413 dreit
1846 5359 1906 5415 ilias
1917 5360 1942 5412 ir

342 5433 377 5488 Et
402 5444 465 5488 taaa
483 5433 572 5490 reddet
595 5436 736 5507 aaicaiaae
757 5437 901 5492 secandam
924 5453 1003 5508 opera
1028 5439 1096 5509 ejaa.
1147 5447 1261 5493 meatem
1272 5438 1943 5516 mercatricemlnsvangettobneaeirasan

306 5522 403 5580 Petrus
426 5527 617 5594 praedicatione
642 5529 738 5584 martis
759 5528 909 5586 Dominiere
931 5528 1098 5586 scandaliza-
1147 5535 1224 5598 ptum
1236 5535 1298 5583 est:
1314 5527 1430 5585 Factam
1443 5540 1481 5587 ert
1500 5542 1557 5605 pert
1574 5533 1630 5588 tce
1644 5534 1724 5590 aeria
1739 5538 1796 5609 tere
1806 5539 1868 5595 dies
1878 5547 1940 5605 adr,

307 5625 350 5670 tus
367 5619 501 5673 sententia
522 5618 627 5675 Domini
648 5619 737 5676 iuerat
751 5622 925 5693 increpatus,
943 5624 1097 5693 provocatis
1146 5631 1171 5676 ct
1187 5625 1327 5695 aarampa't
1349 5621 1479 5694 Petram,
1502 5635 1527 5681 et
1546 5626 1686 5694 ductant,
1706 5640 1733 5684 et
1749 5630 1940 5699 daaaaem

305 5705 444 5776 discipulis
466 5710 523 5765 suis
546 5720 576 5765 ut
599 5711 733 5780 abnegent
759 5726 798 5776 se,
820 5721 848 5767 et
871 5711 966 5767 tollant
987 5727 1097 5769 crucem
1147 5715 1265 5769 aseendit
1285 5715 1313 5769 ia
1328 5725 1490 5772 amaremur
1504 5728 1602 5781 oraret.
1623 5728 1677 5776 etc.
1701 5719 1780 5794 (Lac.
1800 5722 1856 5794 ιι).
1876 5723 1939 5779 liius

305 5807 394 5860 suam,
408 5804 436 5851 et
447 5800 617 5855 morientium
630 5800 721 5855 anima
734 5800 892 5870 magistrum
907 5812 1094 5872 sequerentur.
1146 5807 1288 5877 quaeritur,
1303 5810 1437 5881 quomodo
1447 5818 1508 5881 post
1521 5812 1579 5869 dies
1590 5827 1640 5868 sex
1652 5817 1837 5886 assumpserit
1848 5831 1905 5882 eas,
1915 5822 1941 5870 at

305 5881 422 5941 Grandis
444 5895 531 5943 terror
548 5888 733 5955 audientium,
758 5896 786 5944 ct
808 5891 854 5960 qui
876 5892 963 5961 possit
981 5893 1096 5964 principi
1147 5897 1256 5954 duxerit
1276 5899 1304 5954 in
1324 5909 1444 5956 montem
1460 5902 1598 5958 excelsum
1614 5919 1760 5973 marsuas,
1784 5905 1940 5978 quod-dat·

306 5975 507 6045 apstolorum,
527 5979 609 6036 etiam
627 5972 830 6054 aiiis'apestelis
851 5993 951 6042 metum
973 5984 1093 6054 iniicere.
1146 5989 1233 6045 tbaeus
1246 5988 1405 6062 ilarcusque
1424 5998 1568 6064 testantur,
1588 6009 1650 6050 cum
1668 5993 1759 6053 Lucas
1775 5995 1940 6066 eratml‘ots
