<?xml version="1.0" encoding="UTF-8"?>
<!DOCTYPE html PUBLIC "-//W3C//DTD XHTML 1.0 Transitional//EN"
    "http://www.w3.org/TR/xhtml1/DTD/xhtml1-transitional.dtd">
<html xmlns="http://www.w3.org/1999/xhtml" xml:lang="en" lang="en">
 <head>
  <title>
</title>
<meta http-equiv="Content-Type" content="text/html;charset=utf-8" />
  <meta name='ocr-system' content='tesseract 3.04.00' />
  <meta name='ocr-capabilities' content='ocr_page ocr_carea ocr_par ocr_line ocrx_word'/>
</head>
<body>
  <div class='ocr_page' id='page_1' title='image "./patrologiaecurs88unkngoog/patrologiaecurs88unkngoog_0456.png"; bbox 0 0 4509 6850; ppageno 0'>
   <div class='ocr_carea' id='block_1_1' title="bbox 383 657 2022 762">
    <p class='ocr_par' dir='ltr' id='par_1_1' title="bbox 383 657 2022 762">
     <span class='ocr_line' id='line_1_1' title="bbox 383 657 2022 762; baseline -0.018 -2"><span class='ocrx_word' id='word_1_1' title='bbox 383 704 438 762; x_wconf 72' lang='grc'><strong>863</strong></span> <span class='ocrx_word' id='word_1_2' title='bbox 494 657 496 662; x_wconf 24' lang='lat'><strong><em>¹</em></strong></span> <span class='ocrx_word' id='word_1_3' title='bbox 709 700 739 754; x_wconf 89' lang='lat' dir='ltr'><strong>B.</strong></span> <span class='ocrx_word' id='word_1_4' title='bbox 761 698 887 754; x_wconf 69' lang='lat' dir='ltr'><strong>ututur</strong></span> <span class='ocrx_word' id='word_1_5' title='bbox 907 696 1017 752; x_wconf 78' lang='lat' dir='ltr'><strong>uuum</strong></span> <span class='ocrx_word' id='word_1_6' title='bbox 1035 689 1194 750; x_wconf 73' lang='lat' dir='ltr'><strong>nectitur.</strong></span> <span class='ocrx_word' id='word_1_7' title='bbox 1217 689 1370 746; x_wconf 78' lang='lat' dir='ltr'><strong>llOGUNT.</strong></span> <span class='ocrx_word' id='word_1_8' title='bbox 1392 686 1535 744; x_wconf 77' lang='lat' dir='ltr'><strong>uruntur</strong></span> <span class='ocrx_word' id='word_1_9' title='bbox 1554 684 1644 741; x_wconf 76' lang='lat' dir='ltr'>PARS</span> <span class='ocrx_word' id='word_1_10' title='bbox 1661 683 1680 737; x_wconf 93' lang='lat' dir='ltr'><strong>l.</strong></span> <span class='ocrx_word' id='word_1_11' title='bbox 1977 682 2022 741; x_wconf 64' lang='lat'><strong>881</strong></span> 
     </span>
    </p>
   </div>
   <div class='ocr_carea' id='block_1_2' title="bbox 383 799 2037 2066">
    <p class='ocr_par' dir='ltr' id='par_1_2' title="bbox 383 799 2037 2066">
     <span class='ocr_line' id='line_1_2' title="bbox 383 799 2025 884; baseline -0.012 -9"><span class='ocrx_word' id='word_1_12' title='bbox 383 827 445 884; x_wconf 87' lang='lat' dir='ltr'><strong>net,</strong></span> <span class='ocrx_word' id='word_1_13' title='bbox 462 819 577 881; x_wconf 85' lang='lat' dir='ltr'><strong>horest,</strong></span> <span class='ocrx_word' id='word_1_14' title='bbox 592 816 618 869; x_wconf 91' lang='lat' dir='ltr'><strong>in</strong></span> <span class='ocrx_word' id='word_1_15' title='bbox 634 814 709 881; x_wconf 80' lang='lat' dir='ltr'><strong>eujus</strong></span> <span class='ocrx_word' id='word_1_16' title='bbox 727 813 821 868; x_wconf 89' lang='lat' dir='ltr'><strong>bumili</strong></span> <span class='ocrx_word' id='word_1_17' title='bbox 836 820 945 882; x_wconf 77' lang='lat' dir='ltr'><strong>pectore</strong></span> <span class='ocrx_word' id='word_1_18' title='bbox 957 809 1086 864; x_wconf 83' lang='lat' dir='ltr'><strong>diuinitas</strong></span> <span class='ocrx_word' id='word_1_19' title='bbox 1098 806 1175 861; x_wconf 79' lang='lat' dir='ltr'><strong>laum·</strong></span> <span class='ocrx_word' id='word_1_20' title='bbox 1189 803 1215 863; x_wconf 77' lang='grc' dir='ltr'><strong>Α</strong></span> <span class='ocrx_word' id='word_1_21' title='bbox 1228 816 1287 856; x_wconf 89' lang='lat' dir='ltr'><strong>esse</strong></span> <span class='ocrx_word' id='word_1_22' title='bbox 1309 803 1412 856; x_wconf 89' lang='lat' dir='ltr'><strong>eunetis</strong></span> <span class='ocrx_word' id='word_1_23' title='bbox 1434 801 1599 857; x_wconf 75' lang='lat' dir='ltr'><strong>ostenderet.</strong></span> <span class='ocrx_word' id='word_1_24' title='bbox 1617 800 1757 870; x_wconf 75' lang='lat' dir='ltr'><strong>Ingressus</strong></span> <span class='ocrx_word' id='word_1_25' title='bbox 1784 813 1852 869; x_wconf 89' lang='lat' dir='ltr'><strong>ergo</strong></span> <span class='ocrx_word' id='word_1_26' title='bbox 1874 799 2025 855; x_wconf 83' lang='lat' dir='ltr'><strong>nauiculam</strong></span> 
     </span>
     <span class='ocr_line' id='line_1_3' title="bbox 385 890 2029 978; baseline -0.01 -14"><span class='ocrx_word' id='word_1_27' title='bbox 385 908 446 964; x_wconf 88' lang='lat' dir='ltr'><strong>liari</strong></span> <span class='ocrx_word' id='word_1_28' title='bbox 461 908 577 978; x_wconf 85' lang='lat' dir='ltr'><strong>quadam</strong></span> <span class='ocrx_word' id='word_1_29' title='bbox 592 906 731 960; x_wconf 90' lang='lat' dir='ltr'><strong>mansione</strong></span> <span class='ocrx_word' id='word_1_30' title='bbox 746 904 879 973; x_wconf 88' lang='lat' dir='ltr'><strong>quiescat.</strong></span> <span class='ocrx_word' id='word_1_31' title='bbox 1229 895 1295 949; x_wconf 89' lang='lat' dir='ltr'><strong>lecit</strong></span> <span class='ocrx_word' id='word_1_32' title='bbox 1321 894 1425 948; x_wconf 88' lang='lat' dir='ltr'><strong>turbari</strong></span> <span class='ocrx_word' id='word_1_33' title='bbox 1447 907 1543 957; x_wconf 87' lang='lat' dir='ltr'><strong>mure,</strong></span> <span class='ocrx_word' id='word_1_34' title='bbox 1569 891 1716 947; x_wconf 86' lang='lat' dir='ltr'><strong>commorit</strong></span> <span class='ocrx_word' id='word_1_35' title='bbox 1740 899 1859 955; x_wconf 86' lang='lat' dir='ltr'><strong>rentes,</strong></span> <span class='ocrx_word' id='word_1_36' title='bbox 1884 890 2029 947; x_wconf 80' lang='lat' dir='ltr'><strong>concitavit</strong></span> 
     </span>
     <span class='ocr_line' id='line_1_4' title="bbox 394 982 2026 1068; baseline -0.01 -13"><span class='ocrx_word' id='word_1_37' title='bbox 394 1060 396 1066; x_wconf 55' lang='grc'>,</span> <span class='ocrx_word' id='word_1_38' title='bbox 419 1002 497 1055; x_wconf 81' lang='lat' dir='ltr'><strong>leuas</strong></span> <span class='ocrx_word' id='word_1_39' title='bbox 507 1009 595 1053; x_wconf 86' lang='lat' dir='ltr'><strong>eutem</strong></span> <span class='ocrx_word' id='word_1_40' title='bbox 605 999 642 1052; x_wconf 89' lang='lat' dir='ltr'><strong>uit</strong></span> <span class='ocrx_word' id='word_1_41' title='bbox 656 997 713 1052; x_wconf 84' lang='lat' dir='ltr'><strong>illi:</strong></span> <span class='ocrx_word' id='word_1_42' title='bbox 725 994 837 1068; x_wconf 80' lang='lat' dir='ltr'><strong>Sequere</strong></span> <span class='ocrx_word' id='word_1_43' title='bbox 848 1012 905 1061; x_wconf 84' lang='lat' dir='ltr'><strong>me,</strong></span> <span class='ocrx_word' id='word_1_44' title='bbox 917 1005 940 1048; x_wconf 88' lang='lat' dir='ltr'><strong>er</strong></span> <span class='ocrx_word' id='word_1_45' title='bbox 952 995 1053 1048; x_wconf 88' lang='lat' dir='ltr'><strong>dimitte</strong></span> <span class='ocrx_word' id='word_1_46' title='bbox 1063 1001 1179 1047; x_wconf 72' lang='lat' dir='ltr'><strong>mortuos</strong></span> <span class='ocrx_word' id='word_1_47' title='bbox 1229 986 1336 1041; x_wconf 89' lang='lat' dir='ltr'><strong>lluctus.</strong></span> <span class='ocrx_word' id='word_1_48' title='bbox 1353 986 1407 1041; x_wconf 82' lang='lat' dir='ltr'><strong>Cur</strong></span> <span class='ocrx_word' id='word_1_49' title='bbox 1422 986 1489 1040; x_wconf 81' lang='lat' dir='ltr'><strong>boel</strong></span> <span class='ocrx_word' id='word_1_50' title='bbox 1505 986 1566 1040; x_wconf 93' lang='lat' dir='ltr'><strong>ldeo</strong></span> <span class='ocrx_word' id='word_1_51' title='bbox 1589 993 1619 1038; x_wconf 93' lang='lat' dir='ltr'><strong>ut</strong></span> <span class='ocrx_word' id='word_1_52' title='bbox 1637 982 1785 1052; x_wconf 88' lang='lat' dir='ltr'><strong>discipulos</strong></span> <span class='ocrx_word' id='word_1_53' title='bbox 1807 983 1936 1037; x_wconf 89' lang='lat' dir='ltr'><strong>mitteret</strong></span> <span class='ocrx_word' id='word_1_54' title='bbox 1952 986 1979 1037; x_wconf 87' lang='lat' dir='ltr'><strong>iu</strong></span> <span class='ocrx_word' id='word_1_55' title='bbox 1995 986 2026 1039; x_wconf 89' lang='lat' dir='ltr'><strong>ti·</strong></span> 
     </span>
     <span class='ocr_line' id='line_1_5' title="bbox 384 1073 2029 1160; baseline -0.009 -15"><span class='ocrx_word' id='word_1_56' title='bbox 384 1090 492 1160; x_wconf 82' lang='lat' dir='ltr'><strong>sepelire</strong></span> <span class='ocrx_word' id='word_1_57' title='bbox 500 1098 616 1143; x_wconf 84' lang='lat' dir='ltr'><strong>urortuos</strong></span> <span class='ocrx_word' id='word_1_58' title='bbox 627 1105 699 1143; x_wconf 81' lang='lat' dir='ltr'><strong>suos.</strong></span> <span class='ocrx_word' id='word_1_59' title='bbox 712 1086 811 1158; x_wconf 86' lang='lat' dir='ltr'><strong>(Hier.)</strong></span> <span class='ocrx_word' id='word_1_60' title='bbox 824 1086 946 1141; x_wconf 82' lang='lat' dir='ltr'><strong>Mortuus</strong></span> <span class='ocrx_word' id='word_1_61' title='bbox 959 1086 1113 1154; x_wconf 82' lang='lat' dir='ltr'><strong>quicunque</strong></span> <span class='ocrx_word' id='word_1_62' title='bbox 1124 1098 1179 1139; x_wconf 89' lang='lat' dir='ltr'><strong>non</strong></span> <span class='ocrx_word' id='word_1_63' title='bbox 1230 1093 1331 1133; x_wconf 90' lang='lat' dir='ltr'><strong>rnorem</strong></span> <span class='ocrx_word' id='word_1_64' title='bbox 1342 1085 1370 1132; x_wconf 92' lang='lat' dir='ltr'><strong>et</strong></span> <span class='ocrx_word' id='word_1_65' title='bbox 1381 1092 1459 1132; x_wconf 82' lang='lat' dir='ltr'><strong>suuni</strong></span> <span class='ocrx_word' id='word_1_66' title='bbox 1468 1073 1783 1160; x_wconf 74' lang='lat' dir='ltr'><strong>auxillump&#39;qstularent‚</strong></span> <span class='ocrx_word' id='word_1_67' title='bbox 1792 1087 1932 1144; x_wconf 87' lang='lat' dir='ltr'><strong>suamque</strong></span> <span class='ocrx_word' id='word_1_68' title='bbox 1941 1083 2029 1145; x_wconf 89' lang='lat' dir='ltr'><strong>poten·</strong></span> 
     </span>
     <span class='ocr_line' id='line_1_6' title="bbox 385 1163 2029 1248; baseline -0.01 -10"><span class='ocrx_word' id='word_1_69' title='bbox 385 1183 485 1247; x_wconf 90' lang='lat' dir='ltr'><strong>eredit;</strong></span> <span class='ocrx_word' id='word_1_70' title='bbox 501 1182 523 1236; x_wconf 89' lang='lat' dir='ltr'><strong>si</strong></span> <span class='ocrx_word' id='word_1_71' title='bbox 537 1191 628 1236; x_wconf 88' lang='lat' dir='ltr'><strong>autem</strong></span> <span class='ocrx_word' id='word_1_72' title='bbox 645 1190 780 1235; x_wconf 89' lang='lat' dir='ltr'><strong>mortuum</strong></span> <span class='ocrx_word' id='word_1_73' title='bbox 803 1178 898 1248; x_wconf 88' lang='lat' dir='ltr'><strong>sepelit</strong></span> <span class='ocrx_word' id='word_1_74' title='bbox 911 1186 1045 1241; x_wconf 88' lang='lat' dir='ltr'><strong>mortuus,</strong></span> <span class='ocrx_word' id='word_1_75' title='bbox 1065 1193 1118 1230; x_wconf 92' lang='lat' dir='ltr'><strong>nun</strong></span> <span class='ocrx_word' id='word_1_76' title='bbox 1134 1176 1180 1230; x_wconf 84' lang='lat' dir='ltr'><strong>de-</strong></span> <span class='ocrx_word' id='word_1_77' title='bbox 1231 1171 1295 1224; x_wconf 87' lang='lat' dir='ltr'><strong>tium</strong></span> <span class='ocrx_word' id='word_1_78' title='bbox 1312 1168 1471 1238; x_wconf 84' lang='lat' dir='ltr'><strong>rogantibus</strong></span> <span class='ocrx_word' id='word_1_79' title='bbox 1487 1165 1689 1221; x_wconf 79' lang='lat' dir='ltr'><strong>manifestaret.</strong></span> <span class='ocrx_word' id='word_1_80' title='bbox 1703 1163 1915 1234; x_wconf 83' lang='lat' dir='ltr'><strong>lllutempestas</strong></span> <span class='ocrx_word' id='word_1_81' title='bbox 1930 1180 2029 1221; x_wconf 78' lang='lat' dir='ltr'><strong>nonen</strong></span> 
     </span>
     <span class='ocr_line' id='line_1_7' title="bbox 387 1256 2029 1333; baseline -0.01 -3"><span class='ocrx_word' id='word_1_82' title='bbox 387 1277 481 1331; x_wconf 91' lang='lat' dir='ltr'><strong>bemus</strong></span> <span class='ocrx_word' id='word_1_83' title='bbox 495 1289 587 1328; x_wconf 88' lang='lat' dir='ltr'><strong>curam</strong></span> <span class='ocrx_word' id='word_1_84' title='bbox 601 1272 701 1327; x_wconf 86' lang='lat' dir='ltr'><strong>babere</strong></span> <span class='ocrx_word' id='word_1_85' title='bbox 713 1280 891 1332; x_wconf 87' lang='lat' dir='ltr'><strong>mortuorum,</strong></span> <span class='ocrx_word' id='word_1_86' title='bbox 907 1270 954 1324; x_wconf 90' lang='lat' dir='ltr'><strong>scd</strong></span> <span class='ocrx_word' id='word_1_87' title='bbox 968 1270 1132 1333; x_wconf 82' lang='lat' dir='ltr'><strong>uiuentium,</strong></span> <span class='ocrx_word' id='word_1_88' title='bbox 1146 1282 1181 1323; x_wconf 87' lang='lat' dir='ltr'><strong>ne</strong></span> <span class='ocrx_word' id='word_1_89' title='bbox 1230 1278 1259 1317; x_wconf 87' lang='lat' dir='ltr'><strong>se</strong></span> <span class='ocrx_word' id='word_1_90' title='bbox 1273 1261 1369 1316; x_wconf 87' lang='lat' dir='ltr'><strong>oborta</strong></span> <span class='ocrx_word' id='word_1_91' title='bbox 1382 1269 1440 1325; x_wconf 85' lang='lat' dir='ltr'><strong>est,</strong></span> <span class='ocrx_word' id='word_1_92' title='bbox 1462 1259 1510 1313; x_wconf 86' lang='lat' dir='ltr'><strong>sed</strong></span> <span class='ocrx_word' id='word_1_93' title='bbox 1530 1257 1660 1329; x_wconf 79' lang='lat' dir='ltr'><strong>potestati</strong></span> <span class='ocrx_word' id='word_1_94' title='bbox 1674 1257 1763 1327; x_wconf 91' lang='lat' dir='ltr'><strong>paruit</strong></span> <span class='ocrx_word' id='word_1_95' title='bbox 1778 1257 1945 1325; x_wconf 78' lang='lat' dir='ltr'><strong>imperantis</strong></span> <span class='ocrx_word' id='word_1_96' title='bbox 1959 1256 2029 1326; x_wconf 83' lang='lat' dir='ltr'><strong>ejus,</strong></span> 
     </span>
     <span class='ocr_line' id='line_1_8' title="bbox 386 1346 2030 1428; baseline -0.01 -11"><span class='ocrx_word' id='word_1_97' title='bbox 386 1364 450 1417; x_wconf 85' lang='lat' dir='ltr'><strong>dum</strong></span> <span class='ocrx_word' id='word_1_98' title='bbox 465 1362 572 1417; x_wconf 82' lang='lat' dir='ltr'><strong>solliciti</strong></span> <span class='ocrx_word' id='word_1_99' title='bbox 587 1378 681 1416; x_wconf 90' lang='lat' dir='ltr'><strong>sumus</strong></span> <span class='ocrx_word' id='word_1_100' title='bbox 694 1362 727 1415; x_wconf 80' lang='lat' dir='ltr'><strong>ilc</strong></span> <span class='ocrx_word' id='word_1_101' title='bbox 740 1361 868 1426; x_wconf 91' lang='lat' dir='ltr'><strong>mortuis,</strong></span> <span class='ocrx_word' id='word_1_102' title='bbox 886 1375 935 1413; x_wconf 92' lang='lat' dir='ltr'><strong>nos</strong></span> <span class='ocrx_word' id='word_1_103' title='bbox 949 1375 1057 1428; x_wconf 90' lang='lat' dir='ltr'><strong>quoque</strong></span> <span class='ocrx_word' id='word_1_104' title='bbox 1080 1358 1181 1413; x_wconf 88' lang='lat' dir='ltr'><strong>niortui</strong></span> <span class='ocrx_word' id='word_1_105' title='bbox 1229 1355 1274 1422; x_wconf 75' lang='lat' dir='ltr'><strong>qui</strong></span> <span class='ocrx_word' id='word_1_106' title='bbox 1298 1352 1384 1405; x_wconf 78' lang='lat' dir='ltr'><strong>educit</strong></span> <span class='ocrx_word' id='word_1_107' title='bbox 1404 1360 1492 1405; x_wconf 75' lang='lat' dir='ltr'><strong>veretur</strong></span> <span class='ocrx_word' id='word_1_108' title='bbox 1512 1350 1544 1403; x_wconf 77' lang='lat' dir='ltr'><strong>tle</strong></span> <span class='ocrx_word' id='word_1_109' title='bbox 1566 1349 1698 1403; x_wconf 72' lang='lat' dir='ltr'><strong>thesauris</strong></span> <span class='ocrx_word' id='word_1_110' title='bbox 1720 1348 1775 1401; x_wconf 75' lang='lat' dir='ltr'><strong>ruis</strong></span> <span class='ocrx_word' id='word_1_111' title='bbox 1796 1346 1887 1419; x_wconf 69' lang='lat' dir='ltr'><strong>(Paul.</strong></span> <span class='ocrx_word' id='word_1_112' title='bbox 1908 1350 2030 1421; x_wconf 73' lang='lat' dir='ltr'><strong>cxxxiv),</strong></span> 
     </span>
     <span class='ocr_line' id='line_1_9' title="bbox 386 1439 2032 1522; baseline -0.008 -16"><span class='ocrx_word' id='word_1_113' title='bbox 386 1451 562 1522; x_wconf 89' lang='lat' dir='ltr'><strong>appellemur.</strong></span> <span class='ocrx_word' id='word_1_114' title='bbox 588 1450 663 1518; x_wconf 84' lang='lat' dir='ltr'><strong>Quod</strong></span> <span class='ocrx_word' id='word_1_115' title='bbox 678 1466 742 1521; x_wconf 84' lang='lat' dir='ltr'><strong>ergo</strong></span> <span class='ocrx_word' id='word_1_116' title='bbox 758 1451 785 1503; x_wconf 89' lang='lat' dir='ltr'><strong>lu</strong></span> <span class='ocrx_word' id='word_1_117' title='bbox 806 1450 878 1504; x_wconf 89' lang='lat' dir='ltr'><strong>Luca</strong></span> <span class='ocrx_word' id='word_1_118' title='bbox 893 1449 1012 1513; x_wconf 88' lang='lat' dir='ltr'><strong>additur,</strong></span> <span class='ocrx_word' id='word_1_119' title='bbox 1034 1447 1073 1501; x_wconf 86' lang='lat' dir='ltr'><strong>Tu</strong></span> <span class='ocrx_word' id='word_1_120' title='bbox 1092 1457 1181 1501; x_wconf 84' lang='lat' dir='ltr'><strong>eutem</strong></span> <span class='ocrx_word' id='word_1_121' title='bbox 1229 1444 1274 1515; x_wconf 87' lang='lat' dir='ltr'><strong>qui</strong></span> <span class='ocrx_word' id='word_1_122' title='bbox 1293 1444 1433 1497; x_wconf 85' lang='lat' dir='ltr'><strong>terminum</strong></span> <span class='ocrx_word' id='word_1_123' title='bbox 1455 1441 1524 1494; x_wconf 79' lang='lat' dir='ltr'><strong>errari</strong></span> <span class='ocrx_word' id='word_1_124' title='bbox 1549 1456 1658 1493; x_wconf 82' lang='lat' dir='ltr'><strong>ereetum</strong></span> <span class='ocrx_word' id='word_1_125' title='bbox 1679 1439 1838 1502; x_wconf 60' lang='lat' dir='ltr'><strong>certaturum</strong></span> <span class='ocrx_word' id='word_1_126' title='bbox 1869 1439 1942 1493; x_wconf 70' lang='lat' dir='ltr'><strong>dixit</strong></span> <span class='ocrx_word' id='word_1_127' title='bbox 1967 1440 2032 1493; x_wconf 76' lang='lat' dir='ltr'><strong>enirn</strong></span> 
     </span>
     <span class='ocr_line' id='line_1_10' title="bbox 385 1530 2033 1610; baseline -0.006 -14"><span class='ocrx_word' id='word_1_128' title='bbox 385 1543 450 1596; x_wconf 85' lang='lat' dir='ltr'><strong>uude</strong></span> <span class='ocrx_word' id='word_1_129' title='bbox 470 1552 494 1596; x_wconf 83' lang='lat' dir='ltr'><strong>et</strong></span> <span class='ocrx_word' id='word_1_130' title='bbox 513 1542 642 1595; x_wconf 84' lang='lat' dir='ltr'><strong>annuntia</strong></span> <span class='ocrx_word' id='word_1_131' title='bbox 663 1556 770 1610; x_wconf 86' lang='lat' dir='ltr'><strong>reguum</strong></span> <span class='ocrx_word' id='word_1_132' title='bbox 791 1538 920 1603; x_wconf 85' lang='lat' dir='ltr'><strong>Dei,non</strong></span> <span class='ocrx_word' id='word_1_133' title='bbox 945 1538 1004 1592; x_wconf 88' lang='lat' dir='ltr'><strong>sine</strong></span> <span class='ocrx_word' id='word_1_134' title='bbox 1031 1551 1113 1591; x_wconf 81' lang='lat' dir='ltr'><strong>caiisa</strong></span> <span class='ocrx_word' id='word_1_135' title='bbox 1129 1537 1182 1591; x_wconf 88' lang='lat' dir='ltr'><strong>hue</strong></span> <span class='ocrx_word' id='word_1_136' title='bbox 1231 1536 1279 1587; x_wconf 87' lang='lat' dir='ltr'><strong>ei:</strong></span> <span class='ocrx_word' id='word_1_137' title='bbox 1306 1532 1393 1603; x_wconf 83' lang='lat' dir='ltr'><strong>Usque</strong></span> <span class='ocrx_word' id='word_1_138' title='bbox 1416 1531 1575 1595; x_wconf 71' lang='lat' dir='ltr'><strong>luncuernet,</strong></span> <span class='ocrx_word' id='word_1_139' title='bbox 1591 1540 1614 1584; x_wconf 94' lang='lat' dir='ltr'><strong>et</strong></span> <span class='ocrx_word' id='word_1_140' title='bbox 1636 1546 1688 1583; x_wconf 86' lang='lat' dir='ltr'><strong>trun</strong></span> <span class='ocrx_word' id='word_1_141' title='bbox 1706 1530 2033 1600; x_wconf 54' lang='lat' dir='ltr'><strong>superparticularem</strong></span> 
     </span>
     <span class='ocr_line' id='line_1_11' title="bbox 386 1619 2031 1701; baseline -0.005 -16"><span class='ocrx_word' id='word_1_142' title='bbox 386 1632 488 1686; x_wconf 90' lang='lat' dir='ltr'><strong>iuloco</strong></span> <span class='ocrx_word' id='word_1_143' title='bbox 509 1632 626 1701; x_wconf 88' lang='lat' dir='ltr'><strong>positum</strong></span> <span class='ocrx_word' id='word_1_144' title='bbox 654 1638 704 1685; x_wconf 92' lang='lat' dir='ltr'><strong>est.</strong></span> <span class='ocrx_word' id='word_1_145' title='bbox 724 1630 876 1684; x_wconf 78' lang='lat' dir='ltr'><strong>Notandum</strong></span> <span class='ocrx_word' id='word_1_146' title='bbox 890 1643 954 1698; x_wconf 86' lang='lat' dir='ltr'><strong>ergo</strong></span> <span class='ocrx_word' id='word_1_147' title='bbox 969 1629 995 1682; x_wconf 90' lang='lat' dir='ltr'><strong>iu</strong></span> <span class='ocrx_word' id='word_1_148' title='bbox 1012 1629 1062 1682; x_wconf 85' lang='lat' dir='ltr'><strong>liae</strong></span> <span class='ocrx_word' id='word_1_149' title='bbox 1076 1636 1183 1682; x_wconf 87' lang='lat' dir='ltr'><strong>seuten—</strong></span> <span class='ocrx_word' id='word_1_150' title='bbox 1232 1625 1364 1694; x_wconf 85' lang='lat' dir='ltr'><strong>temetipse</strong></span> <span class='ocrx_word' id='word_1_151' title='bbox 1396 1623 1595 1693; x_wconf 71' lang='lat' dir='ltr'><strong>confringentur</strong></span> <span class='ocrx_word' id='word_1_152' title='bbox 1618 1624 1715 1691; x_wconf 72' lang='lat' dir='ltr'><strong>ductus</strong></span> <span class='ocrx_word' id='word_1_153' title='bbox 1742 1619 1781 1675; x_wconf 87' lang='lat' dir='ltr'><strong>tul</strong></span> <span class='ocrx_word' id='word_1_154' title='bbox 1815 1620 1886 1692; x_wconf 78' lang='lat' dir='ltr'><strong>(tot</strong></span> <span class='ocrx_word' id='word_1_155' title='bbox 1907 1622 2031 1693; x_wconf 80' lang='lat' dir='ltr'><strong>xxxrnrl.</strong></span> 
     </span>
     <span class='ocr_line' id='line_1_12' title="bbox 386 1713 2034 1790; baseline -0.002 -16"><span class='ocrx_word' id='word_1_156' title='bbox 386 1722 422 1775; x_wconf 89' lang='lat' dir='ltr'><strong>tiu</strong></span> <span class='ocrx_word' id='word_1_157' title='bbox 436 1722 498 1790; x_wconf 89' lang='lat' dir='ltr'><strong>quia</strong></span> <span class='ocrx_word' id='word_1_158' title='bbox 513 1713 660 1790; x_wconf 85' lang='lat' dir='ltr'><strong>aliquando</strong></span> <span class='ocrx_word' id='word_1_159' title='bbox 673 1720 700 1773; x_wconf 92' lang='lat' dir='ltr'><strong>in</strong></span> <span class='ocrx_word' id='word_1_160' title='bbox 713 1720 866 1774; x_wconf 87' lang='lat' dir='ltr'><strong>actionibus</strong></span> <span class='ocrx_word' id='word_1_161' title='bbox 876 1718 978 1773; x_wconf 90' lang='lat' dir='ltr'><strong>nostris</strong></span> <span class='ocrx_word' id='word_1_162' title='bbox 994 1718 1099 1772; x_wconf 84' lang='lat' dir='ltr'><strong>niiuora</strong></span> <span class='ocrx_word' id='word_1_163' title='bbox 1110 1718 1181 1771; x_wconf 88' lang='lat' dir='ltr'><strong>bona</strong></span> <span class='ocrx_word' id='word_1_164' title='bbox 1232 1717 1317 1786; x_wconf 79' lang='lat' dir='ltr'><strong>llnius</strong></span> <span class='ocrx_word' id='word_1_165' title='bbox 1330 1715 1527 1787; x_wconf 88' lang='lat' dir='ltr'><strong>ergejussione</strong></span> <span class='ocrx_word' id='word_1_166' title='bbox 1541 1723 1569 1770; x_wconf 92' lang='lat' dir='ltr'><strong>et</strong></span> <span class='ocrx_word' id='word_1_167' title='bbox 1583 1723 1719 1785; x_wconf 78' lang='lat' dir='ltr'><strong>praecepto</strong></span> <span class='ocrx_word' id='word_1_168' title='bbox 1732 1723 1793 1769; x_wconf 88' lang='lat' dir='ltr'><strong>orta</strong></span> <span class='ocrx_word' id='word_1_169' title='bbox 1818 1722 1862 1770; x_wconf 89' lang='lat' dir='ltr'><strong>est</strong></span> <span class='ocrx_word' id='word_1_170' title='bbox 1887 1721 2034 1785; x_wconf 83' lang='lat' dir='ltr'><strong>tempestas</strong></span> 
     </span>
     <span class='ocr_line' id='line_1_13' title="bbox 385 1808 2030 1883; baseline 0 -16"><span class='ocrx_word' id='word_1_171' title='bbox 385 1813 615 1883; x_wconf 87' lang='lat' dir='ltr'><strong>praetermittenda</strong></span> <span class='ocrx_word' id='word_1_172' title='bbox 640 1821 704 1866; x_wconf 90' lang='lat' dir='ltr'><strong>sunt</strong></span> <span class='ocrx_word' id='word_1_173' title='bbox 725 1827 775 1881; x_wconf 92' lang='lat' dir='ltr'><strong>pro</strong></span> <span class='ocrx_word' id='word_1_174' title='bbox 797 1811 915 1865; x_wconf 88' lang='lat' dir='ltr'><strong>utilitate</strong></span> <span class='ocrx_word' id='word_1_175' title='bbox 941 1810 1086 1880; x_wconf 86' lang='lat' dir='ltr'><strong>rnajorum.</strong></span> <span class='ocrx_word' id='word_1_176' title='bbox 1111 1808 1179 1863; x_wconf 84' lang='lat' dir='ltr'><strong>Nam</strong></span> <span class='ocrx_word' id='word_1_177' title='bbox 1233 1814 1259 1868; x_wconf 92' lang='lat' dir='ltr'><strong>in</strong></span> <span class='ocrx_word' id='word_1_178' title='bbox 1287 1813 1356 1866; x_wconf 79' lang='lat' dir='ltr'><strong>inari</strong></span> <span class='ocrx_word' id='word_1_179' title='bbox 1381 1820 1491 1881; x_wconf 91' lang='lat' dir='ltr'><strong>propter</strong></span> <span class='ocrx_word' id='word_1_180' title='bbox 1513 1810 1812 1880; x_wconf 76' lang='lat' dir='ltr'><strong>occasionessuperius</strong></span> <span class='ocrx_word' id='word_1_181' title='bbox 1836 1819 2030 1867; x_wconf 81' lang='lat' dir='ltr'><strong>monstratas:</strong></span> 
     </span>
     <span class='ocr_line' id='line_1_14' title="bbox 385 1902 2036 1977; baseline -0.009 -17"><span class='ocrx_word' id='word_1_182' title='bbox 385 1908 446 1975; x_wconf 89' lang='lat' dir='ltr'><strong>quis</strong></span> <span class='ocrx_word' id='word_1_183' title='bbox 476 1907 580 1976; x_wconf 79' lang='lat' dir='ltr'><strong>ignoret</strong></span> <span class='ocrx_word' id='word_1_184' title='bbox 605 1918 667 1959; x_wconf 89' lang='lat' dir='ltr'><strong>esse</strong></span> <span class='ocrx_word' id='word_1_185' title='bbox 691 1902 754 1958; x_wconf 88' lang='lat' dir='ltr'><strong>bani</strong></span> <span class='ocrx_word' id='word_1_186' title='bbox 781 1902 871 1972; x_wconf 88' lang='lat' dir='ltr'><strong>operis</strong></span> <span class='ocrx_word' id='word_1_187' title='bbox 898 1902 1024 1955; x_wconf 88' lang='lat' dir='ltr'><strong>meritmu</strong></span> <span class='ocrx_word' id='word_1_188' title='bbox 1045 1907 1181 1953; x_wconf 87' lang='lat' dir='ltr'><strong>mortuum</strong></span> <span class='ocrx_word' id='word_1_189' title='bbox 1233 1906 1304 1960; x_wconf 70' lang='lat' dir='ltr'><strong>sacta</strong></span> <span class='ocrx_word' id='word_1_190' title='bbox 1316 1915 1357 1960; x_wconf 71' lang='lat' dir='ltr'><strong>esi</strong></span> <span class='ocrx_word' id='word_1_191' title='bbox 1369 1912 1515 1974; x_wconf 57' lang='lat' dir='ltr'><strong>tempestas</strong></span> <span class='ocrx_word' id='word_1_192' title='bbox 1525 1920 1634 1975; x_wconf 70' lang='lat' dir='ltr'><strong>magna,</strong></span> <span class='ocrx_word' id='word_1_193' title='bbox 1645 1914 1732 1959; x_wconf 69' lang='lat' dir='ltr'><strong>ernon</strong></span> <span class='ocrx_word' id='word_1_194' title='bbox 1743 1904 1853 1976; x_wconf 67' lang='lat' dir='ltr'><strong>pusula,</strong></span> <span class='ocrx_word' id='word_1_195' title='bbox 1865 1913 1897 1959; x_wconf 75' lang='lat' dir='ltr'><strong>ug</strong></span> <span class='ocrx_word' id='word_1_196' title='bbox 1908 1920 2036 1977; x_wconf 56' lang='lat' dir='ltr'><strong>magnum</strong></span> 
     </span>
     <span class='ocr_line' id='line_1_15' title="bbox 386 1991 2037 2066; baseline 0 -14"><span class='ocrx_word' id='word_1_197' title='bbox 386 1997 514 2066; x_wconf 89' lang='lat' dir='ltr'><strong>sepelire,</strong></span> <span class='ocrx_word' id='word_1_198' title='bbox 530 2003 557 2051; x_wconf 89' lang='lat' dir='ltr'><strong>et</strong></span> <span class='ocrx_word' id='word_1_199' title='bbox 573 2002 663 2051; x_wconf 84' lang='lat' dir='ltr'><strong>tamen</strong></span> <span class='ocrx_word' id='word_1_200' title='bbox 682 1995 706 2049; x_wconf 91' lang='lat' dir='ltr'><strong>ei</strong></span> <span class='ocrx_word' id='word_1_201' title='bbox 720 1995 766 2063; x_wconf 86' lang='lat' dir='ltr'><strong>qui</strong></span> <span class='ocrx_word' id='word_1_202' title='bbox 781 1993 815 2047; x_wconf 87' lang='lat' dir='ltr'><strong>ad</strong></span> <span class='ocrx_word' id='word_1_203' title='bbox 828 1991 1009 2062; x_wconf 86' lang='lat' dir='ltr'><strong>sepeliendum</strong></span> <span class='ocrx_word' id='word_1_204' title='bbox 1025 2001 1129 2061; x_wconf 91' lang='lat' dir='ltr'><strong>patrem</strong></span> <span class='ocrx_word' id='word_1_205' title='bbox 1153 2006 1183 2046; x_wconf 89' lang='lat' dir='ltr'><strong>se</strong></span> <span class='ocrx_word' id='word_1_206' title='bbox 1233 2012 1310 2065; x_wconf 86' lang='lat' dir='ltr'><strong>opus,</strong></span> <span class='ocrx_word' id='word_1_207' title='bbox 1336 2005 1362 2051; x_wconf 91' lang='lat' dir='ltr'><strong>et</strong></span> <span class='ocrx_word' id='word_1_208' title='bbox 1378 2011 1431 2051; x_wconf 92' lang='lat' dir='ltr'><strong>non</strong></span> <span class='ocrx_word' id='word_1_209' title='bbox 1448 1996 1574 2065; x_wconf 89' lang='lat' dir='ltr'><strong>pusillum</strong></span> <span class='ocrx_word' id='word_1_210' title='bbox 1588 1997 1793 2060; x_wconf 89' lang='lat' dir='ltr'><strong>ostenderetur;</strong></span> <span class='ocrx_word' id='word_1_211' title='bbox 1816 2005 1978 2066; x_wconf 85' lang='lat' dir='ltr'><strong>quantoque</strong></span> <span class='ocrx_word' id='word_1_212' title='bbox 1992 2013 2037 2053; x_wconf 83' lang='grc' dir='ltr'>ιο-</span> 
     </span>
    </p>
   </div>
   <div class='ocr_carea' id='block_1_3' title="bbox 297 2082 2036 2158">
    <p class='ocr_par' dir='ltr' id='par_1_3' title="bbox 297 2082 2036 2158">
     <span class='ocr_line' id='line_1_16' title="bbox 297 2082 2036 2158; baseline 0.001 -19"><span class='ocrx_word' id='word_1_213' title='bbox 297 2086 305 2096; x_wconf 87' lang='grc'><strong><em>’</em></strong></span> <span class='ocrx_word' id='word_1_214' title='bbox 386 2086 485 2139; x_wconf 84' lang='grc' dir='ltr'>ιΙίιιιίιιί</span> <span class='ocrx_word' id='word_1_215' title='bbox 505 2092 676 2155; x_wconf 87' lang='lat' dir='ltr'><strong>poposcerat,</strong></span> <span class='ocrx_word' id='word_1_216' title='bbox 691 2084 793 2138; x_wconf 88' lang='lat' dir='ltr'><strong>dietum</strong></span> <span class='ocrx_word' id='word_1_217' title='bbox 804 2082 943 2148; x_wconf 87' lang='lat' dir='ltr'><strong>est,Siue</strong></span> <span class='ocrx_word' id='word_1_218' title='bbox 957 2092 984 2134; x_wconf 90' lang='lat' dir='ltr'><strong>ut</strong></span> <span class='ocrx_word' id='word_1_219' title='bbox 1000 2082 1096 2135; x_wconf 85' lang='lat' dir='ltr'><strong>urortui</strong></span> <span class='ocrx_word' id='word_1_220' title='bbox 1107 2098 1181 2151; x_wconf 84' lang='lat' dir='ltr'><strong>sepe·</strong></span> <span class='ocrx_word' id='word_1_221' title='bbox 1233 2084 1387 2139; x_wconf 78' lang='lat' dir='ltr'><strong>luculentius</strong></span> <span class='ocrx_word' id='word_1_222' title='bbox 1402 2084 1498 2141; x_wconf 92' lang='lat' dir='ltr'><strong>lluctus</strong></span> <span class='ocrx_word' id='word_1_223' title='bbox 1519 2085 1649 2142; x_wconf 81' lang='lat' dir='ltr'><strong>naviculae</strong></span> <span class='ocrx_word' id='word_1_224' title='bbox 1672 2086 1826 2151; x_wconf 86' lang='lat' dir='ltr'><strong>irruebant,</strong></span> <span class='ocrx_word' id='word_1_225' title='bbox 1848 2096 1930 2142; x_wconf 89' lang='lat' dir='ltr'><strong>tanto</strong></span> <span class='ocrx_word' id='word_1_226' title='bbox 1953 2087 2036 2158; x_wconf 82' lang='lat' dir='ltr'><strong>magis</strong></span> 
     </span>
    </p>
   </div>
   <div class='ocr_carea' id='block_1_4' title="bbox 321 2147 2036 6183">
    <p class='ocr_par' dir='ltr' id='par_1_4' title="bbox 386 2147 2036 3890">
     <span class='ocr_line' id='line_1_17' title="bbox 386 2147 2036 2250; baseline 0.003 -21"><span class='ocrx_word' id='word_1_227' title='bbox 386 2147 1316 2243; x_wconf 78' lang='lat' dir='ltr'><strong>liunturortaossuoa:tuuutentrade,eturraurrtiarepnumBtirrror</strong></span> <span class='ocrx_word' id='word_1_228' title='bbox 1342 2174 1534 2245; x_wconf 88' lang='lat' dir='ltr'><strong>discipulorum</strong></span> <span class='ocrx_word' id='word_1_229' title='bbox 1560 2176 1789 2239; x_wconf 86' lang='lat' dir='ltr'><strong>conturbabatur,</strong></span> <span class='ocrx_word' id='word_1_230' title='bbox 1827 2185 1858 2231; x_wconf 92' lang='lat' dir='ltr'><strong>ut</strong></span> <span class='ocrx_word' id='word_1_231' title='bbox 1886 2191 1922 2232; x_wconf 88' lang='lat' dir='ltr'><strong>eo</strong></span> <span class='ocrx_word' id='word_1_232' title='bbox 1953 2178 2036 2250; x_wconf 79' lang='lat' dir='ltr'><strong>megla</strong></span> 
     </span>
     <span class='ocr_line' id='line_1_18' title="bbox 387 2264 2033 2336; baseline 0.002 -16"><span class='ocrx_word' id='word_1_233' title='bbox 387 2267 447 2320; x_wconf 74' lang='lat' dir='ltr'><strong>lici.</strong></span> <span class='ocrx_word' id='word_1_234' title='bbox 476 2266 697 2336; x_wconf 82' lang='lat' dir='ltr'><strong>Postpouendum</strong></span> <span class='ocrx_word' id='word_1_235' title='bbox 715 2281 832 2335; x_wconf 89' lang='lat' dir='ltr'><strong>namque</strong></span> <span class='ocrx_word' id='word_1_236' title='bbox 846 2274 907 2322; x_wconf 89' lang='lat' dir='ltr'><strong>erat</strong></span> <span class='ocrx_word' id='word_1_237' title='bbox 923 2266 1082 2335; x_wconf 82' lang='lat' dir='ltr'><strong>obsequium</strong></span> <span class='ocrx_word' id='word_1_238' title='bbox 1103 2264 1183 2334; x_wconf 72' lang='lat' dir='ltr'><strong>liutius</strong></span> <span class='ocrx_word' id='word_1_239' title='bbox 1232 2266 1420 2322; x_wconf 79' lang='lat' dir='ltr'><strong>desiderarent</strong></span> <span class='ocrx_word' id='word_1_240' title='bbox 1433 2282 1461 2323; x_wconf 90' lang='lat' dir='ltr'><strong>se</strong></span> <span class='ocrx_word' id='word_1_241' title='bbox 1480 2269 1513 2321; x_wconf 91' lang='lat' dir='ltr'><strong>ad</strong></span> <span class='ocrx_word' id='word_1_242' title='bbox 1532 2266 1701 2323; x_wconf 88' lang='lat' dir='ltr'><strong>liberandum</strong></span> <span class='ocrx_word' id='word_1_243' title='bbox 1716 2269 1853 2323; x_wconf 87' lang='lat' dir='ltr'><strong>urirabilia</strong></span> <span class='ocrx_word' id='word_1_244' title='bbox 1869 2267 2033 2325; x_wconf 77' lang='lat' dir='ltr'><strong>salvatoris.</strong></span> 
     </span>
     <span class='ocr_line' id='line_1_19' title="bbox 387 2354 2033 2429; baseline 0 -17"><span class='ocrx_word' id='word_1_245' title='bbox 387 2357 532 2412; x_wconf 87' lang='lat' dir='ltr'><strong>ministerii</strong></span> <span class='ocrx_word' id='word_1_246' title='bbox 546 2354 634 2411; x_wconf 86' lang='lat' dir='ltr'><strong>officio</strong></span> <span class='ocrx_word' id='word_1_247' title='bbox 645 2356 857 2426; x_wconf 66' lang='lat' dir='ltr'><strong>predicationis,</strong></span> <span class='ocrx_word' id='word_1_248' title='bbox 870 2356 933 2425; x_wconf 87' lang='lat' dir='ltr'><strong>qula</strong></span> <span class='ocrx_word' id='word_1_249' title='bbox 945 2356 999 2419; x_wconf 91' lang='lat' dir='ltr'><strong>illo,</strong></span> <span class='ocrx_word' id='word_1_250' title='bbox 1013 2371 1095 2411; x_wconf 86' lang='lat' dir='ltr'><strong>earrre</strong></span> <span class='ocrx_word' id='word_1_251' title='bbox 1110 2372 1183 2412; x_wconf 89' lang='lat' dir='ltr'><strong>mor·</strong></span> <span class='ocrx_word' id='word_1_252' title='bbox 1269 2356 1330 2428; x_wconf 83' lang='lat' dir='ltr'><strong>lpse</strong></span> <span class='ocrx_word' id='word_1_253' title='bbox 1346 2373 1404 2411; x_wconf 84' lang='lat' dir='ltr'><strong>uero</strong></span> <span class='ocrx_word' id='word_1_254' title='bbox 1418 2356 1574 2412; x_wconf 72' lang='lat' dir='ltr'><strong>domuerat.</strong></span> <span class='ocrx_word' id='word_1_255' title='bbox 1593 2356 1615 2413; x_wconf 91' lang='lat'>0</span> <span class='ocrx_word' id='word_1_256' title='bbox 1632 2373 1675 2413; x_wconf 90' lang='lat' dir='ltr'><strong>res</strong></span> <span class='ocrx_word' id='word_1_257' title='bbox 1692 2359 1827 2414; x_wconf 87' lang='lat' dir='ltr'><strong>mirabilis</strong></span> <span class='ocrx_word' id='word_1_258' title='bbox 1841 2367 1870 2414; x_wconf 89' lang='lat' dir='ltr'><strong>ct</strong></span> <span class='ocrx_word' id='word_1_259' title='bbox 1886 2360 2033 2429; x_wconf 72' lang='lat' dir='ltr'><strong>surpuerat</strong></span> 
     </span>
     <span class='ocr_line' id='line_1_20' title="bbox 386 2446 2034 2519; baseline 0.002 -18"><span class='ocrx_word' id='word_1_260' title='bbox 386 2457 447 2501; x_wconf 90' lang='lat' dir='ltr'><strong>tuos</strong></span> <span class='ocrx_word' id='word_1_261' title='bbox 463 2448 489 2501; x_wconf 92' lang='lat' dir='ltr'><strong>in</strong></span> <span class='ocrx_word' id='word_1_262' title='bbox 505 2455 604 2501; x_wconf 90' lang='lat' dir='ltr'><strong>terram</strong></span> <span class='ocrx_word' id='word_1_263' title='bbox 616 2447 756 2511; x_wconf 89' lang='lat' dir='ltr'><strong>conderet,</strong></span> <span class='ocrx_word' id='word_1_264' title='bbox 773 2448 824 2502; x_wconf 92' lang='lat' dir='ltr'><strong>iste</strong></span> <span class='ocrx_word' id='word_1_265' title='bbox 845 2455 936 2500; x_wconf 88' lang='lat' dir='ltr'><strong>autern</strong></span> <span class='ocrx_word' id='word_1_266' title='bbox 950 2446 1040 2500; x_wconf 88' lang='lat' dir='ltr'><strong>anima</strong></span> <span class='ocrx_word' id='word_1_267' title='bbox 1062 2455 1184 2502; x_wconf 89' lang='lat' dir='ltr'><strong>mortuos</strong></span> <span class='ocrx_word' id='word_1_268' title='bbox 1234 2446 1318 2515; x_wconf 90' lang='lat' dir='ltr'><strong>isqui</strong></span> <span class='ocrx_word' id='word_1_269' title='bbox 1335 2462 1473 2516; x_wconf 84' lang='lat' dir='ltr'><strong>nunquam</strong></span> <span class='ocrx_word' id='word_1_270' title='bbox 1495 2447 1648 2511; x_wconf 78' lang='lat' dir='ltr'><strong>obdormit,</strong></span> <span class='ocrx_word' id='word_1_271' title='bbox 1666 2448 1787 2503; x_wconf 88' lang='lat' dir='ltr'><strong>dormit:</strong></span> <span class='ocrx_word' id='word_1_272' title='bbox 1806 2464 1873 2519; x_wconf 87' lang='lat' dir='ltr'><strong>ergo</strong></span> <span class='ocrx_word' id='word_1_273' title='bbox 1886 2449 2034 2505; x_wconf 80' lang='lat' dir='ltr'><strong>dormiebat</strong></span> 
     </span>
     <span class='ocr_line' id='line_1_21' title="bbox 386 2523 2033 2611; baseline 0.002 -19"><span class='ocrx_word' id='word_1_274' title='bbox 386 2523 421 2593; x_wconf 83' lang='lat' dir='ltr'><strong>ad</strong></span> <span class='ocrx_word' id='word_1_275' title='bbox 446 2539 528 2592; x_wconf 89' lang='lat' dir='ltr'><strong>ritam</strong></span> <span class='ocrx_word' id='word_1_276' title='bbox 569 2538 753 2593; x_wconf 88' lang='lat' dir='ltr'><strong>resuscitaret.</strong></span> <span class='ocrx_word' id='word_1_277' title='bbox 790 2538 936 2609; x_wconf 71' lang='lat' dir='ltr'><strong>(liturus.)</strong></span> <span class='ocrx_word' id='word_1_278' title='bbox 968 2536 1107 2604; x_wconf 81' lang='lat' dir='ltr'><strong>Quomodo</strong></span> <span class='ocrx_word' id='word_1_279' title='bbox 1133 2553 1183 2592; x_wconf 92' lang='lat' dir='ltr'><strong>au·</strong></span> <span class='ocrx_word' id='word_1_280' title='bbox 1234 2552 1363 2606; x_wconf 90' lang='lat' dir='ltr'><strong>corpore,</strong></span> <span class='ocrx_word' id='word_1_281' title='bbox 1386 2536 1434 2592; x_wconf 90' lang='lat' dir='ltr'><strong>sed</strong></span> <span class='ocrx_word' id='word_1_282' title='bbox 1446 2537 1577 2608; x_wconf 74' lang='lat' dir='ltr'><strong>vigilabat</strong></span> <span class='ocrx_word' id='word_1_283' title='bbox 1590 2537 1701 2594; x_wconf 89' lang='lat' dir='ltr'><strong>deitate.</strong></span> <span class='ocrx_word' id='word_1_284' title='bbox 1716 2539 1877 2595; x_wconf 84' lang='lat' dir='ltr'><strong>Dormiebat</strong></span> <span class='ocrx_word' id='word_1_285' title='bbox 1899 2541 1992 2611; x_wconf 85' lang='lat' dir='ltr'><strong>itaque</strong></span> <span class='ocrx_word' id='word_1_286' title='bbox 2007 2552 2033 2596; x_wconf 81' lang='lat' dir='ltr'><strong>ut</strong></span> 
     </span>
     <span class='ocr_line' id='line_1_22' title="bbox 388 2626 2032 2703; baseline 0.003 -21"><span class='ocrx_word' id='word_1_287' title='bbox 388 2636 442 2682; x_wconf 90' lang='lat' dir='ltr'><strong>tern</strong></span> <span class='ocrx_word' id='word_1_288' title='bbox 466 2628 566 2682; x_wconf 86' lang='lat' dir='ltr'><strong>mortui</strong></span> <span class='ocrx_word' id='word_1_289' title='bbox 594 2636 717 2682; x_wconf 91' lang='lat' dir='ltr'><strong>mortuos</strong></span> <span class='ocrx_word' id='word_1_290' title='bbox 743 2627 858 2697; x_wconf 89' lang='lat' dir='ltr'><strong>sepelire</strong></span> <span class='ocrx_word' id='word_1_291' title='bbox 879 2635 999 2697; x_wconf 71' lang='lat' dir='ltr'><strong>diruunt,</strong></span> <span class='ocrx_word' id='word_1_292' title='bbox 1023 2627 1074 2682; x_wconf 90' lang='lat' dir='ltr'><strong>nisi</strong></span> <span class='ocrx_word' id='word_1_293' title='bbox 1099 2628 1184 2699; x_wconf 83' lang='lat' dir='ltr'><strong>gumi·</strong></span> <span class='ocrx_word' id='word_1_294' title='bbox 1235 2626 1374 2697; x_wconf 88' lang='lat' dir='ltr'><strong>apostolos</strong></span> <span class='ocrx_word' id='word_1_295' title='bbox 1388 2627 1533 2683; x_wconf 87' lang='lat' dir='ltr'><strong>suscitaret</strong></span> <span class='ocrx_word' id='word_1_296' title='bbox 1554 2638 1582 2684; x_wconf 93' lang='lat' dir='ltr'><strong>et</strong></span> <span class='ocrx_word' id='word_1_297' title='bbox 1605 2628 1734 2700; x_wconf 86' lang='lat' dir='ltr'><strong>erigiture</strong></span> <span class='ocrx_word' id='word_1_298' title='bbox 1756 2629 1877 2696; x_wconf 87' lang='lat' dir='ltr'><strong>luceret,</strong></span> <span class='ocrx_word' id='word_1_299' title='bbox 1903 2633 2032 2703; x_wconf 65' lang='lat' dir='ltr'><strong>precipue</strong></span> 
     </span>
     <span class='ocr_line' id='line_1_23' title="bbox 388 2718 2032 2790; baseline 0 -15"><span class='ocrx_word' id='word_1_300' title='bbox 388 2736 450 2775; x_wconf 83' lang='lat' dir='ltr'><strong>nura</strong></span> <span class='ocrx_word' id='word_1_301' title='bbox 462 2719 596 2790; x_wconf 85' lang='lat' dir='ltr'><strong>intelligas</strong></span> <span class='ocrx_word' id='word_1_302' title='bbox 607 2729 732 2784; x_wconf 85' lang='lat' dir='ltr'><strong>mortem,</strong></span> <span class='ocrx_word' id='word_1_303' title='bbox 743 2735 825 2773; x_wconf 81' lang='lat' dir='ltr'><strong>urnam</strong></span> <span class='ocrx_word' id='word_1_304' title='bbox 834 2729 947 2787; x_wconf 73' lang='lat' dir='ltr'><strong>naturae,</strong></span> <span class='ocrx_word' id='word_1_305' title='bbox 958 2719 1071 2774; x_wconf 89' lang='lat' dir='ltr'><strong>alterum</strong></span> <span class='ocrx_word' id='word_1_306' title='bbox 1080 2718 1184 2788; x_wconf 79' lang='lat' dir='ltr'><strong>culpae?</strong></span> <span class='ocrx_word' id='word_1_307' title='bbox 1235 2725 1325 2773; x_wconf 89' lang='lat' dir='ltr'><strong>autern</strong></span> <span class='ocrx_word' id='word_1_308' title='bbox 1347 2733 1442 2773; x_wconf 90' lang='lat' dir='ltr'><strong>omnes</strong></span> <span class='ocrx_word' id='word_1_309' title='bbox 1466 2733 1531 2783; x_wconf 88' lang='lat' dir='ltr'><strong>nos,</strong></span> <span class='ocrx_word' id='word_1_310' title='bbox 1555 2734 1589 2775; x_wconf 91' lang='lat' dir='ltr'><strong>ne</strong></span> <span class='ocrx_word' id='word_1_311' title='bbox 1603 2735 1722 2789; x_wconf 86' lang='lat' dir='ltr'><strong>unquam</strong></span> <span class='ocrx_word' id='word_1_312' title='bbox 1741 2721 1834 2775; x_wconf 85' lang='lat' dir='ltr'><strong>animo</strong></span> <span class='ocrx_word' id='word_1_313' title='bbox 1848 2722 2032 2787; x_wconf 78' lang='lat' dir='ltr'><strong>decutiamus,</strong></span> 
     </span>
     <span class='ocr_line' id='line_1_24' title="bbox 388 2805 2034 2882; baseline 0.005 -21"><span class='ocrx_word' id='word_1_314' title='bbox 388 2823 482 2872; x_wconf 84' lang='lat' dir='ltr'><strong>ruriam,</strong></span> <span class='ocrx_word' id='word_1_315' title='bbox 498 2824 550 2877; x_wconf 88' lang='lat' dir='ltr'><strong>qua</strong></span> <span class='ocrx_word' id='word_1_316' title='bbox 564 2809 654 2862; x_wconf 89' lang='lat' dir='ltr'><strong>anima</strong></span> <span class='ocrx_word' id='word_1_317' title='bbox 668 2824 683 2861; x_wconf 88' lang='lat' dir='ltr'><strong>u</strong></span> <span class='ocrx_word' id='word_1_318' title='bbox 699 2823 793 2874; x_wconf 91' lang='lat' dir='ltr'><strong>carne,</strong></span> <span class='ocrx_word' id='word_1_319' title='bbox 808 2808 937 2874; x_wconf 88' lang='lat' dir='ltr'><strong>alteram,</strong></span> <span class='ocrx_word' id='word_1_320' title='bbox 952 2824 1005 2878; x_wconf 91' lang='lat' dir='ltr'><strong>qua</strong></span> <span class='ocrx_word' id='word_1_321' title='bbox 1021 2805 1092 2865; x_wconf 84' lang='lat' dir='ltr'><strong>Deu&#39;s&#39;</strong></span> <span class='ocrx_word' id='word_1_322' title='bbox 1104 2824 1184 2879; x_wconf 83' lang='lat' dir='ltr'><strong>sepa·</strong></span> <span class='ocrx_word' id='word_1_323' title='bbox 1235 2825 1303 2865; x_wconf 88' lang='lat' dir='ltr'><strong>nere</strong></span> <span class='ocrx_word' id='word_1_324' title='bbox 1319 2809 1458 2864; x_wconf 89' lang='lat' dir='ltr'><strong>intellectu</strong></span> <span class='ocrx_word' id='word_1_325' title='bbox 1471 2818 1517 2864; x_wconf 91' lang='lat' dir='ltr'><strong>aut</strong></span> <span class='ocrx_word' id='word_1_326' title='bbox 1529 2811 1688 2882; x_wconf 84' lang='lat' dir='ltr'><strong>prudentia,</strong></span> <span class='ocrx_word' id='word_1_327' title='bbox 1716 2812 1764 2867; x_wconf 88' lang='lat' dir='ltr'><strong>sed</strong></span> <span class='ocrx_word' id='word_1_328' title='bbox 1778 2812 1897 2882; x_wconf 79' lang='lat' dir='ltr'><strong>uigilare</strong></span> <span class='ocrx_word' id='word_1_329' title='bbox 1922 2813 1950 2867; x_wconf 93' lang='lat' dir='ltr'><strong>iu</strong></span> <span class='ocrx_word' id='word_1_330' title='bbox 1964 2813 2034 2870; x_wconf 80' lang='lat' dir='ltr'><strong>orani</strong></span> 
     </span>
     <span class='ocr_line' id='line_1_25' title="bbox 390 2896 2034 2973; baseline 0.005 -22"><span class='ocrx_word' id='word_1_331' title='bbox 390 2907 466 2952; x_wconf 90' lang='lat' dir='ltr'><strong>ratur</strong></span> <span class='ocrx_word' id='word_1_332' title='bbox 481 2900 515 2953; x_wconf 89' lang='lat' dir='ltr'><strong>ab</strong></span> <span class='ocrx_word' id='word_1_333' title='bbox 531 2897 638 2953; x_wconf 84' lang='lat' dir='ltr'><strong>anima?</strong></span> <span class='ocrx_word' id='word_1_334' title='bbox 652 2896 716 2953; x_wconf 86' lang='lat' dir='ltr'><strong>Sire</strong></span> <span class='ocrx_word' id='word_1_335' title='bbox 729 2907 861 2965; x_wconf 90' lang='lat' dir='ltr'><strong>mortuos,</strong></span> <span class='ocrx_word' id='word_1_336' title='bbox 882 2915 935 2955; x_wconf 91' lang='lat' dir='ltr'><strong>non</strong></span> <span class='ocrx_word' id='word_1_337' title='bbox 958 2900 1118 2967; x_wconf 88' lang='lat' dir='ltr'><strong>credentes,</strong></span> <span class='ocrx_word' id='word_1_338' title='bbox 1142 2899 1185 2956; x_wconf 89' lang='lat' dir='ltr'><strong>rel</strong></span> <span class='ocrx_word' id='word_1_339' title='bbox 1236 2908 1366 2969; x_wconf 88' lang='lat' dir='ltr'><strong>ternpore,</strong></span> <span class='ocrx_word' id='word_1_340' title='bbox 1381 2906 1409 2954; x_wconf 91' lang='lat' dir='ltr'><strong>et</strong></span> <span class='ocrx_word' id='word_1_341' title='bbox 1416 2898 1534 2966; x_wconf 81' lang='lat' dir='ltr'><strong>jubilare</strong></span> <span class='ocrx_word' id='word_1_342' title='bbox 1548 2900 1679 2966; x_wconf 83' lang='lat' dir='ltr'><strong>Domino,</strong></span> <span class='ocrx_word' id='word_1_343' title='bbox 1692 2910 1721 2955; x_wconf 89' lang='lat' dir='ltr'><strong>et</strong></span> <span class='ocrx_word' id='word_1_344' title='bbox 1736 2900 1854 2955; x_wconf 87' lang='lat' dir='ltr'><strong>salutem</strong></span> <span class='ocrx_word' id='word_1_345' title='bbox 1877 2904 1915 2957; x_wconf 86' lang='lat' dir='ltr'><strong>ab</strong></span> <span class='ocrx_word' id='word_1_346' title='bbox 1935 2917 1969 2959; x_wconf 84' lang='lat' dir='ltr'><strong>eo</strong></span> <span class='ocrx_word' id='word_1_347' title='bbox 1989 2917 2034 2973; x_wconf 88' lang='lat' dir='ltr'><strong>po-</strong></span> 
     </span>
     <span class='ocr_line' id='line_1_26' title="bbox 390 2989 2034 3067; baseline 0.004 -23"><span class='ocrx_word' id='word_1_348' title='bbox 390 2997 450 3059; x_wconf 90' lang='lat' dir='ltr'><strong>post</strong></span> <span class='ocrx_word' id='word_1_349' title='bbox 468 2989 548 3045; x_wconf 84' lang='lat' dir='ltr'><strong>ludern</strong></span> <span class='ocrx_word' id='word_1_350' title='bbox 563 2989 713 3044; x_wconf 72' lang='lat' dir='ltr'><strong>servientes</strong></span> <span class='ocrx_word' id='word_1_351' title='bbox 728 2991 856 3059; x_wconf 86' lang='lat' dir='ltr'><strong>peccatis,</strong></span> <span class='ocrx_word' id='word_1_352' title='bbox 873 2990 950 3056; x_wconf 92' lang='lat' dir='ltr'><strong>dicit,</strong></span> <span class='ocrx_word' id='word_1_353' title='bbox 976 3002 1098 3047; x_wconf 89' lang='lat' dir='ltr'><strong>mortuos</strong></span> <span class='ocrx_word' id='word_1_354' title='bbox 1120 3008 1186 3048; x_wconf 90' lang='lat' dir='ltr'><strong>suos</strong></span> <span class='ocrx_word' id='word_1_355' title='bbox 1236 2993 1336 3048; x_wconf 88' lang='lat' dir='ltr'><strong>stulare</strong></span> <span class='ocrx_word' id='word_1_356' title='bbox 1358 2994 1524 3049; x_wconf 79' lang='lat' dir='ltr'><strong>studeamus.</strong></span> <span class='ocrx_word' id='word_1_357' title='bbox 1543 2992 1650 3065; x_wconf 84' lang='lat' dir='ltr'><strong>(Beda.)</strong></span> <span class='ocrx_word' id='word_1_358' title='bbox 1664 2993 1776 3065; x_wconf 87' lang='lat' dir='ltr'><strong>llystice</strong></span> <span class='ocrx_word' id='word_1_359' title='bbox 1791 3005 1886 3051; x_wconf 89' lang='lat' dir='ltr'><strong>autem</strong></span> <span class='ocrx_word' id='word_1_360' title='bbox 1899 2996 2034 3067; x_wconf 83' lang='lat' dir='ltr'><strong>discipulis</strong></span> 
     </span>
     <span class='ocr_line' id='line_1_27' title="bbox 388 3079 2036 3155; baseline 0.005 -22"><span class='ocrx_word' id='word_1_361' title='bbox 388 3088 495 3142; x_wconf 83' lang='lat' dir='ltr'><strong>autem,</strong></span> <span class='ocrx_word' id='word_1_362' title='bbox 524 3079 570 3149; x_wconf 89' lang='lat' dir='ltr'><strong>qul</strong></span> <span class='ocrx_word' id='word_1_363' title='bbox 597 3079 771 3134; x_wconf 89' lang='lat' dir='ltr'><strong>nibilominus</strong></span> <span class='ocrx_word' id='word_1_364' title='bbox 782 3081 841 3134; x_wconf 90' lang='lat' dir='ltr'><strong>sine</strong></span> <span class='ocrx_word' id='word_1_365' title='bbox 860 3079 911 3134; x_wconf 85' lang='lat' dir='ltr'><strong>fide</strong></span> <span class='ocrx_word' id='word_1_366' title='bbox 924 3090 953 3136; x_wconf 93' lang='lat' dir='ltr'><strong>et</strong></span> <span class='ocrx_word' id='word_1_367' title='bbox 965 3082 1044 3136; x_wconf 90' lang='lat' dir='ltr'><strong>bonis</strong></span> <span class='ocrx_word' id='word_1_368' title='bbox 1057 3082 1186 3151; x_wconf 88' lang='lat' dir='ltr'><strong>operibus</strong></span> <span class='ocrx_word' id='word_1_369' title='bbox 1238 3083 1431 3153; x_wconf 85' lang='lat' dir='ltr'><strong>nauigantibus</strong></span> <span class='ocrx_word' id='word_1_370' title='bbox 1444 3082 1569 3139; x_wconf 86' lang='lat' dir='ltr'><strong>Christus</strong></span> <span class='ocrx_word' id='word_1_371' title='bbox 1592 3084 1765 3150; x_wconf 87' lang='lat' dir='ltr'><strong>obdormirit,</strong></span> <span class='ocrx_word' id='word_1_372' title='bbox 1780 3085 1847 3155; x_wconf 87' lang='lat' dir='ltr'><strong>quia</strong></span> <span class='ocrx_word' id='word_1_373' title='bbox 1870 3086 2036 3142; x_wconf 74' lang='lat' dir='ltr'><strong>calcantibus</strong></span> 
     </span>
     <span class='ocr_line' id='line_1_28' title="bbox 389 3171 2034 3248; baseline 0.005 -22"><span class='ocrx_word' id='word_1_374' title='bbox 389 3171 423 3227; x_wconf 89' lang='lat' dir='ltr'><strong>de</strong></span> <span class='ocrx_word' id='word_1_375' title='bbox 435 3185 549 3241; x_wconf 89' lang='lat' dir='ltr'><strong>corpore</strong></span> <span class='ocrx_word' id='word_1_376' title='bbox 561 3171 706 3225; x_wconf 81' lang='lat' dir='ltr'><strong>exierunt:</strong></span> <span class='ocrx_word' id='word_1_377' title='bbox 722 3178 828 3241; x_wconf 86' lang='lat' dir='ltr'><strong>oportet</strong></span> <span class='ocrx_word' id='word_1_378' title='bbox 842 3172 914 3226; x_wconf 82' lang='lat' dir='ltr'><strong>eninr</strong></span> <span class='ocrx_word' id='word_1_379' title='bbox 928 3181 957 3226; x_wconf 90' lang='lat' dir='ltr'><strong>ut</strong></span> <span class='ocrx_word' id='word_1_380' title='bbox 967 3172 1012 3243; x_wconf 91' lang='lat' dir='ltr'><strong>qui</strong></span> <span class='ocrx_word' id='word_1_381' title='bbox 1026 3173 1082 3229; x_wconf 91' lang='lat' dir='ltr'><strong>suis</strong></span> <span class='ocrx_word' id='word_1_382' title='bbox 1092 3180 1187 3229; x_wconf 91' lang='lat' dir='ltr'><strong>carent</strong></span> <span class='ocrx_word' id='word_1_383' title='bbox 1237 3174 1365 3231; x_wconf 76' lang='lat' dir='ltr'><strong>seculum</strong></span> <span class='ocrx_word' id='word_1_384' title='bbox 1392 3176 1516 3232; x_wconf 81' lang='lat' dir='ltr'><strong>fidelibus</strong></span> <span class='ocrx_word' id='word_1_385' title='bbox 1542 3174 1679 3247; x_wconf 75' lang='lat' dir='ltr'><strong>futurique</strong></span> <span class='ocrx_word' id='word_1_386' title='bbox 1702 3178 1778 3248; x_wconf 89' lang='lat' dir='ltr'><strong>regui</strong></span> <span class='ocrx_word' id='word_1_387' title='bbox 1797 3178 1924 3247; x_wconf 90' lang='lat' dir='ltr'><strong>quietern</strong></span> <span class='ocrx_word' id='word_1_388' title='bbox 1948 3179 2034 3235; x_wconf 82' lang='lat' dir='ltr'><strong>anima</strong></span> 
     </span>
     <span class='ocr_line' id='line_1_29' title="bbox 387 3264 2033 3338; baseline 0.001 -16"><span class='ocrx_word' id='word_1_389' title='bbox 387 3267 508 3336; x_wconf 89' lang='lat' dir='ltr'><strong>peccatis</strong></span> <span class='ocrx_word' id='word_1_390' title='bbox 537 3280 591 3319; x_wconf 92' lang='lat' dir='ltr'><strong>non</strong></span> <span class='ocrx_word' id='word_1_391' title='bbox 607 3265 779 3320; x_wconf 89' lang='lat' dir='ltr'><strong>consentiant</strong></span> <span class='ocrx_word' id='word_1_392' title='bbox 794 3265 889 3320; x_wconf 86' lang='lat' dir='ltr'><strong>alienis</strong></span> <span class='ocrx_word' id='word_1_393' title='bbox 907 3284 913 3319; x_wconf 94' lang='lat'>:</span> <span class='ocrx_word' id='word_1_394' title='bbox 933 3266 996 3335; x_wconf 90' lang='lat' dir='ltr'><strong>quia</strong></span> <span class='ocrx_word' id='word_1_395' title='bbox 1021 3282 1074 3321; x_wconf 91' lang='lat' dir='ltr'><strong>non</strong></span> <span class='ocrx_word' id='word_1_396' title='bbox 1098 3266 1186 3322; x_wconf 87' lang='lat' dir='ltr'><strong>solum</strong></span> <span class='ocrx_word' id='word_1_397' title='bbox 1236 3265 1440 3331; x_wconf 88' lang='lat' dir='ltr'><strong>meditantibus,</strong></span> <span class='ocrx_word' id='word_1_398' title='bbox 1463 3275 1500 3332; x_wconf 93' lang='lat' dir='ltr'><strong>et,</strong></span> <span class='ocrx_word' id='word_1_399' title='bbox 1524 3264 1565 3322; x_wconf 86' lang='lat' dir='ltr'><strong>rel</strong></span> <span class='ocrx_word' id='word_1_400' title='bbox 1582 3268 1701 3321; x_wconf 90' lang='lat' dir='ltr'><strong>seeundo</strong></span> <span class='ocrx_word' id='word_1_401' title='bbox 1715 3268 1805 3322; x_wconf 88' lang='lat' dir='ltr'><strong>saneti</strong></span> <span class='ocrx_word' id='word_1_402' title='bbox 1817 3266 1940 3338; x_wconf 82' lang='lat' dir='ltr'><strong>Spiritus</strong></span> <span class='ocrx_word' id='word_1_403' title='bbox 1958 3268 2033 3335; x_wconf 81' lang='lat' dir='ltr'><strong>datu,</strong></span> 
     </span>
     <span class='ocr_line' id='line_1_30' title="bbox 389 3353 2032 3428; baseline 0.004 -19"><span class='ocrx_word' id='word_1_404' title='bbox 389 3356 435 3426; x_wconf 93' lang='lat' dir='ltr'><strong>qui</strong></span> <span class='ocrx_word' id='word_1_405' title='bbox 447 3363 558 3426; x_wconf 87' lang='lat' dir='ltr'><strong>peccata</strong></span> <span class='ocrx_word' id='word_1_406' title='bbox 578 3353 692 3421; x_wconf 87' lang='lat' dir='ltr'><strong>lucium,</strong></span> <span class='ocrx_word' id='word_1_407' title='bbox 716 3353 762 3410; x_wconf 90' lang='lat' dir='ltr'><strong>sed</strong></span> <span class='ocrx_word' id='word_1_408' title='bbox 775 3355 859 3425; x_wconf 86' lang='lat' dir='ltr'><strong>etqui</strong></span> <span class='ocrx_word' id='word_1_409' title='bbox 872 3356 1046 3410; x_wconf 87' lang='lat' dir='ltr'><strong>consentiunt</strong></span> <span class='ocrx_word' id='word_1_410' title='bbox 1061 3357 1186 3413; x_wconf 80' lang='lat' dir='ltr'><strong>facienti·</strong></span> <span class='ocrx_word' id='word_1_411' title='bbox 1237 3356 1279 3410; x_wconf 87' lang='lat' dir='ltr'><strong>rel</strong></span> <span class='ocrx_word' id='word_1_412' title='bbox 1290 3357 1392 3427; x_wconf 84' lang='lat' dir='ltr'><strong>proprii</strong></span> <span class='ocrx_word' id='word_1_413' title='bbox 1408 3357 1521 3428; x_wconf 83' lang='lat' dir='ltr'><strong>remigio</strong></span> <span class='ocrx_word' id='word_1_414' title='bbox 1534 3367 1643 3421; x_wconf 87' lang='lat' dir='ltr'><strong>conatu,</strong></span> <span class='ocrx_word' id='word_1_415' title='bbox 1659 3356 1755 3413; x_wconf 86' lang='lat' dir='ltr'><strong>iulidos</strong></span> <span class='ocrx_word' id='word_1_416' title='bbox 1770 3360 1866 3414; x_wconf 90' lang='lat' dir='ltr'><strong>muudi</strong></span> <span class='ocrx_word' id='word_1_417' title='bbox 1880 3358 2032 3416; x_wconf 83' lang='lat' dir='ltr'><strong>lastuseer·</strong></span> 
     </span>
     <span class='ocr_line' id='line_1_31' title="bbox 390 3448 2032 3522; baseline 0.003 -19"><span class='ocrx_word' id='word_1_418' title='bbox 390 3451 455 3514; x_wconf 87' lang='lat' dir='ltr'><strong>bus,</strong></span> <span class='ocrx_word' id='word_1_419' title='bbox 482 3459 587 3503; x_wconf 87' lang='lat' dir='ltr'><strong>reatum</strong></span> <span class='ocrx_word' id='word_1_420' title='bbox 614 3466 705 3505; x_wconf 89' lang='lat' dir='ltr'><strong>coram</strong></span> <span class='ocrx_word' id='word_1_421' title='bbox 731 3450 804 3519; x_wconf 87' lang='lat' dir='ltr'><strong>justo</strong></span> <span class='ocrx_word' id='word_1_422' title='bbox 820 3448 912 3518; x_wconf 83' lang='lat' dir='ltr'><strong>judice</strong></span> <span class='ocrx_word' id='word_1_423' title='bbox 928 3450 1028 3505; x_wconf 90' lang='lat' dir='ltr'><strong>habeut</strong></span> <span class='ocrx_word' id='word_1_424' title='bbox 1050 3448 1184 3522; x_wconf 76' lang='lat' dir='ltr'><strong>(lierni).</strong></span> <span class='ocrx_word' id='word_1_425' title='bbox 1238 3449 1315 3503; x_wconf 87' lang='lat' dir='ltr'><strong>tatim</strong></span> <span class='ocrx_word' id='word_1_426' title='bbox 1327 3457 1388 3518; x_wconf 91' lang='lat' dir='ltr'><strong>post</strong></span> <span class='ocrx_word' id='word_1_427' title='bbox 1399 3457 1474 3520; x_wconf 88' lang='lat' dir='ltr'><strong>terga</strong></span> <span class='ocrx_word' id='word_1_428' title='bbox 1483 3448 1660 3517; x_wconf 85' lang='lat' dir='ltr'><strong>jactantibus,</strong></span> <span class='ocrx_word' id='word_1_429' title='bbox 1670 3458 1777 3520; x_wconf 88' lang='lat' dir='ltr'><strong>ternpus</strong></span> <span class='ocrx_word' id='word_1_430' title='bbox 1787 3451 1882 3506; x_wconf 85' lang='lat' dir='ltr'><strong>subito</strong></span> <span class='ocrx_word' id='word_1_431' title='bbox 1894 3452 2032 3508; x_wconf 77' lang='lat' dir='ltr'><strong>Domiuieae</strong></span> 
     </span>
     <span class='ocr_line' id='line_1_32' title="bbox 391 3500 2027 3614; baseline 0.004 -19"><span class='ocrx_word' id='word_1_432' title='bbox 391 3542 511 3596; x_wconf 88' lang='lat' dir='ltr'><strong>blortuos</strong></span> <span class='ocrx_word' id='word_1_433' title='bbox 524 3543 596 3597; x_wconf 91' lang='lat' dir='ltr'><strong>enlm</strong></span> <span class='ocrx_word' id='word_1_434' title='bbox 617 3542 749 3613; x_wconf 87' lang='lat' dir='ltr'><strong>sepelire,</strong></span> <span class='ocrx_word' id='word_1_435' title='bbox 771 3550 928 3612; x_wconf 84' lang='lat' dir='ltr'><strong>peccatores</strong></span> <span class='ocrx_word' id='word_1_436' title='bbox 942 3543 970 3596; x_wconf 90' lang='lat' dir='ltr'><strong>in</strong></span> <span class='ocrx_word' id='word_1_437' title='bbox 994 3541 1051 3598; x_wconf 87' lang='lat' dir='ltr'><strong>suis</strong></span> <span class='ocrx_word' id='word_1_438' title='bbox 1066 3500 1222 3614; x_wconf 80' lang='lat' dir='ltr'><strong>peccatisC</strong></span> <span class='ocrx_word' id='word_1_439' title='bbox 1238 3541 1372 3610; x_wconf 89' lang='lat' dir='ltr'><strong>passionis</strong></span> <span class='ocrx_word' id='word_1_440' title='bbox 1387 3541 1514 3596; x_wconf 83' lang='lat' dir='ltr'><strong>advenit:</strong></span> <span class='ocrx_word' id='word_1_441' title='bbox 1528 3543 1599 3598; x_wconf 90' lang='lat' dir='ltr'><strong>unde</strong></span> <span class='ocrx_word' id='word_1_442' title='bbox 1609 3543 1677 3598; x_wconf 90' lang='lat' dir='ltr'><strong>bene</strong></span> <span class='ocrx_word' id='word_1_443' title='bbox 1688 3542 1797 3599; x_wconf 88' lang='lat' dir='ltr'><strong>llurcus</strong></span> <span class='ocrx_word' id='word_1_444' title='bbox 1809 3544 1860 3599; x_wconf 90' lang='lat' dir='ltr'><strong>boc</strong></span> <span class='ocrx_word' id='word_1_445' title='bbox 1874 3545 2027 3601; x_wconf 78' lang='lat' dir='ltr'><strong>imminente</strong></span> 
     </span>
     <span class='ocr_line' id='line_1_33' title="bbox 390 3632 2026 3707; baseline 0.005 -19"><span class='ocrx_word' id='word_1_446' title='bbox 390 3633 483 3691; x_wconf 81' lang='lat' dir='ltr'><strong>locere</strong></span> <span class='ocrx_word' id='word_1_447' title='bbox 495 3643 546 3699; x_wconf 86' lang='lat' dir='ltr'><strong>est,</strong></span> <span class='ocrx_word' id='word_1_448' title='bbox 560 3635 633 3705; x_wconf 92' lang='lat' dir='ltr'><strong>quod</strong></span> <span class='ocrx_word' id='word_1_449' title='bbox 645 3635 683 3689; x_wconf 91' lang='lat' dir='ltr'><strong>illi</strong></span> <span class='ocrx_word' id='word_1_450' title='bbox 695 3632 798 3690; x_wconf 77' lang='lat' dir='ltr'><strong>iaciunt</strong></span> <span class='ocrx_word' id='word_1_451' title='bbox 808 3635 1010 3707; x_wconf 74' lang='lat' dir='ltr'><strong>quijuurilicuut</strong></span> <span class='ocrx_word' id='word_1_452' title='bbox 1019 3636 1127 3705; x_wconf 85' lang='lat' dir='ltr'><strong>impium</strong></span> <span class='ocrx_word' id='word_1_453' title='bbox 1139 3652 1186 3705; x_wconf 89' lang='lat' dir='ltr'><strong>pru</strong></span> <span class='ocrx_word' id='word_1_454' title='bbox 1237 3635 1325 3689; x_wconf 90' lang='lat' dir='ltr'><strong>noctis</strong></span> <span class='ocrx_word' id='word_1_455' title='bbox 1337 3643 1457 3704; x_wconf 88' lang='lat' dir='ltr'><strong>ternpore</strong></span> <span class='ocrx_word' id='word_1_456' title='bbox 1469 3643 1575 3706; x_wconf 89' lang='lat' dir='ltr'><strong>gestum</strong></span> <span class='ocrx_word' id='word_1_457' title='bbox 1591 3635 1674 3691; x_wconf 89' lang='lat' dir='ltr'><strong>luisse</strong></span> <span class='ocrx_word' id='word_1_458' title='bbox 1687 3637 1830 3706; x_wconf 84' lang='lat' dir='ltr'><strong>perbibet,</strong></span> <span class='ocrx_word' id='word_1_459' title='bbox 1845 3646 1877 3692; x_wconf 95' lang='lat' dir='ltr'><strong>nt</strong></span> <span class='ocrx_word' id='word_1_460' title='bbox 1891 3640 1950 3695; x_wconf 88' lang='lat' dir='ltr'><strong>reri</strong></span> <span class='ocrx_word' id='word_1_461' title='bbox 1969 3639 2026 3696; x_wconf 83' lang='lat' dir='ltr'><strong>selis</strong></span> 
     </span>
     <span class='ocr_line' id='line_1_34' title="bbox 390 3724 2027 3802; baseline 0.005 -24"><span class='ocrx_word' id='word_1_462' title='bbox 390 3724 552 3792; x_wconf 77' lang='lat' dir='ltr'><strong>inuuerilur,</strong></span> <span class='ocrx_word' id='word_1_463' title='bbox 574 3735 598 3780; x_wconf 92' lang='lat' dir='ltr'><strong>et</strong></span> <span class='ocrx_word' id='word_1_464' title='bbox 612 3724 723 3780; x_wconf 83' lang='lat' dir='ltr'><strong>luridum</strong></span> <span class='ocrx_word' id='word_1_465' title='bbox 736 3737 884 3797; x_wconf 82' lang='lat' dir='ltr'><strong>peccatores</strong></span> <span class='ocrx_word' id='word_1_466' title='bbox 897 3727 925 3779; x_wconf 84' lang='lat' dir='ltr'><strong>in</strong></span> <span class='ocrx_word' id='word_1_467' title='bbox 938 3726 1075 3780; x_wconf 80' lang='lat' dir='ltr'><strong>desideriis</strong></span> <span class='ocrx_word' id='word_1_468' title='bbox 1090 3726 1186 3782; x_wconf 80' lang='lat' dir='ltr'><strong>arrimoe</strong></span> <span class='ocrx_word' id='word_1_469' title='bbox 1237 3725 1450 3781; x_wconf 88' lang='lat' dir='ltr'><strong>occubitumnon</strong></span> <span class='ocrx_word' id='word_1_470' title='bbox 1463 3726 1520 3782; x_wconf 88' lang='lat' dir='ltr'><strong>solu</strong></span> <span class='ocrx_word' id='word_1_471' title='bbox 1534 3728 1641 3782; x_wconf 87' lang='lat' dir='ltr'><strong>Domini</strong></span> <span class='ocrx_word' id='word_1_472' title='bbox 1652 3727 1789 3794; x_wconf 86' lang='lat' dir='ltr'><strong>dormitio,</strong></span> <span class='ocrx_word' id='word_1_473' title='bbox 1805 3730 1855 3785; x_wconf 90' lang='lat' dir='ltr'><strong>sed</strong></span> <span class='ocrx_word' id='word_1_474' title='bbox 1869 3738 1900 3785; x_wconf 87' lang='lat' dir='ltr'><strong>et</strong></span> <span class='ocrx_word' id='word_1_475' title='bbox 1914 3731 1971 3802; x_wconf 87' lang='lat' dir='ltr'><strong>ipsa</strong></span> <span class='ocrx_word' id='word_1_476' title='bbox 1983 3729 2027 3786; x_wconf 81' lang='lat' dir='ltr'><strong>de·</strong></span> 
     </span>
     <span class='ocr_line' id='line_1_35' title="bbox 390 3813 1683 3890; baseline 0.005 -23"><span class='ocrx_word' id='word_1_477' title='bbox 390 3831 457 3880; x_wconf 66' lang='lat' dir='ltr'><strong>grue,</strong></span> <span class='ocrx_word' id='word_1_478' title='bbox 473 3823 497 3868; x_wconf 92' lang='lat' dir='ltr'><strong>et</strong></span> <span class='ocrx_word' id='word_1_479' title='bbox 513 3816 604 3885; x_wconf 86' lang='lat' dir='ltr'><strong>iniquo</strong></span> <span class='ocrx_word' id='word_1_480' title='bbox 616 3826 732 3885; x_wconf 79' lang='lat' dir='ltr'><strong>gerentes</strong></span> <span class='ocrx_word' id='word_1_481' title='bbox 747 3816 899 3871; x_wconf 83' lang='lat' dir='ltr'><strong>leuedicuat</strong></span> <span class='ocrx_word' id='word_1_482' title='bbox 912 3815 981 3889; x_wconf 80' lang='lat' dir='ltr'><strong>(lea.</strong></span> <span class='ocrx_word' id='word_1_483' title='bbox 996 3833 1029 3883; x_wconf 83' lang='lat' dir='ltr'><strong>r;</strong></span> <span class='ocrx_word' id='word_1_484' title='bbox 1043 3813 1118 3871; x_wconf 84' lang='lat' dir='ltr'><strong>Psel.</strong></span> <span class='ocrx_word' id='word_1_485' title='bbox 1135 3816 1185 3890; x_wconf 87' lang='lat' dir='ltr'><strong>rx).</strong></span> <span class='ocrx_word' id='word_1_486' title='bbox 1237 3818 1359 3874; x_wconf 88' lang='lat' dir='ltr'><strong>cedentis</strong></span> <span class='ocrx_word' id='word_1_487' title='bbox 1375 3818 1443 3875; x_wconf 91' lang='lat' dir='ltr'><strong>lueis</strong></span> <span class='ocrx_word' id='word_1_488' title='bbox 1457 3821 1523 3875; x_wconf 88' lang='lat' dir='ltr'><strong>bora</strong></span> <span class='ocrx_word' id='word_1_489' title='bbox 1540 3820 1683 3890; x_wconf 87' lang='lat' dir='ltr'><strong>significet.</strong></span> 
     </span>
    </p>

    <p class='ocr_par' dir='ltr' id='par_1_5' title="bbox 321 3907 2033 5723">
     <span class='ocr_line' id='line_1_36' title="bbox 428 3907 2025 3979; baseline 0.006 -19"><span class='ocrx_word' id='word_1_490' title='bbox 428 3907 462 3961; x_wconf 78' lang='lat' dir='ltr'><strong>Et</strong></span> <span class='ocrx_word' id='word_1_491' title='bbox 483 3908 681 3962; x_wconf 82' lang='lat' dir='ltr'><strong>ascendeuteeo</strong></span> <span class='ocrx_word' id='word_1_492' title='bbox 700 3910 727 3962; x_wconf 87' lang='lat' dir='ltr'><strong>in</strong></span> <span class='ocrx_word' id='word_1_493' title='bbox 750 3907 914 3972; x_wconf 72' lang='lat' dir='ltr'><strong>nutriculam&#39;,</strong></span> <span class='ocrx_word' id='word_1_494' title='bbox 939 3909 1021 3963; x_wconf 79' lang='lat' dir='ltr'><strong>secreti</strong></span> <span class='ocrx_word' id='word_1_495' title='bbox 1042 3917 1103 3964; x_wconf 81' lang='lat' dir='ltr'><strong>aaut</strong></span> <span class='ocrx_word' id='word_1_496' title='bbox 1126 3925 1187 3964; x_wconf 83' lang='lat' dir='ltr'><strong>eunt</strong></span> <span class='ocrx_word' id='word_1_497' title='bbox 1273 3910 1307 3965; x_wconf 84' lang='grc' dir='ltr'>Ει</span> <span class='ocrx_word' id='word_1_498' title='bbox 1335 3923 1519 3978; x_wconf 76' lang='lat' dir='ltr'><strong>accurrerunt,</strong></span> <span class='ocrx_word' id='word_1_499' title='bbox 1547 3923 1572 3968; x_wconf 90' lang='lat' dir='ltr'><strong>et</strong></span> <span class='ocrx_word' id='word_1_500' title='bbox 1586 3916 1777 3968; x_wconf 75' lang='lat' dir='ltr'><strong>suscitarer-aut</strong></span> <span class='ocrx_word' id='word_1_501' title='bbox 1799 3930 1880 3978; x_wconf 85' lang='lat' dir='ltr'><strong>eum,</strong></span> <span class='ocrx_word' id='word_1_502' title='bbox 1903 3915 2025 3979; x_wconf 78' lang='lat' dir='ltr'><strong>dicenter,</strong></span> 
     </span>
     <span class='ocr_line' id='line_1_37' title="bbox 321 3997 2025 4074; baseline 0.004 -22"><span class='ocrx_word' id='word_1_503' title='bbox 321 4048 325 4052; x_wconf 89' lang='lat'><strong>.</strong></span> <span class='ocrx_word' id='word_1_504' title='bbox 391 3998 513 4068; x_wconf 80' lang='lat' dir='ltr'><strong>‹liacipult&#39;</strong></span> <span class='ocrx_word' id='word_1_505' title='bbox 531 3997 711 4070; x_wconf 76' lang='lat' dir='ltr'><strong>ejus.(0rig.)</strong></span> <span class='ocrx_word' id='word_1_506' title='bbox 741 3998 800 4055; x_wconf 89' lang='lat' dir='ltr'><strong>Non</strong></span> <span class='ocrx_word' id='word_1_507' title='bbox 821 3999 989 4068; x_wconf 86' lang='lat' dir='ltr'><strong>imbecilles,</strong></span> <span class='ocrx_word' id='word_1_508' title='bbox 1012 4000 1059 4054; x_wconf 91' lang='lat' dir='ltr'><strong>sed</strong></span> <span class='ocrx_word' id='word_1_509' title='bbox 1075 3999 1187 4055; x_wconf 86' lang='lat' dir='ltr'><strong>sirmiet</strong></span> <span class='ocrx_word' id='word_1_510' title='bbox 1237 3999 1365 4065; x_wconf 84' lang='lat' dir='ltr'><strong>Domine,</strong></span> <span class='ocrx_word' id='word_1_511' title='bbox 1392 4001 1464 4057; x_wconf 79' lang='lat' dir='ltr'><strong>uulua</strong></span> <span class='ocrx_word' id='word_1_512' title='bbox 1488 4020 1557 4068; x_wconf 82' lang='lat' dir='ltr'><strong>nor,</strong></span> <span class='ocrx_word' id='word_1_513' title='bbox 1584 4004 1706 4072; x_wconf 82' lang='lat' dir='ltr'><strong>perimus.</strong></span> <span class='ocrx_word' id='word_1_514' title='bbox 1733 4001 1835 4074; x_wconf 66' lang='grc' dir='ltr'><strong>(θήρ.)</strong></span> <span class='ocrx_word' id='word_1_515' title='bbox 1856 4002 1946 4059; x_wconf 87' lang='lat' dir='ltr'><strong>Tanto</strong></span> <span class='ocrx_word' id='word_1_516' title='bbox 1975 4004 2025 4059; x_wconf 82' lang='lat' dir='ltr'><strong>lue·</strong></span> 
     </span>
     <span class='ocr_line' id='line_1_38' title="bbox 391 4091 2025 4163; baseline 0.001 -17"><span class='ocrx_word' id='word_1_517' title='bbox 391 4091 502 4147; x_wconf 86' lang='lat' dir='ltr'><strong>stabiles</strong></span> <span class='ocrx_word' id='word_1_518' title='bbox 514 4092 540 4145; x_wconf 95' lang='lat' dir='ltr'><strong>in</strong></span> <span class='ocrx_word' id='word_1_519' title='bbox 549 4091 611 4156; x_wconf 85' lang='lat' dir='ltr'><strong>lude,</strong></span> <span class='ocrx_word' id='word_1_520' title='bbox 623 4092 861 4160; x_wconf 89' lang='lat' dir='ltr'><strong>mansueti,etpii,</strong></span> <span class='ocrx_word' id='word_1_521' title='bbox 872 4100 1032 4162; x_wconf 91' lang='lat' dir='ltr'><strong>spernentes</strong></span> <span class='ocrx_word' id='word_1_522' title='bbox 1043 4092 1185 4158; x_wconf 89' lang='lat' dir='ltr'><strong>mundum,</strong></span> <span class='ocrx_word' id='word_1_523' title='bbox 1237 4100 1300 4146; x_wconf 89' lang='lat' dir='ltr'><strong>rant</strong></span> <span class='ocrx_word' id='word_1_524' title='bbox 1324 4100 1398 4147; x_wconf 90' lang='lat' dir='ltr'><strong>metu</strong></span> <span class='ocrx_word' id='word_1_525' title='bbox 1412 4094 1564 4159; x_wconf 88' lang='lat' dir='ltr'><strong>conterriti,</strong></span> <span class='ocrx_word' id='word_1_526' title='bbox 1577 4103 1604 4149; x_wconf 91' lang='lat' dir='ltr'><strong>et</strong></span> <span class='ocrx_word' id='word_1_527' title='bbox 1616 4109 1684 4163; x_wconf 89' lang='lat' dir='ltr'><strong>pene</strong></span> <span class='ocrx_word' id='word_1_528' title='bbox 1698 4093 1790 4148; x_wconf 88' lang='lat' dir='ltr'><strong>animo</strong></span> <span class='ocrx_word' id='word_1_529' title='bbox 1805 4093 1932 4159; x_wconf 83' lang='lat' dir='ltr'><strong>alienati,</strong></span> <span class='ocrx_word' id='word_1_530' title='bbox 1946 4103 1975 4150; x_wconf 92' lang='lat' dir='ltr'><strong>ut</strong></span> <span class='ocrx_word' id='word_1_531' title='bbox 1992 4094 2025 4148; x_wconf 85' lang='lat' dir='ltr'><strong>ir·</strong></span> 
     </span>
     <span class='ocr_line' id='line_1_39' title="bbox 392 4181 2025 4254; baseline 0.002 -17"><span class='ocrx_word' id='word_1_532' title='bbox 392 4199 446 4237; x_wconf 84' lang='lat' dir='ltr'><strong>iren</strong></span> <span class='ocrx_word' id='word_1_533' title='bbox 463 4181 563 4252; x_wconf 91' lang='lat' dir='ltr'><strong>duplici</strong></span> <span class='ocrx_word' id='word_1_534' title='bbox 585 4182 679 4249; x_wconf 84' lang='lat' dir='ltr'><strong>eorde,</strong></span> <span class='ocrx_word' id='word_1_535' title='bbox 699 4181 746 4238; x_wconf 80' lang='lat' dir='ltr'><strong>seul</strong></span> <span class='ocrx_word' id='word_1_536' title='bbox 761 4182 887 4253; x_wconf 88' lang='lat' dir='ltr'><strong>simplici.</strong></span> <span class='ocrx_word' id='word_1_537' title='bbox 904 4182 1012 4254; x_wconf 84' lang='lat' dir='ltr'><strong>(Beda.)</strong></span> <span class='ocrx_word' id='word_1_538' title='bbox 1028 4184 1056 4238; x_wconf 90' lang='lat' dir='ltr'><strong>ln</strong></span> <span class='ocrx_word' id='word_1_539' title='bbox 1072 4184 1124 4238; x_wconf 89' lang='lat' dir='ltr'><strong>bac</strong></span> <span class='ocrx_word' id='word_1_540' title='bbox 1138 4198 1187 4237; x_wconf 89' lang='lat' dir='ltr'><strong>na-</strong></span> <span class='ocrx_word' id='word_1_541' title='bbox 1238 4188 1348 4236; x_wconf 91' lang='lat' dir='ltr'><strong>ruerent</strong></span> <span class='ocrx_word' id='word_1_542' title='bbox 1369 4183 1395 4236; x_wconf 91' lang='lat' dir='ltr'><strong>in</strong></span> <span class='ocrx_word' id='word_1_543' title='bbox 1424 4198 1506 4248; x_wconf 90' lang='lat' dir='ltr'><strong>eum,</strong></span> <span class='ocrx_word' id='word_1_544' title='bbox 1532 4193 1559 4239; x_wconf 91' lang='lat' dir='ltr'><strong>et</strong></span> <span class='ocrx_word' id='word_1_545' title='bbox 1573 4199 1628 4238; x_wconf 92' lang='lat' dir='ltr'><strong>nun</strong></span> <span class='ocrx_word' id='word_1_546' title='bbox 1645 4185 1765 4240; x_wconf 86' lang='lat' dir='ltr'><strong>modeste</strong></span> <span class='ocrx_word' id='word_1_547' title='bbox 1790 4193 1839 4238; x_wconf 88' lang='lat' dir='ltr'><strong>aut</strong></span> <span class='ocrx_word' id='word_1_548' title='bbox 1858 4184 1958 4240; x_wconf 80' lang='lat' dir='ltr'><strong>leuiter</strong></span> <span class='ocrx_word' id='word_1_549' title='bbox 1969 4199 2025 4254; x_wconf 63' lang='lat' dir='ltr'><strong>sug⁴</strong></span> 
     </span>
     <span class='ocr_line' id='line_1_40' title="bbox 392 4273 2022 4347; baseline 0.007 -18"><span class='ocrx_word' id='word_1_550' title='bbox 392 4275 528 4345; x_wconf 78' lang='lat' dir='ltr'><strong>rigatione</strong></span> <span class='ocrx_word' id='word_1_551' title='bbox 541 4274 671 4331; x_wconf 81' lang='lat' dir='ltr'><strong>Dominus</strong></span> <span class='ocrx_word' id='word_1_552' title='bbox 681 4284 835 4345; x_wconf 89' lang='lat' dir='ltr'><strong>utramque,</strong></span> <span class='ocrx_word' id='word_1_553' title='bbox 851 4277 931 4331; x_wconf 91' lang='lat' dir='ltr'><strong>unius</strong></span> <span class='ocrx_word' id='word_1_554' title='bbox 941 4275 1116 4347; x_wconf 83' lang='lat' dir='ltr'><strong>ejusdemque</strong></span> <span class='ocrx_word' id='word_1_555' title='bbox 1131 4292 1187 4332; x_wconf 83' lang='lat' dir='ltr'><strong>suae</strong></span> <span class='ocrx_word' id='word_1_556' title='bbox 1238 4281 1373 4340; x_wconf 71' lang='lat' dir='ltr'><strong>gererent,</strong></span> <span class='ocrx_word' id='word_1_557' title='bbox 1387 4273 1435 4327; x_wconf 75' lang='lat' dir='ltr'><strong>suti</strong></span> <span class='ocrx_word' id='word_1_558' title='bbox 1446 4273 1615 4329; x_wconf 65' lang='lat' dir='ltr'><strong>turbulenter</strong></span> <span class='ocrx_word' id='word_1_559' title='bbox 1627 4276 1793 4330; x_wconf 67' lang='lat' dir='ltr'><strong>suscitarent</strong></span> <span class='ocrx_word' id='word_1_560' title='bbox 1807 4290 1882 4340; x_wconf 73' lang='lat' dir='ltr'><strong>uum,</strong></span> <span class='ocrx_word' id='word_1_561' title='bbox 1894 4275 2022 4332; x_wconf 78' lang='lat' dir='ltr'><strong>dieentes:</strong></span> 
     </span>
     <span class='ocr_line' id='line_1_41' title="bbox 392 4361 2024 4438; baseline 0.009 -20"><span class='ocrx_word' id='word_1_562' title='bbox 392 4380 532 4435; x_wconf 73' lang='lat' dir='ltr'><strong>personae,</strong></span> <span class='ocrx_word' id='word_1_563' title='bbox 557 4374 683 4420; x_wconf 87' lang='lat' dir='ltr'><strong>naturam</strong></span> <span class='ocrx_word' id='word_1_564' title='bbox 702 4366 831 4437; x_wconf 89' lang='lat' dir='ltr'><strong>dignatur</strong></span> <span class='ocrx_word' id='word_1_565' title='bbox 842 4366 1002 4432; x_wconf 92' lang='lat' dir='ltr'><strong>ostendere,</strong></span> <span class='ocrx_word' id='word_1_566' title='bbox 1014 4367 1078 4422; x_wconf 90' lang='lat' dir='ltr'><strong>dum</strong></span> <span class='ocrx_word' id='word_1_567' title='bbox 1094 4367 1186 4438; x_wconf 88' lang='lat' dir='ltr'><strong>isqui,</strong></span> <span class='ocrx_word' id='word_1_568' title='bbox 1239 4361 1360 4426; x_wconf 81' lang='lat' dir='ltr'><strong>Domine,</strong></span> <span class='ocrx_word' id='word_1_569' title='bbox 1380 4361 1453 4417; x_wconf 79' lang='lat' dir='ltr'><strong>rulru</strong></span> <span class='ocrx_word' id='word_1_570' title='bbox 1476 4381 1538 4430; x_wconf 72' lang='lat' dir='ltr'><strong>rur,</strong></span> <span class='ocrx_word' id='word_1_571' title='bbox 1552 4366 1677 4434; x_wconf 81' lang='lat' dir='ltr'><strong>perinruu.</strong></span> <span class='ocrx_word' id='word_1_572' title='bbox 1691 4364 1713 4421; x_wconf 89' lang='lat'>0</span> <span class='ocrx_word' id='word_1_573' title='bbox 1725 4366 1809 4430; x_wconf 69' lang='lat' dir='ltr'><strong>bruti·</strong></span> <span class='ocrx_word' id='word_1_574' title='bbox 1831 4382 1971 4422; x_wconf 69' lang='lat' dir='ltr'><strong>uturuutu</strong></span> <span class='ocrx_word' id='word_1_575' title='bbox 1984 4366 2024 4421; x_wconf 78' lang='lat' dir='ltr'><strong>bei</strong></span> 
     </span>
     <span class='ocr_line' id='line_1_42' title="bbox 393 4452 2026 4529; baseline 0.005 -16"><span class='ocrx_word' id='word_1_576' title='bbox 393 4466 423 4513; x_wconf 94' lang='lat' dir='ltr'><strong>ut</strong></span> <span class='ocrx_word' id='word_1_577' title='bbox 449 4459 541 4525; x_wconf 92' lang='lat' dir='ltr'><strong>bomo,</strong></span> <span class='ocrx_word' id='word_1_578' title='bbox 559 4459 659 4515; x_wconf 90' lang='lat' dir='ltr'><strong>dormit</strong></span> <span class='ocrx_word' id='word_1_579' title='bbox 674 4459 701 4514; x_wconf 90' lang='lat' dir='ltr'><strong>in</strong></span> <span class='ocrx_word' id='word_1_580' title='bbox 717 4460 791 4527; x_wconf 87' lang='lat' dir='ltr'><strong>nari,</strong></span> <span class='ocrx_word' id='word_1_581' title='bbox 805 4460 925 4516; x_wconf 90' lang='lat' dir='ltr'><strong>lurorem</strong></span> <span class='ocrx_word' id='word_1_582' title='bbox 943 4463 1040 4528; x_wconf 88' lang='lat' dir='ltr'><strong>maris,</strong></span> <span class='ocrx_word' id='word_1_583' title='bbox 1054 4471 1083 4517; x_wconf 93' lang='lat' dir='ltr'><strong>ut</strong></span> <span class='ocrx_word' id='word_1_584' title='bbox 1104 4463 1186 4529; x_wconf 86' lang='lat' dir='ltr'><strong>Deus,</strong></span> <span class='ocrx_word' id='word_1_585' title='bbox 1239 4452 1378 4523; x_wconf 88' lang='lat' dir='ltr'><strong>discipuli,</strong></span> <span class='ocrx_word' id='word_1_586' title='bbox 1412 4454 1555 4510; x_wconf 87' lang='lat' dir='ltr'><strong>bominum</strong></span> <span class='ocrx_word' id='word_1_587' title='bbox 1590 4456 1758 4513; x_wconf 80' lang='lat' dir='ltr'><strong>salvatorem</strong></span> <span class='ocrx_word' id='word_1_588' title='bbox 1781 4458 1925 4513; x_wconf 82' lang='lat' dir='ltr'><strong>uobiscum</strong></span> <span class='ocrx_word' id='word_1_589' title='bbox 1954 4457 2026 4513; x_wconf 77' lang='lat' dir='ltr'><strong>babo-</strong></span> 
     </span>
     <span class='ocr_line' id='line_1_43' title="bbox 394 4545 2027 4623; baseline 0.006 -19"><span class='ocrx_word' id='word_1_590' title='bbox 394 4551 477 4606; x_wconf 91' lang='lat' dir='ltr'><strong>rerbo</strong></span> <span class='ocrx_word' id='word_1_591' title='bbox 494 4559 611 4607; x_wconf 87' lang='lat' dir='ltr'><strong>coercet.</strong></span> <span class='ocrx_word' id='word_1_592' title='bbox 629 4551 714 4606; x_wconf 84' lang='lat' dir='ltr'><strong>Porro</strong></span> <span class='ocrx_word' id='word_1_593' title='bbox 735 4550 813 4620; x_wconf 81' lang='lat' dir='ltr'><strong>juxta</strong></span> <span class='ocrx_word' id='word_1_594' title='bbox 835 4552 1002 4623; x_wconf 80' lang='lat' dir='ltr'><strong>allegoriam,</strong></span> <span class='ocrx_word' id='word_1_595' title='bbox 1026 4569 1115 4619; x_wconf 89' lang='lat' dir='ltr'><strong>mare,</strong></span> <span class='ocrx_word' id='word_1_596' title='bbox 1131 4554 1188 4610; x_wconf 87' lang='lat' dir='ltr'><strong>sive</strong></span> <span class='ocrx_word' id='word_1_597' title='bbox 1239 4545 1495 4614; x_wconf 73' lang='lat' dir='ltr'><strong>liS·ulllssll0¹1lt¹ut</strong></span> <span class='ocrx_word' id='word_1_598' title='bbox 1515 4547 1631 4613; x_wconf 87' lang='lat' dir='ltr'><strong>tirnetis;</strong></span> <span class='ocrx_word' id='word_1_599' title='bbox 1649 4548 1705 4603; x_wconf 81' lang='lat' dir='ltr'><strong>ritu</strong></span> <span class='ocrx_word' id='word_1_600' title='bbox 1720 4548 1863 4603; x_wconf 82' lang='lat' dir='ltr'><strong>uobiscum</strong></span> <span class='ocrx_word' id='word_1_601' title='bbox 1882 4557 1925 4603; x_wconf 68' lang='lat' dir='ltr'><strong>eut</strong></span> <span class='ocrx_word' id='word_1_602' title='bbox 1949 4558 1976 4604; x_wconf 76' lang='lat' dir='ltr'><strong>rt</strong></span> <span class='ocrx_word' id='word_1_603' title='bbox 1997 4548 2027 4603; x_wconf 76' lang='lat' dir='ltr'><strong>it</strong></span> 
     </span>
     <span class='ocr_line' id='line_1_44' title="bbox 394 4637 2026 4712; baseline 0.003 -14"><span class='ocrx_word' id='word_1_604' title='bbox 394 4645 529 4712; x_wconf 84' lang='lat' dir='ltr'><strong>stagnum,</strong></span> <span class='ocrx_word' id='word_1_605' title='bbox 544 4642 614 4711; x_wconf 91' lang='lat' dir='ltr'><strong>quod</strong></span> <span class='ocrx_word' id='word_1_606' title='bbox 626 4657 687 4697; x_wconf 89' lang='lat' dir='ltr'><strong>cum</strong></span> <span class='ocrx_word' id='word_1_607' title='bbox 698 4643 755 4697; x_wconf 91' lang='lat' dir='ltr'><strong>suis</strong></span> <span class='ocrx_word' id='word_1_608' title='bbox 770 4644 885 4697; x_wconf 88' lang='lat' dir='ltr'><strong>transire</strong></span> <span class='ocrx_word' id='word_1_609' title='bbox 899 4643 1045 4709; x_wconf 89' lang='lat' dir='ltr'><strong>desiderat,</strong></span> <span class='ocrx_word' id='word_1_610' title='bbox 1063 4644 1189 4702; x_wconf 87' lang='lat' dir='ltr'><strong>tenebra·</strong></span> <span class='ocrx_word' id='word_1_611' title='bbox 1240 4645 1328 4690; x_wconf 90' lang='lat' dir='ltr'><strong>morte</strong></span> <span class='ocrx_word' id='word_1_612' title='bbox 1355 4637 1462 4691; x_wconf 84' lang='lat' dir='ltr'><strong>solliciti</strong></span> <span class='ocrx_word' id='word_1_613' title='bbox 1485 4637 1561 4693; x_wconf 68' lang='lat' dir='ltr'><strong>ustis·</strong></span> <span class='ocrx_word' id='word_1_614' title='bbox 1575 4637 1712 4694; x_wconf 85' lang='lat' dir='ltr'><strong>Suscitaut</strong></span> <span class='ocrx_word' id='word_1_615' title='bbox 1735 4639 1881 4695; x_wconf 78' lang='lat' dir='ltr'><strong>D⁰¹¹¹l¹tt¹r¹¹</strong></span> <span class='ocrx_word' id='word_1_616' title='bbox 1902 4639 2026 4710; x_wconf 82' lang='lat' dir='ltr'><strong>discipuli,</strong></span> 
     </span>
     <span class='ocr_line' id='line_1_45' title="bbox 392 4728 2027 4804; baseline 0 -16"><span class='ocrx_word' id='word_1_617' title='bbox 392 4749 440 4788; x_wconf 89' lang='lat' dir='ltr'><strong>sus</strong></span> <span class='ocrx_word' id='word_1_618' title='bbox 449 4747 611 4801; x_wconf 87' lang='lat' dir='ltr'><strong>amarusque</strong></span> <span class='ocrx_word' id='word_1_619' title='bbox 619 4731 709 4788; x_wconf 77' lang='lat' dir='ltr'><strong>sectili</strong></span> <span class='ocrx_word' id='word_1_620' title='bbox 718 4733 849 4803; x_wconf 86' lang='lat' dir='ltr'><strong>accipitur</strong></span> <span class='ocrx_word' id='word_1_621' title='bbox 857 4738 948 4788; x_wconf 81' lang='lat' dir='ltr'><strong>aestds.</strong></span> <span class='ocrx_word' id='word_1_622' title='bbox 960 4732 1089 4788; x_wconf 87' lang='lat' dir='ltr'><strong>Nurieula</strong></span> <span class='ocrx_word' id='word_1_623' title='bbox 1097 4744 1187 4789; x_wconf 89' lang='lat' dir='ltr'><strong>autem</strong></span> <span class='ocrx_word' id='word_1_624' title='bbox 1241 4742 1275 4781; x_wconf 77' lang='lat' dir='ltr'><strong>uu</strong></span> <span class='ocrx_word' id='word_1_625' title='bbox 1293 4743 1325 4784; x_wconf 85' lang='lat' dir='ltr'><strong>uo</strong></span> <span class='ocrx_word' id='word_1_626' title='bbox 1339 4728 1490 4783; x_wconf 80' lang='lat' dir='ltr'><strong>dor-uriente</strong></span> <span class='ocrx_word' id='word_1_627' title='bbox 1517 4728 1644 4785; x_wconf 85' lang='lat' dir='ltr'><strong>ductuum</strong></span> <span class='ocrx_word' id='word_1_628' title='bbox 1669 4730 1776 4787; x_wconf 88' lang='lat' dir='ltr'><strong>leritate</strong></span> <span class='ocrx_word' id='word_1_629' title='bbox 1800 4743 1918 4803; x_wconf 88' lang='lat' dir='ltr'><strong>pereant</strong></span> <span class='ocrx_word' id='word_1_630' title='bbox 1932 4754 1950 4788; x_wconf 87' lang='lat'><strong>.:</strong></span> <span class='ocrx_word' id='word_1_631' title='bbox 1971 4733 2027 4804; x_wconf 80' lang='lat' dir='ltr'><strong>quia</strong></span> 
     </span>
     <span class='ocr_line' id='line_1_46' title="bbox 394 4817 2029 4895; baseline 0.006 -19"><span class='ocrx_word' id='word_1_632' title='bbox 394 4839 475 4892; x_wconf 89' lang='lat' dir='ltr'><strong>quam</strong></span> <span class='ocrx_word' id='word_1_633' title='bbox 492 4825 639 4879; x_wconf 85' lang='lat' dir='ltr'><strong>ascendunt</strong></span> <span class='ocrx_word' id='word_1_634' title='bbox 656 4823 728 4877; x_wconf 90' lang='lat' dir='ltr'><strong>nulla</strong></span> <span class='ocrx_word' id='word_1_635' title='bbox 747 4823 843 4878; x_wconf 88' lang='lat' dir='ltr'><strong>melius</strong></span> <span class='ocrx_word' id='word_1_636' title='bbox 857 4840 938 4892; x_wconf 89' lang='lat' dir='ltr'><strong>quam</strong></span> <span class='ocrx_word' id='word_1_637' title='bbox 955 4824 1103 4880; x_wconf 76' lang='lat' dir='ltr'><strong>Dorninicre</strong></span> <span class='ocrx_word' id='word_1_638' title='bbox 1123 4843 1188 4895; x_wconf 87' lang='lat' dir='ltr'><strong>pas·</strong></span> <span class='ocrx_word' id='word_1_639' title='bbox 1242 4817 1586 4887; x_wconf 65' lang='lat' dir='ltr'><strong>culu⁵m⁰tlt¹¹¹tltluruuts</strong></span> <span class='ocrx_word' id='word_1_640' title='bbox 1597 4823 2029 4882; x_wconf 80' lang='lat' dir='ltr'><strong>ruauinrisrotisresurrcctionent</strong></span> 
     </span>
     <span class='ocr_line' id='line_1_47' title="bbox 395 4911 2029 4987; baseline 0.001 -19"><span class='ocrx_word' id='word_1_641' title='bbox 395 4914 479 4968; x_wconf 88' lang='lat' dir='ltr'><strong>sionis</strong></span> <span class='ocrx_word' id='word_1_642' title='bbox 505 4913 663 4984; x_wconf 77' lang='lat' dir='ltr'><strong>intelligitur</strong></span> <span class='ocrx_word' id='word_1_643' title='bbox 697 4916 800 4981; x_wconf 90' lang='lat' dir='ltr'><strong>arbor,</strong></span> <span class='ocrx_word' id='word_1_644' title='bbox 833 4915 908 4985; x_wconf 84' lang='lat' dir='ltr'><strong>eujus</strong></span> <span class='ocrx_word' id='word_1_645' title='bbox 931 4915 1063 4971; x_wconf 87' lang='lat' dir='ltr'><strong>benelreio</strong></span> <span class='ocrx_word' id='word_1_646' title='bbox 1089 4918 1189 4987; x_wconf 67' lang='lat' dir='ltr'><strong>quique</strong></span> <span class='ocrx_word' id='word_1_647' title='bbox 1242 4911 1460 4978; x_wconf 57' lang='lat' dir='ltr'><strong>querellarum</strong></span> <span class='ocrx_word' id='word_1_648' title='bbox 1472 4912 1495 4965; x_wconf 88' lang='lat' dir='ltr'><strong>si</strong></span> <span class='ocrx_word' id='word_1_649' title='bbox 1509 4912 1611 4967; x_wconf 90' lang='lat' dir='ltr'><strong>diutius</strong></span> <span class='ocrx_word' id='word_1_650' title='bbox 1622 4914 1679 4983; x_wconf 87' lang='lat' dir='ltr'><strong>ipse</strong></span> <span class='ocrx_word' id='word_1_651' title='bbox 1689 4924 1775 4969; x_wconf 83' lang='lat' dir='ltr'><strong>nrorte</strong></span> <span class='ocrx_word' id='word_1_652' title='bbox 1785 4918 1881 4972; x_wconf 88' lang='lat' dir='ltr'><strong>curnis</strong></span> <span class='ocrx_word' id='word_1_653' title='bbox 1892 4917 2029 4987; x_wconf 83' lang='lat' dir='ltr'><strong>sopiretur,</strong></span> 
     </span>
     <span class='ocr_line' id='line_1_48' title="bbox 397 5003 2030 5079; baseline 0.004 -21"><span class='ocrx_word' id='word_1_654' title='bbox 397 5003 489 5059; x_wconf 84' lang='lat' dir='ltr'><strong>fideles</strong></span> <span class='ocrx_word' id='word_1_655' title='bbox 503 5004 600 5074; x_wconf 80' lang='lat' dir='ltr'><strong>adjuti,</strong></span> <span class='ocrx_word' id='word_1_656' title='bbox 614 5005 733 5059; x_wconf 89' lang='lat' dir='ltr'><strong>emensis</strong></span> <span class='ocrx_word' id='word_1_657' title='bbox 746 5004 840 5059; x_wconf 90' lang='lat' dir='ltr'><strong>mundi</strong></span> <span class='ocrx_word' id='word_1_658' title='bbox 854 5004 979 5059; x_wconf 86' lang='lat' dir='ltr'><strong>lluctibus</strong></span> <span class='ocrx_word' id='word_1_659' title='bbox 992 5006 1189 5063; x_wconf 88' lang='lat' dir='ltr'><strong>habitationem</strong></span> <span class='ocrx_word' id='word_1_660' title='bbox 1241 5016 1336 5057; x_wconf 91' lang='lat' dir='ltr'><strong>eorum</strong></span> <span class='ocrx_word' id='word_1_661' title='bbox 1360 5018 1436 5057; x_wconf 90' lang='lat' dir='ltr'><strong>mens</strong></span> <span class='ocrx_word' id='word_1_662' title='bbox 1450 5003 1582 5072; x_wconf 71' lang='lat' dir='ltr'><strong>spirituali</strong></span> <span class='ocrx_word' id='word_1_663' title='bbox 1601 5005 1627 5058; x_wconf 86' lang='lat' dir='ltr'><strong>iu</strong></span> <span class='ocrx_word' id='word_1_664' title='bbox 1645 5007 1805 5074; x_wconf 77' lang='lat' dir='ltr'><strong>perpetuum</strong></span> <span class='ocrx_word' id='word_1_665' title='bbox 1821 5017 1912 5063; x_wconf 78' lang='lat' dir='ltr'><strong>tutante</strong></span> <span class='ocrx_word' id='word_1_666' title='bbox 1927 5008 2030 5079; x_wconf 77' lang='lat' dir='ltr'><strong>periret·</strong></span> 
     </span>
     <span class='ocr_line' id='line_1_49' title="bbox 395 5093 2031 5169; baseline 0.007 -17"><span class='ocrx_word' id='word_1_667' title='bbox 395 5099 489 5169; x_wconf 74' lang='lat' dir='ltr'><strong>patriae</strong></span> <span class='ocrx_word' id='word_1_668' title='bbox 503 5098 718 5169; x_wconf 85' lang='lat' dir='ltr'><strong>coelestis‚quasi</strong></span> <span class='ocrx_word' id='word_1_669' title='bbox 729 5098 903 5154; x_wconf 88' lang='lat' dir='ltr'><strong>stabilitatem</strong></span> <span class='ocrx_word' id='word_1_670' title='bbox 915 5100 1004 5155; x_wconf 88' lang='lat' dir='ltr'><strong>securi</strong></span> <span class='ocrx_word' id='word_1_671' title='bbox 1015 5100 1123 5164; x_wconf 90' lang='lat' dir='ltr'><strong>littoris,</strong></span> <span class='ocrx_word' id='word_1_672' title='bbox 1139 5101 1189 5156; x_wconf 93' lang='lat' dir='ltr'><strong>ob·</strong></span> <span class='ocrx_word' id='word_1_673' title='bbox 1278 5093 1312 5147; x_wconf 81' lang='lat' dir='ltr'><strong>Et</strong></span> <span class='ocrx_word' id='word_1_674' title='bbox 1326 5095 1362 5148; x_wconf 89' lang='lat' dir='ltr'><strong>ait</strong></span> <span class='ocrx_word' id='word_1_675' title='bbox 1377 5093 1430 5148; x_wconf 81' lang='lat' dir='ltr'><strong>lllir</strong></span> <span class='ocrx_word' id='word_1_676' title='bbox 1442 5094 1542 5150; x_wconf 81' lang='lat' dir='ltr'><strong>lesus:</strong></span> <span class='ocrx_word' id='word_1_677' title='bbox 1557 5095 1628 5162; x_wconf 84' lang='lat' dir='ltr'><strong>Quid</strong></span> <span class='ocrx_word' id='word_1_678' title='bbox 1641 5098 1727 5151; x_wconf 85' lang='lat' dir='ltr'><strong>tiuridi</strong></span> <span class='ocrx_word' id='word_1_679' title='bbox 1743 5099 1817 5163; x_wconf 75' lang='lat' dir='ltr'><strong>ertia,</strong></span> <span class='ocrx_word' id='word_1_680' title='bbox 1833 5099 1945 5155; x_wconf 79' lang='lat' dir='ltr'><strong>medica:</strong></span> <span class='ocrx_word' id='word_1_681' title='bbox 1957 5098 2031 5168; x_wconf 67' lang='lat' dir='ltr'><strong>liei-⁹</strong></span> 
     </span>
     <span class='ocr_line' id='line_1_50' title="bbox 397 5186 2031 5263; baseline 0.001 -19"><span class='ocrx_word' id='word_1_682' title='bbox 397 5190 492 5245; x_wconf 88' lang='lat' dir='ltr'><strong>tinent.</strong></span> <span class='ocrx_word' id='word_1_683' title='bbox 506 5189 582 5257; x_wconf 80' lang='lat' dir='ltr'><strong>Quod</strong></span> <span class='ocrx_word' id='word_1_684' title='bbox 592 5199 682 5246; x_wconf 91' lang='lat' dir='ltr'><strong>autem</strong></span> <span class='ocrx_word' id='word_1_685' title='bbox 695 5193 751 5263; x_wconf 89' lang='lat' dir='ltr'><strong>ipse</strong></span> <span class='ocrx_word' id='word_1_686' title='bbox 763 5192 790 5247; x_wconf 89' lang='lat' dir='ltr'><strong>iu</strong></span> <span class='ocrx_word' id='word_1_687' title='bbox 802 5208 882 5246; x_wconf 89' lang='lat' dir='ltr'><strong>unum</strong></span> <span class='ocrx_word' id='word_1_688' title='bbox 895 5192 1046 5247; x_wconf 81' lang='lat' dir='ltr'><strong>nauiculam</strong></span> <span class='ocrx_word' id='word_1_689' title='bbox 1057 5208 1119 5247; x_wconf 88' lang='lat' dir='ltr'><strong>curn</strong></span> <span class='ocrx_word' id='word_1_690' title='bbox 1134 5193 1190 5247; x_wconf 88' lang='lat' dir='ltr'><strong>dis-</strong></span> <span class='ocrx_word' id='word_1_691' title='bbox 1243 5186 1904 5257; x_wconf 72' lang='lat' dir='ltr'><strong>(laq.)Quodllatrbaeusuicit‹uixissebomtnum</strong></span> <span class='ocrx_word' id='word_1_692' title='bbox 1915 5209 1922 5244; x_wconf 77' lang='grc' dir='ltr'>ε</span> <span class='ocrx_word' id='word_1_693' title='bbox 1932 5187 2031 5256; x_wconf 66' lang='lat' dir='ltr'><strong>ocuti</strong></span> 
     </span>
     <span class='ocr_line' id='line_1_51' title="bbox 396 5278 2031 5357; baseline 0.007 -20"><span class='ocrx_word' id='word_1_694' title='bbox 396 5283 493 5353; x_wconf 86' lang='lat' dir='ltr'><strong>cipulis</strong></span> <span class='ocrx_word' id='word_1_695' title='bbox 504 5282 629 5340; x_wconf 74' lang='lat' dir='ltr'><strong>Salvator</strong></span> <span class='ocrx_word' id='word_1_696' title='bbox 638 5285 787 5350; x_wconf 87' lang='lat' dir='ltr'><strong>descendit,</strong></span> <span class='ocrx_word' id='word_1_697' title='bbox 800 5284 935 5355; x_wconf 86' lang='lat' dir='ltr'><strong>alibiquid</strong></span> <span class='ocrx_word' id='word_1_698' title='bbox 945 5286 1077 5357; x_wconf 85' lang='lat' dir='ltr'><strong>sigriilicet</strong></span> <span class='ocrx_word' id='word_1_699' title='bbox 1090 5287 1186 5355; x_wconf 86' lang='lat' dir='ltr'><strong>aperit,</strong></span> <span class='ocrx_word' id='word_1_700' title='bbox 1243 5278 1307 5331; x_wconf 74' lang='lat' dir='ltr'><strong>uu&#39;tll</strong></span> <span class='ocrx_word' id='word_1_701' title='bbox 1315 5281 1386 5344; x_wconf 71' lang='lat' dir='ltr'><strong>ruit,</strong></span> <span class='ocrx_word' id='word_1_702' title='bbox 1399 5281 1508 5334; x_wconf 79' lang='lat' dir='ltr'><strong>ruodicrr</strong></span> <span class='ocrx_word' id='word_1_703' title='bbox 1518 5281 1601 5350; x_wconf 72' lang='lat' dir='ltr'><strong>fiiri-⁹</strong></span> <span class='ocrx_word' id='word_1_704' title='bbox 1612 5281 1717 5338; x_wconf 68' lang='lat' dir='ltr'><strong>liutius</strong></span> <span class='ocrx_word' id='word_1_705' title='bbox 1728 5282 1860 5356; x_wconf 73' lang='lat' dir='ltr'><strong>impteti:</strong></span> <span class='ocrx_word' id='word_1_706' title='bbox 1875 5281 1946 5349; x_wconf 61' lang='lat' dir='ltr'><strong>Quid</strong></span> <span class='ocrx_word' id='word_1_707' title='bbox 1956 5280 2031 5336; x_wconf 69' lang='lat' dir='ltr'><strong>timidi</strong></span> 
     </span>
     <span class='ocr_line' id='line_1_52' title="bbox 396 5370 2033 5447; baseline 0.009 -18"><span class='ocrx_word' id='word_1_708' title='bbox 396 5390 458 5429; x_wconf 89' lang='lat' dir='ltr'><strong>curn</strong></span> <span class='ocrx_word' id='word_1_709' title='bbox 480 5378 661 5446; x_wconf 87' lang='lat' dir='ltr'><strong>praenuntiato</strong></span> <span class='ocrx_word' id='word_1_710' title='bbox 686 5392 741 5431; x_wconf 72' lang='lat' dir='ltr'><strong>suae</strong></span> <span class='ocrx_word' id='word_1_711' title='bbox 766 5377 901 5446; x_wconf 90' lang='lat' dir='ltr'><strong>passionis</strong></span> <span class='ocrx_word' id='word_1_712' title='bbox 926 5378 1189 5447; x_wconf 84' lang='lat' dir='ltr'><strong>resurrectionisque</strong></span> <span class='ocrx_word' id='word_1_713' title='bbox 1240 5370 1542 5433; x_wconf 52' lang='lat' dir='ltr'><strong>&amp;regumandabatis</strong></span> <span class='ocrx_word' id='word_1_714' title='bbox 1556 5371 1764 5442; x_wconf 78' lang='lat' dir='ltr'><strong>fideurllllare.</strong></span> <span class='ocrx_word' id='word_1_715' title='bbox 1780 5373 1831 5445; x_wconf 70' lang='grc' dir='ltr'><strong>Ιν·)</strong></span> <span class='ocrx_word' id='word_1_716' title='bbox 1845 5373 1924 5428; x_wconf 83' lang='lat' dir='ltr'><strong>lll³ut</strong></span> <span class='ocrx_word' id='word_1_717' title='bbox 1937 5372 2033 5428; x_wconf 50' lang='lat' dir='ltr'><strong>tillim</strong></span> 
     </span>
     <span class='ocr_line' id='line_1_53' title="bbox 396 5459 2030 5541; baseline 0.004 -20"><span class='ocrx_word' id='word_1_718' title='bbox 396 5469 535 5539; x_wconf 65' lang='lat' dir='ltr'><strong>nii-sterio,</strong></span> <span class='ocrx_word' id='word_1_719' title='bbox 549 5484 611 5524; x_wconf 77' lang='lat' dir='ltr'><strong>mox</strong></span> <span class='ocrx_word' id='word_1_720' title='bbox 624 5468 731 5526; x_wconf 78' lang='lat' dir='ltr'><strong>dicebar</strong></span> <span class='ocrx_word' id='word_1_721' title='bbox 742 5469 776 5524; x_wconf 83' lang='lat' dir='ltr'><strong>ad</strong></span> <span class='ocrx_word' id='word_1_722' title='bbox 787 5485 883 5525; x_wconf 87' lang='lat' dir='ltr'><strong>omnes</strong></span> <span class='ocrx_word' id='word_1_723' title='bbox 898 5488 904 5524; x_wconf 90' lang='lat'>:</span> <span class='ocrx_word' id='word_1_724' title='bbox 919 5469 949 5525; x_wconf 73' lang='lat' dir='ltr'><strong>se</strong></span> <span class='ocrx_word' id='word_1_725' title='bbox 960 5471 1018 5541; x_wconf 70' lang='lat' dir='ltr'><strong>que</strong></span> <span class='ocrx_word' id='word_1_726' title='bbox 1033 5469 1087 5524; x_wconf 80' lang='lat' dir='ltr'><strong>eutr</strong></span> <span class='ocrx_word' id='word_1_727' title='bbox 1102 5470 1190 5524; x_wconf 75' lang='lat' dir='ltr'><strong>uenire</strong></span> <span class='ocrx_word' id='word_1_728' title='bbox 1241 5459 1400 5528; x_wconf 78' lang='lat' dir='ltr'><strong>perrectum,</strong></span> <span class='ocrx_word' id='word_1_729' title='bbox 1412 5462 1606 5532; x_wconf 74' lang='lat' dir='ltr'><strong>ululatuum</strong></span> <span class='ocrx_word' id='word_1_730' title='bbox 1617 5464 1728 5535; x_wconf 79' lang='lat' dir='ltr'><strong>sinapis</strong></span> <span class='ocrx_word' id='word_1_731' title='bbox 1741 5465 1798 5520; x_wconf 75' lang='lat' dir='ltr'><strong>ttae</strong></span> <span class='ocrx_word' id='word_1_732' title='bbox 1811 5481 1878 5536; x_wconf 78' lang='lat' dir='ltr'><strong>ergo</strong></span> <span class='ocrx_word' id='word_1_733' title='bbox 1890 5475 1919 5520; x_wconf 82' lang='lat' dir='ltr'><strong>et</strong></span> <span class='ocrx_word' id='word_1_734' title='bbox 1931 5465 1976 5520; x_wconf 82' lang='lat' dir='ltr'><strong>tue</strong></span> <span class='ocrx_word' id='word_1_735' title='bbox 1988 5465 2030 5527; x_wconf 75' lang='lat' dir='ltr'><strong>au,</strong></span> 
     </span>
     <span class='ocr_line' id='line_1_54' title="bbox 395 5553 2032 5632; baseline 0.005 -19"><span class='ocrx_word' id='word_1_736' title='bbox 395 5570 452 5629; x_wconf 82' lang='lat' dir='ltr'><strong>port</strong></span> <span class='ocrx_word' id='word_1_737' title='bbox 466 5577 520 5625; x_wconf 88' lang='lat' dir='ltr'><strong>me,</strong></span> <span class='ocrx_word' id='word_1_738' title='bbox 538 5560 646 5631; x_wconf 80' lang='lat' dir='ltr'><strong>abneget</strong></span> <span class='ocrx_word' id='word_1_739' title='bbox 661 5564 841 5632; x_wconf 83' lang='lat' dir='ltr'><strong>semetipsum,</strong></span> <span class='ocrx_word' id='word_1_740' title='bbox 863 5572 888 5616; x_wconf 91' lang='lat' dir='ltr'><strong>et</strong></span> <span class='ocrx_word' id='word_1_741' title='bbox 902 5561 977 5616; x_wconf 84' lang='lat' dir='ltr'><strong>tollet</strong></span> <span class='ocrx_word' id='word_1_742' title='bbox 993 5577 1096 5615; x_wconf 76' lang='lat' dir='ltr'><strong>eruerem</strong></span> <span class='ocrx_word' id='word_1_743' title='bbox 1111 5577 1189 5615; x_wconf 84' lang='lat' dir='ltr'><strong>strum</strong></span> <span class='ocrx_word' id='word_1_744' title='bbox 1242 5553 1350 5606; x_wconf 72' lang='lat' dir='ltr'><strong>ututllru’</strong></span> <span class='ocrx_word' id='word_1_745' title='bbox 1376 5554 1448 5620; x_wconf 73' lang='lat' dir='ltr'><strong>(tuci.</strong></span> <span class='ocrx_word' id='word_1_746' title='bbox 1478 5554 1566 5610; x_wconf 63' lang='lat' dir='ltr'><strong>Lucus</strong></span> <span class='ocrx_word' id='word_1_747' title='bbox 1589 5565 1703 5611; x_wconf 87' lang='lat' dir='ltr'><strong>autern:</strong></span> <span class='ocrx_word' id='word_1_748' title='bbox 1725 5554 1775 5611; x_wconf 72' lang='lat' dir='ltr'><strong>Uli</strong></span> <span class='ocrx_word' id='word_1_749' title='bbox 1799 5555 2032 5627; x_wconf 76' lang='lat' dir='ltr'><strong>estliderreatru!</strong></span> 
     </span>
     <span class='ocr_line' id='line_1_55' title="bbox 395 5645 2032 5723; baseline 0.002 -27"><span class='ocrx_word' id='word_1_750' title='bbox 395 5649 938 5723; x_wconf 63' lang='lat' dir='ltr'><strong>quotidieerseqnpmrme(uami,xv1),</strong></span> <span class='ocrx_word' id='word_1_751' title='bbox 1244 5645 1317 5716; x_wconf 77' lang='lat' dir='ltr'><strong>llere.</strong></span> <span class='ocrx_word' id='word_1_752' title='bbox 1344 5647 1415 5716; x_wconf 81' lang='lat' dir='ltr'><strong>rtur.)</strong></span> <span class='ocrx_word' id='word_1_753' title='bbox 1446 5647 1478 5700; x_wconf 76' lang='lat' dir='ltr'><strong>lit</strong></span> <span class='ocrx_word' id='word_1_754' title='bbox 1501 5655 1587 5701; x_wconf 92' lang='lat' dir='ltr'><strong>totum</strong></span> <span class='ocrx_word' id='word_1_755' title='bbox 1611 5649 1721 5717; x_wconf 88' lang='lat' dir='ltr'><strong>quidem</strong></span> <span class='ocrx_word' id='word_1_756' title='bbox 1744 5650 1797 5703; x_wconf 90' lang='lat' dir='ltr'><strong>dici</strong></span> <span class='ocrx_word' id='word_1_757' title='bbox 1817 5651 1936 5719; x_wconf 89' lang='lat' dir='ltr'><strong>potuit.</strong></span> <span class='ocrx_word' id='word_1_758' title='bbox 1967 5645 2032 5714; x_wconf 78' lang='lat' dir='ltr'><strong>(inid</strong></span> 
     </span>
    </p>

    <p class='ocr_par' dir='ltr' id='par_1_6' title="bbox 391 5734 2036 6183">
     <span class='ocr_line' id='line_1_56' title="bbox 432 5734 2034 5813; baseline 0.004 -18"><span class='ocrx_word' id='word_1_759' title='bbox 432 5735 491 5812; x_wconf 55' lang='lat' dir='ltr'><strong>[Vl</strong></span> <span class='ocrx_word' id='word_1_760' title='bbox 505 5738 539 5793; x_wconf 79' lang='lat' dir='ltr'><strong>Et</strong></span> <span class='ocrx_word' id='word_1_761' title='bbox 554 5757 611 5795; x_wconf 84' lang='lat' dir='ltr'><strong>ecce</strong></span> <span class='ocrx_word' id='word_1_762' title='bbox 624 5752 709 5797; x_wconf 85' lang='lat' dir='ltr'><strong>motus</strong></span> <span class='ocrx_word' id='word_1_763' title='bbox 722 5760 832 5813; x_wconf 79' lang='lat' dir='ltr'><strong>irruguus</strong></span> <span class='ocrx_word' id='word_1_764' title='bbox 846 5743 930 5812; x_wconf 75' lang='lat' dir='ltr'><strong>luctus</strong></span> <span class='ocrx_word' id='word_1_765' title='bbox 944 5754 980 5797; x_wconf 83' lang='lat' dir='ltr'><strong>est</strong></span> <span class='ocrx_word' id='word_1_766' title='bbox 995 5745 1022 5797; x_wconf 87' lang='lat' dir='ltr'><strong>r&#39;n</strong></span> <span class='ocrx_word' id='word_1_767' title='bbox 1041 5746 1127 5808; x_wconf 78' lang='lat' dir='ltr'><strong>taturi,</strong></span> <span class='ocrx_word' id='word_1_768' title='bbox 1152 5746 1189 5798; x_wconf 88' lang='lat' dir='ltr'><strong>ita</strong></span> <span class='ocrx_word' id='word_1_769' title='bbox 1242 5737 1328 5790; x_wconf 77' lang='lat' dir='ltr'><strong>liulltll</strong></span> <span class='ocrx_word' id='word_1_770' title='bbox 1341 5738 1413 5802; x_wconf 82' lang='lat' dir='ltr'><strong>estis,</strong></span> <span class='ocrx_word' id='word_1_771' title='bbox 1423 5739 1466 5791; x_wconf 87' lang='lat' dir='ltr'><strong>uli</strong></span> <span class='ocrx_word' id='word_1_772' title='bbox 1479 5747 1517 5792; x_wconf 79' lang='lat' dir='ltr'><strong>r&#39;tl</strong></span> <span class='ocrx_word' id='word_1_773' title='bbox 1527 5738 1594 5806; x_wconf 76' lang='lat' dir='ltr'><strong>fides</strong></span> <span class='ocrx_word' id='word_1_774' title='bbox 1607 5750 1702 5805; x_wconf 71' lang='lat' dir='ltr'><strong>luttru,</strong></span> <span class='ocrx_word' id='word_1_775' title='bbox 1718 5740 1829 5795; x_wconf 70' lang='lat' dir='ltr'><strong>mollitur</strong></span> <span class='ocrx_word' id='word_1_776' title='bbox 1843 5734 2034 5810; x_wconf 58' lang='lat' dir='ltr'><strong>ualetudo.)</strong></span> 
     </span>
     <span class='ocr_line' id='line_1_57' title="bbox 401 5829 2034 5904; baseline 0.001 -23"><span class='ocrx_word' id='word_1_777' title='bbox 401 5838 428 5882; x_wconf 85' lang='grc' dir='ltr'><strong>ιιι</strong></span> <span class='ocrx_word' id='word_1_778' title='bbox 456 5829 578 5883; x_wconf 85' lang='lat' dir='ltr'><strong>nauicula</strong></span> <span class='ocrx_word' id='word_1_779' title='bbox 599 5833 745 5901; x_wconf 84' lang='lat' dir='ltr'><strong>operiretur</strong></span> <span class='ocrx_word' id='word_1_780' title='bbox 756 5831 888 5901; x_wconf 65' lang='lat' dir='ltr'><strong>plectitur.</strong></span> <span class='ocrx_word' id='word_1_781' title='bbox 914 5830 1013 5904; x_wconf 61' lang='grc' dir='ltr'>(θήρ.)</span> <span class='ocrx_word' id='word_1_782' title='bbox 1028 5834 1095 5888; x_wconf 82' lang='lat' dir='ltr'><strong>Cum</strong></span> <span class='ocrx_word' id='word_1_783' title='bbox 1116 5835 1188 5889; x_wconf 90' lang='lat' dir='ltr'><strong>enirn</strong></span> <span class='ocrx_word' id='word_1_784' title='bbox 1242 5829 1320 5885; x_wconf 85' lang='lat' dir='ltr'><strong>Unde</strong></span> <span class='ocrx_word' id='word_1_785' title='bbox 1330 5839 1357 5884; x_wconf 90' lang='lat' dir='ltr'><strong>ct</strong></span> <span class='ocrx_word' id='word_1_786' title='bbox 1370 5832 1442 5885; x_wconf 88' lang='lat' dir='ltr'><strong>aliud</strong></span> <span class='ocrx_word' id='word_1_787' title='bbox 1456 5832 1510 5896; x_wconf 85' lang='lat' dir='ltr'><strong>bie,</strong></span> <span class='ocrx_word' id='word_1_788' title='bbox 1526 5831 1598 5885; x_wconf 89' lang='lat' dir='ltr'><strong>uliud</strong></span> <span class='ocrx_word' id='word_1_789' title='bbox 1616 5832 1658 5885; x_wconf 87' lang='lat' dir='ltr'><strong>ille</strong></span> <span class='ocrx_word' id='word_1_790' title='bbox 1672 5841 1881 5887; x_wconf 87' lang='lat' dir='ltr'><strong>commemorat.</strong></span> <span class='ocrx_word' id='word_1_791' title='bbox 1894 5832 1923 5887; x_wconf 83' lang='lat' dir='ltr'><strong>st</strong></span> <span class='ocrx_word' id='word_1_792' title='bbox 1941 5841 2034 5902; x_wconf 90' lang='lat' dir='ltr'><strong>poten·</strong></span> 
     </span>
     <span class='ocr_line' id='line_1_58' title="bbox 397 5908 2036 5998; baseline 0.004 -24"><span class='ocrx_word' id='word_1_793' title='bbox 397 5920 480 5975; x_wconf 87' lang='lat' dir='ltr'><strong>multa</strong></span> <span class='ocrx_word' id='word_1_794' title='bbox 495 5937 591 5994; x_wconf 88' lang='lat' dir='ltr'><strong>magna</strong></span> <span class='ocrx_word' id='word_1_795' title='bbox 601 5933 629 5978; x_wconf 93' lang='lat' dir='ltr'><strong>et</strong></span> <span class='ocrx_word' id='word_1_796' title='bbox 639 5924 760 5979; x_wconf 89' lang='lat' dir='ltr'><strong>miranda</strong></span> <span class='ocrx_word' id='word_1_797' title='bbox 772 5925 935 5980; x_wconf 88' lang='lat' dir='ltr'><strong>ostendisset</strong></span> <span class='ocrx_word' id='word_1_798' title='bbox 947 5925 973 5979; x_wconf 91' lang='lat' dir='ltr'><strong>in</strong></span> <span class='ocrx_word' id='word_1_799' title='bbox 987 5936 1068 5992; x_wconf 87' lang='lat' dir='ltr'><strong>terra,</strong></span> <span class='ocrx_word' id='word_1_800' title='bbox 1082 5927 1191 5983; x_wconf 87' lang='lat' dir='ltr'><strong>transiit</strong></span> <span class='ocrx_word' id='word_1_801' title='bbox 1242 5935 1296 5981; x_wconf 90' lang='lat' dir='ltr'><strong>tem</strong></span> <span class='ocrx_word' id='word_1_802' title='bbox 1312 5908 1448 5996; x_wconf 71' lang='lat' dir='ltr'><strong>mesrrpcr·</strong></span> <span class='ocrx_word' id='word_1_803' title='bbox 1462 5937 1563 5982; x_wconf 83' lang='lat' dir='ltr'><strong>terram</strong></span> <span class='ocrx_word' id='word_1_804' title='bbox 1577 5928 1754 5998; x_wconf 78' lang='lat' dir='ltr'><strong>cognovistis,</strong></span> <span class='ocrx_word' id='word_1_805' title='bbox 1767 5944 1853 5998; x_wconf 87' lang='lat' dir='ltr'><strong>quare</strong></span> <span class='ocrx_word' id='word_1_806' title='bbox 1863 5943 1918 5983; x_wconf 86' lang='lat' dir='ltr'><strong>uren</strong></span> <span class='ocrx_word' id='word_1_807' title='bbox 1929 5924 2036 5982; x_wconf 75' lang='lat' dir='ltr'><strong>creditit</strong></span> 
     </span>
     <span class='ocr_line' id='line_1_59' title="bbox 398 6014 2035 6090; baseline 0.002 -23"><span class='ocrx_word' id='word_1_808' title='bbox 398 6014 533 6079; x_wconf 81' lang='lat' dir='ltr'><strong>numere,</strong></span> <span class='ocrx_word' id='word_1_809' title='bbox 559 6024 589 6071; x_wconf 94' lang='lat' dir='ltr'><strong>ut</strong></span> <span class='ocrx_word' id='word_1_810' title='bbox 613 6017 713 6077; x_wconf 88' lang='lat' dir='ltr'><strong>ibidem</strong></span> <span class='ocrx_word' id='word_1_811' title='bbox 728 6018 816 6073; x_wconf 88' lang='lat' dir='ltr'><strong>adbuc</strong></span> <span class='ocrx_word' id='word_1_812' title='bbox 830 6018 1020 6075; x_wconf 83' lang='lat' dir='ltr'><strong>excellentiora</strong></span> <span class='ocrx_word' id='word_1_813' title='bbox 1041 6035 1123 6088; x_wconf 89' lang='lat' dir='ltr'><strong>opera</strong></span> <span class='ocrx_word' id='word_1_814' title='bbox 1144 6021 1189 6074; x_wconf 91' lang='lat' dir='ltr'><strong>de·</strong></span> <span class='ocrx_word' id='word_1_815' title='bbox 1242 6021 1312 6089; x_wconf 84' lang='lat' dir='ltr'><strong>quod</strong></span> <span class='ocrx_word' id='word_1_816' title='bbox 1327 6029 1354 6075; x_wconf 78' lang='lat' dir='ltr'><strong>et</strong></span> <span class='ocrx_word' id='word_1_817' title='bbox 1376 6022 1403 6075; x_wconf 90' lang='lat' dir='ltr'><strong>ln</strong></span> <span class='ocrx_word' id='word_1_818' title='bbox 1427 6023 1494 6075; x_wconf 82' lang='lat' dir='ltr'><strong>uitari</strong></span> <span class='ocrx_word' id='word_1_819' title='bbox 1515 6031 1610 6090; x_wconf 81' lang='lat' dir='ltr'><strong>potens</strong></span> <span class='ocrx_word' id='word_1_820' title='bbox 1626 6022 1704 6076; x_wconf 87' lang='lat' dir='ltr'><strong>sum?</strong></span> <span class='ocrx_word' id='word_1_821' title='bbox 1725 6019 1754 6076; x_wconf 86' lang='lat' dir='ltr'><strong>Si</strong></span> <span class='ocrx_word' id='word_1_822' title='bbox 1776 6022 1862 6076; x_wconf 85' lang='lat' dir='ltr'><strong>Deum</strong></span> <span class='ocrx_word' id='word_1_823' title='bbox 1878 6035 1922 6076; x_wconf 89' lang='lat' dir='ltr'><strong>me</strong></span> <span class='ocrx_word' id='word_1_824' title='bbox 1935 6031 1994 6074; x_wconf 81' lang='lat' dir='ltr'><strong>esse</strong></span> <span class='ocrx_word' id='word_1_825' title='bbox 2007 6027 2035 6074; x_wconf 78' lang='lat' dir='ltr'><strong>et</strong></span> 
     </span>
     <span class='ocr_line' id='line_1_60' title="bbox 391 6107 2036 6183; baseline 0.006 -27"><span class='ocrx_word' id='word_1_826' title='bbox 391 6110 575 6173; x_wconf 78' lang='lat' dir='ltr'><strong>morrsrrarer,</strong></span> <span class='ocrx_word' id='word_1_827' title='bbox 601 6115 735 6178; x_wconf 85' lang='lat' dir='ltr'><strong>quatenus</strong></span> <span class='ocrx_word' id='word_1_828' title='bbox 751 6116 830 6167; x_wconf 75' lang='lat' dir='ltr'><strong>terre</strong></span> <span class='ocrx_word' id='word_1_829' title='bbox 846 6110 982 6182; x_wconf 76' lang='lat' dir='ltr'><strong>inanisque</strong></span> <span class='ocrx_word' id='word_1_830' title='bbox 998 6109 1139 6165; x_wconf 89' lang='lat' dir='ltr'><strong>bominum</strong></span> <span class='ocrx_word' id='word_1_831' title='bbox 1161 6127 1191 6166; x_wconf 89' lang='lat' dir='ltr'><strong>se</strong></span> <span class='ocrx_word' id='word_1_832' title='bbox 1242 6123 1393 6167; x_wconf 80' lang='lat' dir='ltr'><strong>creatorem</strong></span> <span class='ocrx_word' id='word_1_833' title='bbox 1413 6113 1532 6166; x_wconf 79' lang='lat' dir='ltr'><strong>munium</strong></span> <span class='ocrx_word' id='word_1_834' title='bbox 1557 6111 1730 6183; x_wconf 81' lang='lat' dir='ltr'><strong>sruscrpistis,</strong></span> <span class='ocrx_word' id='word_1_835' title='bbox 1746 6128 1832 6182; x_wconf 88' lang='lat' dir='ltr'><strong>quare</strong></span> <span class='ocrx_word' id='word_1_836' title='bbox 1847 6128 1903 6169; x_wconf 92' lang='lat' dir='ltr'><strong>non</strong></span> <span class='ocrx_word' id='word_1_837' title='bbox 1928 6107 2036 6166; x_wconf 78' lang='lat' dir='ltr'><strong>creditis</strong></span> 
     </span>
    </p>
   </div>
   <div class='ocr_carea' id='block_1_5' title="bbox 0 0 2278 6850">
    <p class='ocr_par' dir='ltr' id='par_1_7' title="bbox 0 0 2278 6850">
     <span class='ocr_line' id='line_1_61' title="bbox 0 0 2278 6850; baseline 0 0"><span class='ocrx_word' id='word_1_838' title='bbox 0 0 2278 6850; x_wconf 95' lang='lat' dir='ltr'><strong> </strong></span> 
     </span>
    </p>
   </div>
  </div>
 </body>
</html>
