4509 6850
314 631 381 684 titia

646 630 676 685 ll.
699 630 828 684 RABlb'l·
846 628 955 684 ttabut
972 622 1131 683 nuctttee.
1153 621 1307 681 uadunt.
1327 617 1467 677 bennun
1489 616 1578 672 Putas
1600 615 1619 669 l.

1873 609 1943 680 tiras

304 745 452 816 perlectum
473 751 513 800 est
525 763 531 798 ι
545 745 576 797 Et
601 744 682 797 sr'errti
702 760 793 796 sumus
814 751 848 796 te.
868 740 908 796 Αι
927 740 949 795 si
971 739 1090 794 diceret:
1107 734 1212 795 Atium
1233 735 1351 789 amnium
1372 731 1564 791 numerositas,
1581 733 1609 780 et
1620 739 1668 794 per
1685 723 1737 777 duo
1748 720 1828 776 lecim
1855 721 1946 775 tribus

304 835 430 890 Fecimus
444 835 514 903 quot
532 832 636 901 jussisti
649 851 655 886 ι
668 833 732 887 auid
749 833 831 903 igitur
846 832 924 887 nobis
937 830 1015 885 dabis
1027 837 1095 899 prae

305 925 375 980 miii

338 1014 417 1071 iesus
435 1026 521 1069 autern
543 1015 609 1068 dixit
631 1016 668 1069 eis
679 1032 688 1070 :
700 1016 781 1069 ,lmen
800 1016 858 1068 dico
874 1015 943 1068 codis
961 1012 1031 1083 quod
1051 1028 1094 1065 cos

304 1108 349 1172 utri
362 1096 442 1163 secreti
453 1108 513 1161 estis
530 1125 569 1161 roe
584 1108 610 1161 in
625 1108 827 1177 repensandam,
843 1123 902 1160 cum
914 1105 1010 1159 sederit
1023 1102 1095 1171 filices

305 1197 417 1250 bominis
431 1198 460 1250 in
474 1197 533 1251 sede
547 1197 692 1267 majestatis
705 1214 772 1262 surr,
789 1197 910 1252 sedebitis
925 1205 948 1249 et
961 1210 1004 1249 eos
1017 1208 1097 1262 super

295 1287 378 1363 ¹sedes
398 1288 549 1350 duodecim,
561 1287 711 1356 judicantes
735 1287 872 1341 duodecim
896 1287 979 1340 tribus
1001 1282 1094 1338 lsrael.

305 1378 364 1433 Nou
375 1380 460 1433 dixit:
472 1378 521 1446 Qui
538 1379 684 1448 reliquistis
693 1378 783 1433 onmia
795 1398 801 1432 ε
812 1380 862 1435 boe
875 1378 947 1433 euim
961 1386 988 1431 et
1000 1376 1097 1431 Socra-

307 1479 348 1524 tes
357 1469 420 1523 iecit
428 1470 613 1539 pbilasuplrus,
624 1476 651 1523 et
663 1468 739 1522 multi
753 1468 796 1521 alii
808 1468 916 1521 diuitias
928 1476 1098 1536 contempsu

306 1569 383 1625 raut;
403 1561 449 1613 scd
463 1560 506 1629 qui
517 1560 598 1613 secuti
612 1560 672 1613 estis
686 1576 735 1622 ore,
751 1559 822 1627 qnod
836 1559 945 1627 proprie
958 1557 1098 1629 apostola·

306 1666 367 1704 rtun
392 1659 433 1705 est
457 1659 538 1719 atqua
561 1651 738 1705 credentium.
755 1649 789 1702 ln
813 1649 1018 1719 repensandam,
1039 1643 1099 1701 aaut

307 1739 401 1794 sederit
419 1739 490 1801 tilius
505 1740 617 1793 bontiuis
637 1742 664 1794 iu
677 1740 736 1793 sede
749 1739 894 1809 majestatis
911 1755 978 1804 stam,
992 1738 1101 1807 quaudo

1145 824 1228 881 lsrael
1242 822 1403 877 universitas
1417 834 1513 874 eorum
1527 816 1571 887 qui
1587 813 1724 884 judicandi
1740 821 1805 867 snut
1818 810 1945 864 ostend·

1145 924 1200 969 tur.
1224 912 1300 968 Unde
1321 911 1469 966 natandum
1483 907 1553 979 quod
1568 908 1621 961 ιιι
1635 913 1698 960 svrnt
1717 903 1830 958 ordines
1845 902 1950 957 eleeto·

1147 1020 1206 1059 rum
1218 1001 1354 1071 injudicio
1370 1001 1466 1056 loturi:
1476 997 1731 1069 unasjudieautiurn
1743 1009 1807 1049 earm
1817 987 1948 1057 Domino,

1147 1095 1289 1165 dequibus
1304 1096 1356 1150 boc
1371 1094 1431 1149 loco
1449 1098 1626 1153 memoratur,
1643 1087 1689 1158 qrvi
1705 1086 1877 1156 reliquerunt
1893 1098 1950 1140 arn·

1148 1187 1211 1250 uia,
1230 1194 1258 1241 et
1279 1184 1364 1239 secuti
1395 1193 1458 1239 sunt
1485 1182 1576 1237 illum:
1600 1180 1668 1235 alias
1692 1176 1907 1248 judicandarum
1928 1191 1948 1229 a

1147 1278 1273 1341 Doctrina,
1287 1276 1332 1348 qui
1349 1291 1402 1331 nou
1414 1275 1522 1344 quidem
1537 1273 1626 1328 omnia
1640 1286 1689 1327 sua
1705 1270 1810 1341 pariter
1828 1268 1950 1339 relique-

1149 1365 1223 1434 ru‘nt,
1239 1368 1285 1424 sed
1307 1370 1341 1424 da
1353 1369 1396 1424 his
1410 1377 1512 1422 tantum
1528 1381 1588 1436 qnae
1611 1365 1749 1421 bibebant
1770 1363 1953 1434 quotidiam

1149 1464 1214 1517 dare
1226 1462 1409 1532 eleemosynas
1420 1460 1585 1530 pauperibus
1595 1457 1697 1514 Christi
1710 1458 1856 1512 curabant.
1871 1458 1952 1514 Unda

1150 1552 1268 1607 audituri
1282 1560 1344 1608 sunt
1356 1551 1495 1622 injudicio
1509 1567 1515 1604 ι
1532 1546 1631 1614 Venite,
1640 1548 1769 1603 benedieti
1782 1546 1876 1603 Patris
1888 1550 1953 1614 mei,

1150 1640 1279 1714 possidete
1288 1652 1410 1713 paratum
1421 1643 1491 1697 uoltis
1502 1658 1609 1712 requam
1618 1658 1641 1696 a·
1646 1641 1833 1696 constitutione
1841 1642 1954 1697 mandi:

1151 1736 1246 1790 esuriri
1261 1735 1329 1789 enim
1343 1744 1367 1788 et
1381 1733 1566 1788 dedistismihi
1584 1733 1755 1798 oranducare,
1770 1732 1847 1787 sitiri
1865 1741 1889 1786 et
1912 1732 1956 1786 d'e·

307 1836 336 1883 et
352 1843 384 1882 eu
399 1830 512 1883 atortuis
527 1830 559 1884 de
577 1830 749 1899 corruptione
774 1837 917 1899 resurgent
939 1828 1100 1897 incorrupti.
1152 1828 1228 1882 distis
1254 1826 1316 1881 otini
1340 1826 1425 1881 bibere
1447 1824 1556 1898 (liuteis.
1572 1823 1648 1894 nur),
1660 1833 1688 1878 et
1701 1833 1812 1882 catera.
1829 1822 1955 1894 Quarum

308 1918 438 1974 sedebitis
452 1929 480 1974 et
494 1935 542 1974 vas
557 1920 583 1973 in
598 1920 673 1975 soliis
684 1918 875 1988 judicantium,
890 1919 1102 1974 condemnantes
1153 1928 1180 1973 et
1197 1919 1223 1973 iu
1238 1916 1422 1988 superioribus
1438 1914 1516 1983 lrrrjns
1530 1914 1666 1985 Evangelii
1681 1914 1815 1969 Dominus
1829 1913 1958 1969 meminit

309 2006 451 2063 duodecim
465 2010 553 2064 tribus
571 2009 663 2075 lsrael,
679 2011 741 2079 vqrria
762 2011 838 2064 robis
855 2010 1030 2064 esurientibus
1044 2023 1102 2064 cre·
1155 2027 1215 2067 curra
1239 2010 1360 2081 principe
1387 2008 1502 2079 quodam
1525 2007 1710 2077 interrogante
1731 2006 1799 2077 quid
1824 2006 1891 2061 boni
1919 2006 1958 2060 la-

310 2097 375 2150 dcre
386 2096 539 2150 noluerunt.
554 2097 645 2168 (llam)
657 2099 685 2152 lu
698 2100 748 2153 lrae
758 2100 856 2169 quippe
866 2101 982 2167 vitupro
995 2099 1102 2154 nautiuc
1120 2082 1251 2159 Bciendo
1266 2102 1349 2156 uitam
1373 2111 1464 2171 posset
1489 2100 1588 2154 halvere
1609 2107 1787 2169 perparuam:
1802 2095 1834 2153 Si
1849 2098 1897 2161 nte,
1916 2097 1957 2151 in.

311 2185 370 2254 ejus
392 2186 546 2241 laborantes
561 2188 588 2242 in
610 2188 662 2241 alia
683 2189 822 2256 pueritiam
843 2205 953 2259 sperare
975 2190 1104 2245 [turstinus
1156 2195 1223 2267 quvis,
1239 2194 1274 2248 ad
1288 2194 1367 2248 piram
1383 2192 1493 2263 inpacati,
1507 2207 1581 2246 aerea
1594 2191 1730 2247 iurandum,
1755 2189 1820 2243 Non
1840 2188 1954 2242 nomici-

311 2278 413 2342 docuit,
429 2280 455 2333 id
470 2287 512 2335 est
526 2280 552 2333 in
568 2280 781 2349 regeneratione,
802 2297 863 2334 cum
883 2280 1008 2335 videlicet
1024 2281 1050 2334 in
1066 2282 1105 2334 vi·
1156 2288 1227 2340 diunt
1244 2286 1335 2355 socies,
1347 2301 1399 2339 uon
1413 2283 1523 2351 suetum,
1538 2299 1589 2336 eron
1603 2266 1699 2351 [oisrun
1718 2282 1901 2336 testimonium
1914 2282 1958 2335 di-

313 2377 368 2424 tam
394 2370 575 2425 immortalem
600 2369 731 2425 fuerimus
755 2372 919 2441 resurgeudo
943 2372 1103 2443 regerterati,
1156 2393 1208 2440 res,
1229 2375 1329 2429 donoro
1347 2384 1447 2443 patrem
1468 2383 1491 2425 et
1509 2381 1632 2441 snutrein,
1649 2382 1672 2424 et
1686 2370 1781 2440 diliqes
1804 2370 1956 2440 proximant

312 2462 358 2531 qui
378 2460 405 2515 in
423 2462 506 2515 ruam
527 2462 655 2516 earlucaru
680 2462 817 2517 ineramus
841 2463 991 2517 mortaliter
1011 2463 1104 2534 quiriti.
1157 2475 1231 2519 tuum
1244 2465 1310 2519 sieut
1325 2473 1349 2517 te
1365 2464 1449 2533 ipsium
1473 2460 1594 2531 (Supra).
1614 2460 1743 2531 Ergoqni
1758 2460 1890 2514 mandata
1906 2459 1958 2513 lla-

315 2551 382 2618 Quia
397 2552 489 2621 procul
506 2553 587 2607 dubia
600 2554 658 2607 dnn
670 2562 732 2607 srrut
744 2555 970 2624 regenerationes,
983 2555 1107 2610 similiter
1156 2558 1222 2614 mini
1246 2565 1345 2621 servat,
1358 2555 1391 2610 ad
1409 2555 1491 2609 vitam
1508 2553 1656 2624 ingreditur
1675 2560 1806 2606 aeternam
1819 2571 1826 2605 :
1840 2552 1886 2620 qui
1905 2567 1956 2605 au·

313 2651 378 2698 serrat
393 2644 452 2697 sluaa
473 2642 642 2713 adaptiones,
661 2646 720 2700 (lum
744 2655 771 2699 et
798 2647 1020 2701 resurrectiones.
1047 2647 1105 2703 Una
1158 2654 1213 2702 tcm
1228 2661 1279 2700 nou
1292 2645 1378 2701 solum
1395 2646 1520 2699 aaarrdata
1537 2651 1637 2709 stnvat,
1657 2659 1750 2699 verum
1767 2645 1853 2698 etiam
1867 2645 1960 2698 consi

314 2734 484 2802 regeneratio
498 2742 539 2788 est
557 2736 590 2789 de
604 2752 656 2805 qua
676 2736 805 2790 lluminus
820 2737 903 2790 dicit:
918 2736 978 2790 Nisi
994 2739 1052 2808 orris
1067 2755 1109 2791 re·
1158 2740 1223 2795 lium
1238 2739 1355 2804 Domini,
1369 2739 1440 2809 quod
1455 2738 1487 2793 de
1500 2737 1703 2794 contemnendis
1716 2736 1821 2791 divitiis
1839 2751 1871 2792 ae
1886 2737 1959 2790 luxi-

315 2835 393 2879 aatus
405 2825 483 2893 suerit
498 2841 530 2879 er
545 2842 613 2896 aqua
627 2836 651 2880 et
666 2825 766 2896 Spiritu
781 2837 871 2880 saneto
888 2844 939 2881 iton
952 2827 1068 2882 introibit
1081 2828 1110 2882 itt
1158 2832 1210 2887 bus
1230 2830 1334 2897 tribuit,
1358 2830 1491 2899 sequitur,
1505 2843 1559 2883 nau
1587 2834 1691 2882 tantum
1714 2826 1800 2881 vitam
1824 2828 1960 2897 percipiet

314 2930 422 2984 reprcunt
438 2914 560 2969 coelorum
575 2914 665 2986 (ioan.
679 2916 727 2989 rr).
744 2916 835 2972 llltera
849 2917 916 2979 lime,
928 2918 960 2972 de
972 2933 1024 2987 qua
1038 2933 1110 2973 virtue
1160 2925 1226 2996 ipse,
1239 2924 1286 2978 scd
1303 2923 1384 2978 etiam
1401 2923 1433 2977 de
1449 2923 1502 2976 ritu
1517 2921 1632 2975 aliorum
1646 2936 1707 2975 cum
1724 2920 1841 2975 Dourino
1852 2920 1960 2991 judica·

315 3002 398 3058 dicit:
414 3003 445 3057 lu
465 3008 658 3075 reqerrcrutione
673 3023 731 3060 curn
745 3007 839 3061 sederit
856 3007 927 3075 filius
948 3007 1061 3063 iroruiuis
1082 3008 1110 3062 in
1159 3013 1208 3068 bit.
1224 3014 1315 3083 Atque
1328 3012 1364 3066 ita
1383 3010 1495 3066 fitutia
1511 3009 1629 3077 iudicio,
1644 3016 1674 3064 ut
1686 3009 1816 3073 diximus,
1831 3009 1886 3063 dtto
1905 3003 1961 3064 sint

316 3098 376 3152 sede
391 3097 535 3168 nrajeuorn
552 3117 617 3154 serre.
638 3101 727 3154 l'rinta
741 3101 850 3171 adoptio
870 3110 912 3156 est
925 3101 958 3155 de
971 3117 1023 3171 qua
1046 3102 1111 3157 dicit
1160 3103 1270 3157 ordines
1282 3103 1425 3157 bonarum.
1441 3099 1494 3155 Sed
1510 3108 1537 3154 et
1551 3099 1729 3170 reprobarunt
1744 3100 1814 3155 dttns
1826 3099 1864 3155 ibi
1886 3099 1961 3156 lutu-

317 3188 460 3260 Apostolus
474 3209 479 3243 :
495 3190 556 3245 Non
581 3183 717 3262 accepistis
738 3193 858 3261 spiritum
879 3194 1016 3261 seruitutis¹
1029 3194 1058 3247 iu
1079 3193 1111 3246 ti·
1161 3209 1207 3250 ιιι
1231 3192 1340 3248 ordines
1363 3191 1477 3246 Domino
1502 3197 1630 3245 narrante
1658 3189 1961 3260 comperimustunnru

317 3298 397 3342 orare,
412 3282 457 3336 sed
478 3284 613 3354 accepistis
633 3285 752 3355 spiritura
775 3284 923 3355 adoptionis
943 3284 1068 3353 liliorum,
1084 3286 1112 3338 in
1161 3301 1256 3341 eorum
1281 3285 1326 3355 qui
1351 3282 1411 3339 fidei
1427 3282 1589 3339 Citristianae
1607 3282 1743 3353 mysteriis
1762 3281 1863 3336 initiati
1876 3297 1961 3353 opera

317 3388 368 3439 quo
382 3371 541 3441 adornamus,
560 3375 629 3430 dbia
650 3373 908 3446 prendiderat).
926 3374 1049 3432 Secunda
1066 3377 1112 3430 ad·
1164 3377 1225 3433 fidei
1246 3391 1373 3432 exercere
1388 3383 1563 3431 contemnunt
1575 3391 1582 3430 :
1595 3374 1692 3444 quibas
1710 3374 1737 3428 in
1757 3371 1861 3442 judicio
1876 3382 1962 3429 testa-

319 3461 392 3530 aptio
404 3463 456 3515 erit
468 3464 501 3517 de
518 3481 569 3533 qua
583 3467 654 3520 idcm
667 3467 804 3536 apostolus
814 3467 869 3519 ait:
884 3465 937 3520 Sed
948 3476 971 3519 et
983 3467 1031 3536 ipsi
1046 3436 1148 3521 interC
1165 3480 1209 3524 tur
1222 3489 1228 3524 z
1242 3468 1372 3524 Discedite
1386 3485 1402 3521 n
1415 3485 1455 3522 nte
1469 3466 1601 3521 maledicti
1615 3467 1642 3520 in
1656 3468 1741 3535 ipnem
1764 3475 1894 3520 aternum
1917 3467 1962 3536 qtri

320 3566 366 3603 rros
381 3550 571 3619 irrqenriseiorus
584 3555 748 3623 adoptionem
767 3566 944 3625 carpentorum
960 3557 1112 3626 redemptio·
1163 3573 1272 3635 partiens
1296 3571 1333 3615 ert
1358 3558 1462 3614 diabolo
1477 3568 1501 3612 et
1521 3557 1619 3628 nrrpeiis
1642 3557 1710 3627 ejas.
1727 3556 1836 3611 Esuriet'
1848 3557 1919 3611 enim
1937 3565 1962 3609 et

320 3657 378 3697 itero
393 3644 509 3713 eorporis
524 3647 606 3698 riustri
622 3645 727 3717 (ibid).
741 3647 831 3701 Prima
848 3648 1011 3703 resurrectio
1025 3655 1066 3702 est
1080 3647 1113 3702 de

319 3747 373 3804 qua
388 3733 517 3788 liarniuus
533 3735 617 3790 dicit:
635 3734 725 3790 Veniet
744 3742 809 3790 toro
829 3746 853 3790 et
869 3754 938 3792 nnnc
956 3747 993 3792 est
1008 3737 1113 3808 quaudo

321 3822 418 3875 mortni
430 3823 537 3877 audient
558 3841 644 3878 ararem
657 3823 731 3878 'Filii
748 3824 808 3890 Dei,
825 3835 848 3880 et
860 3826 905 3895 qui
920 3828 1061 3890 audierint,
1077 3828 1114 3881 u·-

322 3920 381 3966 ueut
402 3911 492 3984 (doun.
504 3915 553 3984 tv).
577 3914 611 3969 Et
632 3915 659 3968 in
679 3914 839 3985 Apocalypsi
852 3933 858 3969 ε
871 3915 968 3970 Beatus
979 3917 1024 3988 qui
1038 3916 1113 3971 laniet

322 4011 423 4071 parient
436 4002 465 4055 io
485 4003 671 4058 resurrectione
690 4005 831 4075 primodo
853 4006 889 4059 eis
910 4007 1025 4061 securtdo
1045 4024 1114 4062 mors

323 4111 374 4148 non
396 4094 497 4148 lrabeiit
519 4105 671 4165 potestatem
693 4094 784 4167 (Aper.
800 4095 858 4168 xa).
881 4095 1005 4152 &cunda
1028 4113 1116 4153 resur-

325 4185 409 4240 reetio
423 4186 518 4241 eritde
530 4203 583 4256 qua
597 4187 727 4243 Dominus
743 4187 829 4243 dicit:
844 4187 934 4242 Nolite
945 4191 1038 4244 mirari
1055 4191 1113 4258 loe,

323 4279 385 4347 quia
400 4281 467 4332 uenit
483 4280 548 4333 itero
560 4281 587 4334 in
600 4297 653 4350 qua
667 4297 754 4335 outaes
764 4283 809 4352 qui
821 4283 849 4334 ia
864 4285 1036 4338 monumentis
1055 4294 1115 4339 stant

1164 3672 1214 3708 teon
1226 3652 1334 3706 dedistis
1348 3651 1412 3704 nrilri
1423 3649 1591 3713 ntorrdoeare,
1603 3656 1655 3702 ete.
1668 3645 1776 3719 (llattlt.
1793 3644 1879 3719 nxt);
1893 3645 1965 3701 alte·

1164 3762 1224 3800 rum
1245 3758 1338 3800 corrrtu
1356 3743 1402 3813 qui
1416 3756 1464 3812 per
1478 3740 1557 3795 lldcm
1570 3739 1700 3810 mysteria
1717 3737 1820 3795 Christi
1835 3737 1878 3794 vel
1892 3753 1963 3795 ntan-

1164 3851 1245 3907 qaam
1267 3847 1418 3902 suscepere,
1435 3830 1475 3885 vel
1494 3838 1617 3915 suscepta
1634 3844 1684 3901 per
1697 3828 1863 3899 apostasiam
1888 3828 1962 3900 reie-

1165 3940 1226 3980 cere
1239 3942 1245 3976 τ
1257 3921 1291 3977 de
1305 3922 1403 3991 quibus
1417 3920 1497 3975 dicit:
1511 3918 1562 3985 Qui
1576 3929 1662 3974 nutem
1674 3935 1725 3972 nau
1737 3919 1829 3983 eredit,
1841 3920 1899 3989 jum
1915 3920 1964 3989 ju·

1165 4019 1267 4072 dicatus
1284 4015 1406 4086 est,quia
1421 4016 1473 4068 oon
1485 4013 1566 4066 eredit
1584 4013 1612 4066 in
1629 4012 1732 4066 nomine
1753 4012 1881 4084 uniqeniti
1896 4010 1963 4066 Filii

1166 4110 1214 4164 Dei
1229 4107 1319 4177 (doun.
1337 4104 1388 4177 ru).
1405 4104 1454 4173 Qui
1470 4103 1597 4173 quoniam
1619 4117 1670 4157 nee
1687 4102 1865 4157 verbotenus
1881 4100 1964 4156 Clari·

1166 4208 1235 4254 stum
1249 4195 1337 4252 colere
1350 4195 1507 4259 voluerunt,
1523 4208 1572 4248 nec
1585 4192 1667 4247 verba
1680 4191 1775 4248 saltem
1792 4190 1853 4259 ejus
1863 4193 1964 4263 quibus

1166 4294 1347 4358 coarguantur
1364 4285 1503 4355 injudicio
1514 4291 1654 4339 merentur
1674 4283 1776 4338 audire.
1793 4281 1849 4337 Sed
1863 4283 1898 4337 ad
1913 4283 1965 4339 bac

323 4371 431 4426 audient
452 4389 537 4426 racem
559 4373 617 4438 aet,
634 4383 659 4427 et
677 4375 816 4444 procedent
830 4376 874 4446 qui
891 4375 958 4430 bono
970 4387 1076 4447 eperunt
1090 4380 1116 4432 in
1167 4387 1271 4434 tantum
1285 4377 1398 4433 vestiunt
1413 4377 1440 4430 in
1459 4375 1706 4444 judiciumutcum
1720 4373 1821 4443 eisqui
1838 4372 1965 4441 judican-

325 4465 538 4518 resurrectionem
555 4465 689 4537 aitoe:qai
704 4483 762 4521 cera
781 4466 971 4537 maturuerunt
985 4469 1012 4523 in
1028 4486 1116 4524 resur·
1168 4477 1212 4523 tur
1232 4468 1419 4539 peecatoribus
1441 4467 1467 4521 in
1493 4466 1691 4522 damnationem
1714 4465 1860 4519 mittantur
1882 4473 1964 4520 aeter·

325 4556 463 4609 rectiauem
482 4556 578 4626 judieii
592 4557 682 4629 (dona.
696 4557 733 4628 v).
754 4557 831 4626 Quod
845 4573 910 4615 veto
923 4560 961 4614 ait
974 4578 980 4613 z
994 4558 1059 4614 Cant
1074 4578 1117 4615 se·
1168 4573 1241 4612 trarn.

325 4648 392 4701 derit
411 4647 482 4716 filias
502 4650 614 4703 dominis
629 4651 656 4705 in
671 4650 731 4705 sede
748 4651 893 4722 majestatis
913 4669 984 4717 ιιι,
997 4653 1118 4708 sedebitis
1203 4647 1237 4701 Et
1260 4665 1343 4702 omaus
1367 4649 1412 4720 qui
1432 4646 1564 4719 reliquerit
1587 4646 1705 4710 dantum,
1720 4643 1761 4699 uei
1782 4645 1891 4714 fratres,
1915 4656 1961 4699 oret

325 4748 349 4793 et
363 4755 407 4792 uas
418 4746 495 4809 strper
506 4739 578 4793 sedes
592 4741 740 4805 duodecim,
752 4750 817 4808 ιιι,
831 4755 910 4796 nemo
927 4748 1003 4811 patet
1017 4742 1117 4797 dttadc·
1133 4754 1281 4840 Dsororcs
1303 4748 1349 4792 aut
1373 4750 1483 4809 putrem,
1505 4746 1551 4790 aut
1569 4745 1690 4801 matteas,
1713 4745 1759 4789 aut
1783 4728 1904 4799 ararent,
1920 4745 1965 4789 aut

297 4876 301 4886 .
327 4829 380 4883 cim
403 4837 505 4883 tanturn
526 4830 671 4898 apostolas,
687 4831 750 4899 quia
765 4845 813 4901 pro
834 4830 902 4886 iada
924 4832 1119 4900 praevaricante
1172 4829 1251 4897 filios,
1281 4838 1327 4882 aut
1349 4844 1437 4898 apros,
1456 4836 1561 4898 propter
1580 4841 1671 4879 eramen
1690 4841 1786 4888 urerent,
1814 4826 1964 4896 eerrtupturn

328 4920 454 4974 llattlrias
467 4921 569 4976 electus
584 4929 635 4987 est,
649 4930 711 4977 tune
722 4937 782 4976 esse
792 4921 969 4990 judicaturos,
982 4923 1053 4977 sicut
1068 4936 1118 4978 nce
1172 4919 1290 4987 accipiet,
1303 4927 1326 4971 et
1340 4919 1418 4971 uitam
1430 4929 1553 4970 aceruum
1563 4914 1712 4986 possidebit.
1726 4912 1863 4986 (literar.)
1877 4914 1965 4971 Locrus

327 5012 468 5067 duodecim
481 5012 544 5066 sulm
559 5021 622 5066 sunt
642 5012 727 5066 tribus
744 5011 825 5067 lsrael
836 5011 998 5081 judicarulae,
1014 5012 1115 5082 alioqui
1173 5008 1225 5062 iste
1242 5024 1303 5063 eum
1326 5008 1371 5062 illa
1398 5008 1532 5062 scatentia
1554 5006 1678 5077 congruit
1703 5007 1730 5060 in
1757 5022 1812 5077 qua
1839 5007 1966 5063 Salvator

329 5104 415 5157 trinas
435 5102 510 5168 Levi,
523 5119 584 5173 quae
599 5103 676 5156 tertia
695 5103 797 5159 decimu
812 5112 870 5169 est,
885 5103 1031 5172 injudicata
1043 5120 1118 5160 rece·
1173 5097 1292 5166 loquitur
1308 5115 1314 5149 :
1329 5096 1390 5150 Nou
1403 5097 1460 5150 ueni
1473 5113 1563 5167 parcen
1577 5097 1676 5150 uterere
1688 5097 1733 5149 scd
1750 5097 1882 5166 alodiam.
1899 5097 1965 5152 l'enr'

328 5191 384 5256 det,
399 5201 426 5245 et
449 5190 548 5245 Paulus
569 5192 615 5260 qui
638 5191 759 5247 decimus
782 5193 878 5248 tertius
901 5203 944 5249 est
964 5193 1116 5262 apostolus,
1173 5187 1375 5256 errinrseporare
1387 5185 1517 5238 leunsinem
1531 5195 1732 5254 o‘potresuaet
1745 5187 1963 5257 matremofiiim

328 5281 455 5354 prolude
465 5283 658 5354 praevaricante
670 5281 797 5337 llattlrias
809 5284 910 5339 electus
921 5294 973 5348 est,
982 5281 1121 5353 jnrlicandi
1174 5287 1198 5330 et
1214 5292 1307 5329 narratu
1323 5293 1339 5328 u
1357 5292 1446 5340 socru,
1458 5284 1481 5328 et
1506 5276 1605 5328 iniuriei
1623 5275 1735 5328 iorninis
1749 5275 1888 5331 domestici
1907 5279 1964 5349 ejas

330 5381 403 5428 sorte
417 5372 566 5443 privabitur
580 5387 642 5428 cunt
653 5372 714 5441 ipse
732 5371 804 5427 dieat
818 5389 824 5426 ε
839 5372 953 5426 rl'escitis
966 5373 1027 5442 quio
1041 5387 1121 5439 unqe·
1175 5364 1282 5436 (lintri.
1295 5365 1333 5436 a).
1346 5366 1395 5433 Qui
1411 5380 1476 5435 ergo
1488 5373 1597 5434 propter
1609 5365 1688 5418 ddum
1703 5364 1804 5420 Christi
1821 5374 1849 5421 et
1862 5369 1965 5437 praedi·

331 5467 369 5518 los
384 5464 572 5533 judicabimus,
584 5473 681 5533 quanto
695 5465 776 5534 rnaqis
792 5464 952 5518 secularia?
965 5463 990 5534 (l
1002 5460 1122 5533 Conui.)
1174 5457 1308 5515 tationem
1328 5456 1458 5526 evangelii
1482 5471 1577 5511 omues
1599 5455 1712 5512 allectus
1735 5461 1965 5528 eantetnpscriut,

332 5554 476 5609 Sciendum
493 5570 609 5624 namque
623 5563 663 5609 est
676 5570 770 5609 oraraes
783 5555 829 5624 qui
843 5556 876 5609 ad
889 5553 1039 5622 exemplum
1058 5567 1122 5619 apo·
1176 5557 1255 5616 atque
1272 5547 1379 5602 divitias
1403 5554 1430 5599 et
1451 5547 1541 5601 saeculi
1564 5546 1724 5617 voluptates,
1737 5548 1782 5602 isti
1806 5549 1966 5620 centuplum

331 5645 462 5701 stolorum
474 5660 522 5698 sua
535 5645 700 5714 reliquerunt
712 5650 812 5707 orrtrria,
828 5655 855 5699 et
870 5645 955 5700 secuti
969 5652 1031 5698 srrnt
1044 5643 1123 5697 Clui-
1176 5640 1318 5709 recipient,
1332 5645 1358 5692 et
1372 5639 1455 5692 ritant
1479 5630 1608 5693 aeternam
1623 5637 1810 5708 possidebunt.
1827 5639 1868 5693 Ex
1882 5656 1967 5695 occa·

332 5745 415 5798 staua,
433 5736 537 5805 jndices
559 5752 620 5790 cnm
642 5752 675 5790 eo
695 5736 916 5798 venturus,sient
939 5735 1019 5787 ctiam
1043 5748 1123 5787 numa
1175 5731 1253 5785 sione
1272 5728 1351 5797 lustjus
1378 5729 1516 5784 sententiae
1543 5729 1653 5798 quidam
1681 5728 1860 5783 introducunt
1892 5728 1967 5783 mille

331 5825 584 5895 traortaliumgcaus
602 5842 662 5882 esse
681 5827 866 5896 judicandum.
888 5823 1123 5892 Quiaenimduo·
1175 5839 1261 5877 auarus
1282 5831 1343 5892 past
1372 5822 1617 5887 resurrectionem,
1642 5821 1765 5875 dicentes
1794 5820 1873 5874 nobis
1902 5829 1988 5892 triac,

335 5915 443 5969 «terrario
457 5931 529 5985 supe
550 5933 662 5973 numero
676 5919 743 5973 solet
756 5919 783 5972 in
798 5917 947 5986 Scripturis
961 5916 1123 5970 universitas
1175 5913 1328 5982 centuplum
1341 5913 1460 5968 omnium
1472 5928 1560 5968 rerum
1574 5926 1642 5982 qrtas
1669 5911 1831 5972 diatisinuts,
1843 5920 1872 5965 et
1882 5911 1966 5964 vitatu

335 6003 480 6075 designari,
493 6024 542 6078 per
555 6008 696 6064 duoleeirn
710 6010 787 6063 sedes
807 6007 1123 6077 apostulorumjrulirau·
1175 6012 1302 6060 aeternam
1326 6007 1497 6068 reddendam,
1513 6021 1565 6060 raon
1593 6005 1771 6075 intelligentes
1794 6005 1866 6073 quod
1892 6007 1914 6058 si
1939 6003 1966 6057 iu
