4509 6850
310 633 358 689 331
625 629 656 686 lt.
677 627 803 686 nannai
821 627 929 685 attunt
948 625 1106 684 nnclttnlt
1129 623 1282 682 plotini.
1303 613 1447 684 obtudat
1465 624 1556 683 bntts
1574 626 1595 681 Ι.
1887 625 1945 682 3ΰί
1959 653 1968 674 .-

602 741 716 799 cient
733 741 802 797 xttl.
1108 739 1211 802 Arari,
1225 739 1265 794 sic
1277 741 1322 794 ubi
1346 741 1404 796 baec
1426 750 1535 796 actem
1552 739 1736 797 damnationis
1755 739 1874 796 obnoxia
1896 755 1945 796 eo·

344 835 481 904 Quomodo
496 849 529 890 ss
541 835 582 888 itis
598 833 731 904 speciebus
746 832 910 903 compunctio
923 839 1057 885 nmcstsr.
1146 829 1249 900 glosis,
1266 830 1382 901 coguitis
1405 830 1461 894 bis,
1482 830 1628 886 condietur
1652 843 1785 886 errorem.
1801 828 1946 888 Cutdsrssio

343 927 383 983 Er
395 927 438 982 his
452 940 559 998 quoque
573 934 688 997 quatuor
707 925 848 995 speciebus
870 924 957 980 solent
974 922 1095 979 occasio·
1146 929 1236 974 autem
1251 920 1365 986 erroris,
1379 919 1512 990 professio
1523 929 1566 976 est
1584 918 1735 976 desinunt.
1757 919 1946 978 occidendum

308 1029 357 1072 nes
375 1015 600 1087 supplicationum
622 1014 760 1086 pinguium
775 1013 909 1085 generari.
928 1011 995 1068 llam
1013 1020 1042 1067 et
1060 1011 1095 1067 de
1145 1021 1287 1085 emoesta
1301 1012 1441 1083 peccatis,
1457 1012 1521 1068 dum
1531 1010 1666 1068 coniemio
1677 1020 1729 1076 est,
1741 1009 1877 1068 confessio
1891 1025 1942 1070 att·

307 1105 502 1163 obsecrationis
513 1105 614 1177 specie,
626 1119 686 1175 qne
700 1104 733 1159 de
747 1103 953 1174 compunctione
973 1101 1094 1158 nascitur
1146 1112 1199 1160 tem
1223 1104 1369 1169 anmmdt,
1393 1104 1517 1160 remissio
1540 1103 1671 1173 sequitur.
1696 1101 1830 1158 Ceterum
1849 1111 1943 1158 autem

306 1203 490 1266 peecatorum,
511 1194 585 1249 etde
605 1193 736 1249 orationis
752 1200 835 1259 statu,
858 1207 918 1261 qne
941 1191 975 1248 de
997 1191 1094 1248 fiducia
1145 1195 1305 1250 extrariam
1317 1195 1418 1266 estqui
1429 1203 1568 1265 peccatum
1579 1194 1728 1266 cognoscit,
1740 1208 1790 1250 nec
1802 1194 1944 1266 cognitum

306 1287 471 1346 oblationum
495 1294 523 1342 ct
542 1285 773 1342 consummatione
793 1283 945 1339 futurorum
963 1297 1012 1354 pro
1030 1297 1095 1339 con-
1145 1285 1299 1350 confitetur,
1320 1285 1356 1339 de
1375 1299 1430 1355 quo
1452 1286 1580 1342 iustruxit
1593 1300 1644 1340 nos
1664 1283 1810 1342 Psalmista
1824 1284 1941 1340 diceus:

306 1378 426 1435 scientiae
440 1375 549 1449 profluit
559 1375 686 1448 puritate,
699 1383 727 1431 et
741 1376 776 1431 de
795 1374 976 1446 postulatione
987 1388 1048 1444 quae
1060 1372 1094 1429 de
1145 1374 1240 1430 ileueia
1253 1375 1368 1430 Domina
1388 1376 1456 1430 siser
1472 1386 1558 1441 tuan,
1572 1384 1626 1432 etc..
1648 1373 1736 1446 (Psoi.
1748 1375 1854 1448 anxir).
1872 1375 1943 1434 Nam

306 1470 447 1526 charitatis
461 1469 555 1530 ardore
572 1469 702 1539 procetlit,
720 1475 748 1522 ct
768 1467 801 1522 de
813 1467 961 1538 gratianum
976 1466 1092 1532 actione,
1146 1465 1215 1520 idem
1227 1473 1255 1520 et
1266 1479 1297 1519 se
1308 1463 1404 1520 fecisse
1417 1472 1532 1522 testatur
1546 1465 1640 1522 diceus
1651 1482 1659 1519 ε
1671 1464 1753 1520 utet.-
1765 1464 1945 1537 pronuntiabo

306 1575 366 1630 quae
385 1559 576 1614 beneficiorum
599 1571 631 1613 ac
654 1557 845 1630 magnitudinis
866 1573 898 1613 ac
915 1559 1023 1628 pietatis
1035 1558 1094 1628 ejus
1145 1555 1282 1610 aduersum
1296 1570 1336 1610 nte
1347 1554 1491 1624 injustitias
1502 1571 1573 1608 meas
1586 1553 1710 1620 firmino,
1723 1562 1777 1612 etc.
1795 1553 1945 1626 Apostolus

305 1649 520 1706 consideratione
539 1656 694 1720 generatur,
716 1646 928 1705 torrentissimus
946 1649 1094 1721 sapissirne
1145 1663 1209 1703 reto
1222 1645 1338 1702 lacobus
1361 1646 1434 1702 idem
1457 1645 1610 1702 nonfacere
1636 1647 1805 1714 exhortatur,
1827 1648 1943 1704 dicens:

304 1740 428 1797 emimus
441 1753 536 1811 preces
555 1739 714 1813 tqrctasqne
733 1740 852 1810 prodire.
875 1739 914 1796 lta
938 1748 967 1797 ei
986 1748 1093 1797 condat
1145 1733 1310 1804 Confiternini
1330 1734 1488 1790 alterutram
1507 1747 1615 1805 peccata
1633 1748 1730 1804 oestro,
1750 1746 1775 1792 st
1795 1747 1869 1792 orate
1892 1753 1944 1809 pro

304 1846 398 1889 omnes
409 1831 459 1886 iras
470 1845 538 1902 quas
553 1830 726 1901 praediximus
747 1831 851 1901 species
864 1831 990 1888 omuibus
1004 1831 1091 1887 bemi-
1144 1830 1264 1894 invisens,
1275 1838 1330 1884 ete.
1341 1828 1413 1900 (ins.
1425 1827 1463 1900 r).
1477 1828 1572 1900 ltaque
1581 1830 1790 1902 exomologesis,
1800 1830 1945 1903 prosterni

304 1922 383 1978 nibus
398 1922 478 1977 utiles
492 1935 524 1976 ac
541 1921 710 1977 necessarias
730 1920 855 1987 inveniri,
878 1931 908 1975 ut
931 1921 959 1976 in
982 1937 1035 1977 uno
1047 1936 1094 1977 eo·
1144 1927 1173 1976 et
1185 1919 1286 1974 frumile
1304 1918 1420 1974 faciendi
1444 1920 1600 1976 bonriuibus
1617 1921 1759 1991 disciplina
1778 1929 1830 1988 est,
1846 1919 1945 1978 idun

305 2015 419 2084 demque
432 2014 500 2079 rire,
517 2014 706 2084 nuncquidem
719 2014 946 2083 obsecrationum,
957 2032 1029 2074 nuuc
1042 2032 1091 2074 au·
1143 2011 1190 2067 illl
1217 2019 1298 2082 atquc
1321 2011 1393 2066 virtu
1421 2011 1537 2083 praeiit,
1568 2028 1649 2070 saeco
1671 2022 1700 2070 et
1724 2013 1817 2070 cinere
1841 2026 1945 2084 eorpus

305 2116 359 2162 tem
373 2106 538 2174 orationum,
562 2121 634 2161 nnnc
653 2106 875 2177 postulationum,
898 2117 926 2165 et
944 2093 1297 2182 nuncgra-Biacursare,
1325 2117 1358 2157 ac
1382 2103 1509 2158 sordibus
1533 2104 1691 2171 obscurare,
1720 2103 1843 2160 antimum
1870 2117 1942 2158 mm-

306 2200 403 2253 tiarum
414 2198 549 2253 actionum
559 2211 642 2268 puros
653 2195 910 2256 aclerrentissimos
922 2200 1095 2272 supplicatio-
1145 2192 1253 2248 mribus
1264 2192 1389 2262 dejicere,
1407 2190 1454 2248 illi
1467 2207 1527 2263 dlii
1545 2194 1669 2264 peccati!
1684 2195 1756 2252 isitii
1778 2194 1944 2262 ”demittite

303 2287 347 2343 nis
358 2288 477 2341 variatos
488 2286 595 2341 emittat
609 2286 732 2344 affectus.
748 2286 838 2343 Prima
851 2289 885 2343 ad
903 2289 964 2345 illos
976 2292 1094 2360 peculia·
1145 2291 1260 2339 mutire·

304 2376 478 2431 riusvidetnr
499 2375 646 2446 pertinere,
665 2377 711 2446 qui
733 2376 821 2432 adbuc
841 2377 967 2435 uitiorum
984 2395 1094 2437 suerrum
1441 2371 1556 2430 CAPUT
1581 2375 1639 2432 lll-

304 2467 405 2523 acrrleis
417 2482 449 2522 ac
464 2468 594 2522 memoria
617 2469 815 2524 remordentur.
841 2467 964 2526 &cunda
986 2471 1019 2527 ad
1034 2471 1094 2530 illos
1462 2464 1624 2526 delituerit.

303 2560 349 2630 qui
367 2560 395 2614 in
409 2557 529 2629 proiecta
541 2556 597 2627 iam
612 2558 725 2628 spiritali
742 2561 862 2631 appetitu
882 2561 1010 2617 virtutum
1025 2577 1093 2634 qna·
1178 2557 1291 2616 bitania
1312 2570 1403 2616 autem
1419 2560 1537 2620 mmm
1559 2559 1654 2617 draco
1674 2560 1784 2618 nombre
1804 2561 1945 2633 appellan-

303 2655 365 2709 dam
376 2653 475 2709 mentls
486 2651 652 2708 sublimitate
663 2652 824 2707 condnunt.
839 2651 929 2707 'fertis
942 2653 976 2708 ad
989 2655 1093 2724 eosqui
1145 2655 1199 2715 fur,
1213 2666 1274 2721 quse
1294 2651 1391 2709 Latine
1408 2654 1536 2710 dicuntur
1557 2653 1718 2721 mactiones
1745 2651 1818 2708 latter
1832 2651 1946 2710 litanias

302 2742 494 2814 perlectionem
505 2749 628 2796 uotorum
640 2755 750 2796 suorum
763 2741 892 2811 operibus
904 2741 1093 2813 adimplentes,
1144 2754 1209 2796 vcro
1222 2748 1250 2794 ct
1263 2743 1463 2814 enonrologesin
1475 2744 1527 2798 boc
1540 2741 1639 2808 diflert,
1653 2741 1725 2811 quod
1745 2743 1946 2814 exomologesis

302 2831 471 2890 intercedere
487 2845 537 2904 pro
555 2831 617 2887 aliis
635 2846 741 2902 quoque
755 2830 971 2889 consideratione
993 2835 1094 2907 fragiti-
1143 2841 1177 2883 ex
1190 2830 1245 2885 sola
1260 2832 1429 2889 confessione
1444 2842 1616 2905 pcccatorum
1631 2833 1728 2905 agitur,
1753 2833 1856 2890 litaniae
1876 2849 1944 2892 tero

303 2924 367 2980 tatis
389 2938 483 2979 eonrm
507 2923 648 2979 charitatis
672 2923 759 2980 studio
777 2933 968 2995 provocantur.
991 2926 1092 2994 Quarta
1144 2937 1203 2991 ⁴1¹¹ae
1217 2922 1372 2979 indicuntur
1385 2932 1495 2996 l¹⁰ll²⁰f
1509 2924 1656 2996 ¹⁰8²⁰d¹¹¹¹¹
1673 2923 1825 2991 liminum,
1838 2935 1867 2980 ⁰²
1887 2924 1941 2981 5¹¹¹·

302 3014 335 3068 ad
350 3013 410 3070 illos
421 3013 478 3084 qni,
490 3011 546 3080 jam
561 3011 661 3082 penali
674 3013 848 3069 conscientie
863 3014 940 3084 spina
957 3015 991 3069 de
1003 3016 1093 3071 cordi·
1143 3014 1302 3080 petrurdarn
1328 3012 1448 3084 aliquem
1471 3014 1531 3085 ejus
1552 3007 1776 3078 misericordiam.
1800 3012 1942 3084 Supplica-

303 3104 355 3159 bus
371 3102 458 3174 pulsa,
473 3101 622 3175 sinquhres
641 3100 697 3170 jam
721 3101 920 3159 munificentias
941 3103 1046 3160 domim
1061 3119 1094 3161 ac
1145 3102 1225 3157 donis
1244 3117 1342 3158 nomen
1358 3103 1556 3172 quodammodo
1576 3117 1694 3158 nuucex
1708 3103 1943 3175 gmrtdttatereti·

303 3192 501 3257 miserationes,
524 3205 593 3261 quas
612 3190 654 3246 ref
676 3191 702 3246 in
725 3192 872 3261 praeterito·
884 3192 988 3257 tribuit,
1008 3192 1049 3247 rel
1065 3193 1091 3248 in
1143 3190 1316 3246 actualium
1337 3190 1423 3259 ferie,
1445 3201 1491 3248 aut
1504 3192 1630 3264 leqitinrae
1642 3201 1721 3248 eraut
1732 3192 1804 3264 apud
1819 3207 1879 3259 eos,
1894 3204 1948 3250 aus

301 3282 429 3352 presenti
443 3280 565 3351 largitur,
579 3279 621 3335 rel
635 3288 768 3349 preparat
781 3279 810 3334 in
823 3280 925 3344 futuro,
939 3290 1028 3336 urente
1044 3295 1093 3351 pu-
1143 3279 1261 3336 iudlctar.
1281 3280 1392 3338 indicte
1411 3290 1502 3338 autem
1515 3283 1579 3354 qnia
1591 3290 1737 3353 paupertas
1752 3283 1866 3354 antiqua
1884 3281 1942 3338 iio-

302 3371 411 3427 rissimn
428 3375 618 3434 retractantes,
635 3366 669 3421 ad
685 3366 758 3422 illum
780 3367 904 3438 ignitam,
924 3375 953 3422 et
970 3383 1031 3437 quae
1044 3382 1093 3426 ors
1144 3388 1287 3430 nrnrrorurn
1311 3390 1345 3432 ex
1368 3375 1513 3433 collatione
1537 3373 1720 3442 sacrificabat,
1744 3383 1792 3431 aut
1815 3374 1886 3432 certi
1908 3375 1944 3431 dc

302 3463 503 3522 bominumnec
516 3458 707 3530 comprehendi
724 3473 774 3515 nec
787 3460 901 3530 etprimi
916 3468 1014 3531 potest,
1028 3476 1092 3518 ora·
1143 3466 1222 3521 bonis
1248 3468 1447 3522 damnaturum.
1480 3466 1556 3522 Unde
1580 3466 1712 3537 supplicia
1732 3465 1862 3521 dicuntur
1879 3480 1942 3537 sup·

302 3556 402 3611 tionem
416 3551 615 3609 lementissinto
635 3551 717 3606 corde
731 3559 881 3622 raptantur.
895 3550 1092 3624 Nonnunquam
1143 3555 1314 3626 plicationes,
1329 3573 1390 3628 quse
1410 3557 1513 3613 frebant
1526 3557 1560 3613 de
1579 3556 1658 3613 bonis
1670 3570 1706 3611 es
1721 3569 1866 3627 passorum
1879 3570 1944 3627 sup-

301 3656 392 3703 mmeu
416 3658 493 3701 mens
513 3643 617 3715 quein
632 3642 707 3700 illum
724 3658 817 3699 rmum
841 3645 969 3715 puritatis
987 3645 1093 3716 proicit
1142 3649 1233 3718 plicia.
1260 3648 1352 3706 sacre
1375 3651 1449 3706 cuim
1474 3664 1520 3704 res
1542 3648 1576 3705 de
1602 3648 1685 3705 rebus
1708 3646 1943 3703 exsecrandorum

303 3734 438 3801 allectum,
457 3743 539 3804 atque
564 3734 592 3789 in
617 3747 651 3791 eo
668 3735 783 3804 eoeperit
800 3734 927 3801 radicari,
946 3735 1014 3792 solet
1035 3737 1093 3792 bec
1143 3741 1251 3797 fiebant„

302 3828 390 3883 orrruia
405 3825 486 3883 simui
502 3826 657 3897 pariterque
669 3827 836 3897 concipiens,
851 3836 932 3898 atque
943 3828 970 3883 iu
983 3828 1092 3884 modum
1438 3830 1552 3887 CAPUT
1570 3828 1640 3887 Xl'i.

302 3917 440 3985 esrjusdam
452 3915 732 3987 incomprehensibilis
741 3932 773 3972 ac
787 3919 969 3988 rapacissima
978 3917 1093 3973 flamma
1281 3922 1321 3977 fic
1334 3924 1488 3977 discretione
1501 3920 1629 3977 cretionis
1641 3917 1796 3977 dominice.

302 4017 401 4066 cuneta
414 4008 588 4079 murinam,
604 4007 777 4065 ineffabiliter
793 4012 827 4066 ed
845 4010 930 4067 ileum
946 4012 1091 4068 crnittere:
1177 4011 1255 4083 apua
1278 4012 1472 4084 evangelistam
1494 4010 1650 4067 ifattbaeum
1673 4018 1776 4080 septem
1793 4007 1944 4081 petitiones

302 4107 377 4156 tanta
391 4098 495 4155 scilicet
509 4098 536 4153 in
550 4098 623 4155 illius
640 4100 713 4155 bore
735 4111 872 4157 momento
885 4104 1051 4175 concipiens,
1065 4114 1094 4163 et
1143 4101 1284 4160 Dourimca
1305 4104 1445 4160 continere
1467 4103 1574 4159 ridetur
1594 4102 1694 4170 oratio,
1717 4117 1834 4173 quarum
1853 4102 1944 4159 tribus

301 4190 445 4248 effabiliter
467 4190 495 4245 in
514 4190 709 4261 supplicatione
728 4192 903 4263 profundens,
917 4205 1018 4265 quanta
1038 4212 1091 4253 non
1142 4204 1244 4251 uterus
1256 4202 1416 4265 poscuntur,
1433 4194 1545 4265 reliquis
1559 4203 1674 4264 quatuor
1688 4192 1860 4265 temporalia,
1879 4208 1943 4265 quse

301 4281 390 4338 dicam
414 4293 463 4335 ore
485 4292 653 4349 percurrere,
671 4281 718 4335 sed
738 4295 773 4336 ne
794 4281 852 4353 ipsa
877 4284 985 4355 quidem
1003 4295 1093 4341 urente
1144 4293 1233 4341 tamen
1244 4292 1353 4355 propter
1372 4294 1474 4341 aeoerua
1492 4284 1683 4355 consequenda
1695 4294 1759 4341 suut
1773 4285 1942 4343 necessaria.

301 4374 391 4431 ralean
405 4372 459 4429 alin
472 4380 593 4443 tempure
610 4373 757 4429 reeordari.
1143 4374 1209 4430 liam
1221 4376 1294 4445 quod
1304 4375 1417 4431 dicimus
1432 4393 1439 4428 :
1463 4373 1648 4443 Sanctificetur
1668 4390 1764 4429 nonna
1785 4383 1871 4439 tunm,
1891 4374 1943 4431 sd·

593 4480 707 4538 cqpuq·
724 4482 794 4538 xpp,
1144 4466 1229 4521 ueniat
1245 4480 1353 4537 reqrrurn
1363 4476 1448 4532 tunm,
1460 4465 1509 4535 liat
1521 4466 1641 4521 noluntas
1655 4476 1702 4520 tun
1714 4466 1781 4520 sicut
1794 4466 1824 4521 in
1835 4465 1902 4525 soeln
1914 4474 1942 4521 st

437 4551 477 4608 fis
488 4551 670 4623 enomoioqesi,
684 4553 711 4607 isi
725 4563 773 4619 est,
788 4555 957 4626 confessione.
1143 4559 1170 4611 in
1180 4566 1261 4621 terro,
1281 4555 1352 4626 quod
1370 4571 1423 4613 non
1435 4555 1551 4612 absurde
1564 4556 1673 4627 quidem
1695 4556 1898 4621 intellexerunt,
1912 4556 1940 4613 in

335 4643 539 4713 Exomologesis
551 4644 727 4717 &apstinere
748 4645 844 4703 Grmco
867 4647 999 4704 vocabulo
1023 4649 1091 4705 dici·
1143 4647 1239 4718 spiritu
1254 4657 1281 4703 et
1295 4662 1408 4717 corpore
1420 4648 1532 4703 omnino
1551 4647 1610 4703 sine
1634 4648 1687 4702 fine
1705 4647 1849 4703 retinenda
1862 4656 1940 4715 suin,

300 4745 357 4803 tur,
370 4736 442 4808 quod
454 4735 549 4791 Latium
564 4735 698 4792 confessio
719 4737 920 4806 iuterpretatur.
942 4739 1025 4809 Culus
1040 4756 1089 4799 no-
1107 4752 1205 4849 Dique
1219 4736 1263 4792 bic
1274 4737 1381 4807 quidem
1394 4738 1566 4805 inclinantur,
1578 4745 1606 4793 ot
1617 4745 1857 4809 quantumcunque
1876 4752 1942 4808 pro-

300 4827 383 4885 minis
394 4824 492 4896 duplex
513 4825 674 4895 significatio
687 4838 748 4893 est;
766 4838 812 4882 aut
829 4830 901 4884 enim
915 4831 943 4886 iu
959 4832 1038 4888 laude
1051 4834 1094 4887 in-
1149 4828 1255 4884 ficimus
1278 4837 1409 4899 augentur
1431 4828 1459 4883 in
1480 4829 1574 4894 uobis,
1598 4828 1716 4901 perfecte
1737 4844 1803 4885 rero
1828 4830 1857 4886 in
1884 4830 1940 4887 alia

300 4917 432 4989 telligitur
446 4913 590 4978 confessio,
603 4916 672 4971 sicut
682 4925 725 4971 est
736 4914 884 4985 :Confiteor
899 4919 957 4985 tibi,
972 4920 1097 4997 liciniae,
1149 4922 1214 4987 rita,
1236 4924 1309 4993 quod
1335 4920 1497 4990 sperandum
1520 4931 1578 4987 est,
1590 4936 1698 4991 semper
1717 4922 1939 4992 possidebuntur.

302 5003 452 5063 Patercsdi
464 5014 488 5058 rt
516 5014 606 5070 mrroe,
631 5013 679 5059 aut
703 5003 884 5063 denudatione
906 5019 1094 5079 peccatorum,
1147 5015 1225 5083 Quod
1246 5030 1312 5071 vero
1337 5013 1469 5070 dicimus:
1494 5010 1595 5067 Panem
1617 5024 1734 5068 nostram
1753 4998 1938 5085 quotidinaum

300 5114 362 5155 cum
374 5097 487 5166 quisque
500 5095 713 5153 lleooonlitetur
725 5113 773 5155 sua
790 5103 992 5169 peccataabeo
1005 5105 1094 5161 tmtut-
1145 5111 1182 5165 ds
1195 5106 1368 5173 nobislodie,
1382 5114 1407 5161 et
1430 5104 1532 5160 dimitte
1556 5104 1630 5159 nobis
1645 5103 1733 5158 debita
1751 5113 1854 5167 nostra,
1869 5105 1939 5159 sicat

301 5188 399 5259 penda,
421 5185 499 5256 cnjus
517 5186 677 5245 iudeficiens
698 5196 741 5245 esi
761 5191 957 5250 misericordia.
979 5194 1020 5251 Es
1042 5197 1095 5253 boc
1144 5210 1169 5257 et
1184 5216 1232 5255 nos
1253 5198 1410 5253 dimittimus
1432 5196 1591 5253 debitoribus
1614 5196 1719 5263 nostris,
1741 5206 1766 5250 et
1790 5194 1939 5267 nsinfsrns

300 5282 383 5354 mitur
405 5279 501 5337 limen
524 5278 654 5337 vocabulo
673 5282 834 5353 exprimitur
855 5293 883 5341 et
906 5284 1093 5358 frequentatur
1142 5292 1228 5347 nnsis
1243 5290 1421 5355 tentationem,
1435 5289 1481 5344 ssd
1501 5288 1583 5344 libers
1603 5305 1650 5343 nos
1670 5287 1784 5354 cneio,
1799 5290 1863 5360 quis
1883 5302 1939 5343 nnn

299 5371 503 5443 exomologesis,
521 5371 594 5441 quud
605 5371 733 5428 delictum
755 5385 878 5431 nostrum
900 5378 1014 5435 bomine
1027 5396 1092 5437 eun·
1142 5379 1233 5435 rideat
1253 5379 1287 5434 ad
1307 5377 1521 5449 praesentiente
1543 5377 1717 5449 indigentiam
1731 5376 1892 5457 pertinere!
1908 5376 1939 5433 ln

299 5464 417 5526 bamur,
432 5476 486 5517 ⁰⁰¹¹
496 5462 604 5532 (illm
620 5470 652 5519 ut
661 5463 764 5535 maro.
777 5465 853 5535 cuius
865 5469 1013 5538 mansoni
1026 5470 1093 5526 nibil
1141 5468 1188 5525 illa
1209 5469 1302 5539 utique
1322 5468 1376 5522 rita
1400 5475 1510 5530 aterna,
1533 5466 1580 5521 ubi
1601 5481 1651 5521 nos
1671 5480 1814 5535 speramus
1827 5480 1941 5537 senape-r

299 5552 436 5609 occultum
451 5561 503 5609 est.
517 5550 593 5611 nme
604 5554 823 5624 persapientiam
835 5556 935 5612 dicitur
945 5575 952 5613 :
962 5556 1014 5624 nst
1029 5560 1090 5614 nis·
1142 5559 1258 5626 futuros,
1273 5568 1302 5615 et
1313 5559 1429 5615 nominis
1442 5558 1489 5614 liei
1508 5556 1695 5623 sanctificatio,
1709 5564 1738 5613 et
1752 5570 1864 5629 mnam
1877 5554 1939 5627 eius

300 5645 387 5699 condit
399 5642 499 5701 srdsrs
509 5659 559 5699 sss
571 5661 624 5701 nors
634 5645 772 5715 diriqetnr,
790 5646 835 5715 qni
857 5658 943 5702 autern
958 5649 1091 5720 consessas
1142 5658 1170 5703 et
1182 5648 1305 5705 uoluntas
1315 5646 1373 5716 cius
1385 5647 1412 5701 in
1424 5658 1516 5703 nostro
1529 5647 1627 5718 spiritu
1641 5655 1669 5702 et
1686 5660 1802 5717 corpore
1815 5644 1940 5716 perfecte

298 5735 391 5801 treet,
416 5745 441 5791 et
464 5734 597 5805 reliquerit
620 5750 670 5801 en,
696 5736 902 5791 misericordiam
923 5750 1092 5807 conwsctar
1143 5750 1224 5810 atque
1244 5739 1431 5795 immortaliter
1447 5738 1654 5808 permanebunt.
1671 5736 1752 5793 Panis
1768 5750 1833 5793 sero
1846 5736 1939 5807 quoti-

300 5818 392 5894 teras.
414 5824 522 5896 aaran).
540 5823 682 5881 Confessio
703 5833 746 5879 est
770 5825 810 5878 rei
829 5825 933 5881 scilicet
951 5826 1010 5897 cius
1032 5844 1092 5899 quae
1143 5831 1238 5886 dianus
1253 5830 1422 5895 mendicius,
1438 5829 1500 5899 quia
1520 5828 1565 5885 hic
1579 5838 1622 5884 cst
1635 5828 1805 5885 necessarius
1817 5834 1939 5899 quantus
1958 5838 1961 5842 ⁴

300 5911 440 5981 inroretur
451 5911 580 5985 praefessa
593 5915 720 5986 cognitio.
735 5913 806 5971 Utile
819 5916 892 5971 enim
904 5917 1091 5987 sciucundum
1143 5925 1240 5978 anime
1261 5924 1389 5993 cautique
1411 5924 1570 5982 tribuendus
1590 5933 1644 5990 est,
1669 5924 1727 5979 site
1745 5920 1939 5995 spiritualiter,

300 6000 443 6076 quisquam
455 6019 515 6060 esse
528 6005 729 6061 existimaverat
751 6020 857 6077 rapere,
879 6008 1037 6078 adtdterari,
1051 6010 1093 6067 fu-
1143 6013 1200 6069 sire
1210 6013 1395 6083 numeraliter,
1407 6015 1464 6073 sire
1481 6023 1596 6086 utroque
1606 6014 1771 6088 intelligatur
1784 6013 1874 6071 modo.
1887 6010 1939 6073 llic
