4509 6850
314 578 366 638 aet

530 630 534 636 .
651 572 682 628 ll.
702 569 828 630 nabab!
847 568 959 628 nnbat
976 567 1138 626 lectitet).
1158 565 1314 626 lloctltt't.
1335 562 1478 621 obnubit
1499 560 1589 618 PARS
1608 561 1629 618 l.
1724 517 1762 568 κ’

307 689 440 752 ereditur,
468 700 531 743 cunr
546 679 614 756 justi
643 691 672 738 et
704 697 800 740 ornnes
826 682 861 740 ab
873 677 934 738 'hac
959 680 1099 752 temporali
1113 687 1138 746 ,t
1152 680 1228 751 regio
1240 694 1273 736 nc
1283 675 1443 734 sacerdotali
1454 673 1563 732 iunctus
1571 672 1672 741 cilicio,
1681 672 1795 732 dicens:
1812 672 1951 748 iliricum

307 785 405 842 morte,
430 775 509 847 quasi
535 788 552 829 a
577 787 675 844 sopore
699 771 787 830 somni
819 779 994 842 resurgentes
1016 770 1101 843 erigi-

308 868 413 926 labunt.

619 952 734 1011 CAPUT
750 951 795 1009 ΙΙΙ.

532 1044 573 1101 Dr
590 1044 672 1118 officio
685 1044 778 1117 priore
792 1045 874 1100 barm.

345 1141 442 1196 Primae
458 1146 548 1193 autern
560 1137 635 1192 horae
653 1135 801 1193 celebratio
815 1133 927 1207 proinde
940 1131 982 1202 llt,
994 1133 1058 1206 quia
1075 1133 1103 1188 in

1153 769 1237 824 oratio
1251 783 1309 822 mea
1322 767 1389 821 sieut
1410 765 1545 820 ircerrrrrrt
1562 765 1590 820 irr
1607 773 1745 835 conspecte
1763 772 1828 830 trec:
1841 764 1951 822 dantia

1152 874 1279 914 mansum
1302 871 1419 912 macram
1442 855 1603 925 sacrificiunt
1622 855 1807 926 rupertinurn.
1826 855 1856 912 ln
1876 855 1951 914 bora

1153 961 1259 1020 quoque
1272 946 1446 1002 Testamento
1458 958 1491 1000 eo
1507 952 1628 1014 tempore
1641 943 1773 1001 Dominus
1785 953 1815 1002 et
1826 943 1953 1004 Salvator

1153 1043 1247 1094 noster
1259 1035 1430 1094 cenantibus
1443 1033 1574 1106 apostolis
1587 1034 1750 1105 mysterium
1768 1035 1811 1090 stri
1830 1034 1954 1107 corporis

1154 1139 1181 1186 et
1195 1127 1333 1199 sarrguinis
1355 1126 1383 1181 in
1405 1125 1483 1181 initio
1501 1124 1624 1191 tradidit,
1639 1131 1671 1180 ut
1688 1132 1795 1197 tempus
1809 1124 1899 1196 ipsum
1914 1141 1956 1184 ra·

310 1241 371 1288 ortu
389 1231 441 1287 diei
456 1230 566 1301 nutando
584 1227 624 1284 sol
641 1228 676 1285 ab
696 1228 837 1286 occidente
849 1227 965 1299 primum
980 1234 1102 1298 apparet,
1154 1216 1250 1273 crificii
1262 1230 1404 1286 vesperum
1423 1213 1580 1270 ostenderet
1596 1212 1699 1269 seculi.
1715 1211 1836 1272 Proinde
1852 1215 1881 1274 in
1903 1216 1954 1272 iro-

311 1327 419 1392 oportet
431 1329 462 1375 ut
476 1317 566 1375 Solem
585 1317 698 1388 justitiae
716 1318 781 1375 oriri
795 1316 973 1388 postulemus,
986 1317 1056 1372 utin
1073 1315 1106 1371 il·
1156 1323 1249 1362 norem
1272 1305 1476 1362 admemoriam
1496 1311 1634 1360 lentorum
1662 1313 1899 1362 sacnmentarum
1926 1307 1955 1364 in

312 1411 365 1466 lius
379 1411 481 1467 lumine
498 1406 668 1464 ambulantes
683 1415 857 1479 peccatorum
872 1406 998 1462 tenebras
1016 1414 1044 1462 et
1063 1405 1104 1461 la·
1157 1400 1199 1455 bis
1214 1399 1379 1469 temporibus
1389 1398 1484 1453 adesse
1499 1410 1548 1452 nos
1562 1395 1641 1452 decet
1658 1395 1706 1452 bei
1718 1398 1910 1468 conspectibus
1927 1407 1956 1454 et

313 1516 398 1573 queos
407 1500 504 1556 mortis
514 1498 670 1555 evadamus.
680 1495 761 1553 iuxta
772 1497 837 1553 iilud
847 1495 918 1568 quod
929 1497 987 1567 ipsa
998 1495 1105 1552 Veritas
1157 1505 1313 1562 personare,
1329 1490 1356 1544 in
1371 1489 1429 1560 ejus
1442 1487 1559 1544 cultibus
1573 1487 1726 1544 orationum
1745 1497 1902 1546 nostrerum
1916 1487 1954 1548 iili

312 1606 364 1646 nos
385 1589 522 1652 admonet,
537 1588 649 1643 dicens:
664 1585 803 1642 Ambulare
821 1586 884 1641 dune
899 1585 983 1640 lacent
995 1586 1104 1650 habetis,
1158 1579 1321 1638 sacrificium
1335 1577 1491 1641 offerentes,
1504 1585 1586 1646 ataine
1596 1577 1623 1630 iu
1636 1574 1695 1646 eius
1712 1575 1838 1633 laudibus
1852 1578 1957 1649 pariter

314 1699 345 1736 ne
360 1681 428 1750 {arte
442 1680 554 1735 tenebre
579 1695 624 1735 nar
647 1676 868 1748 comprehendent
882 1673 974 1746 (leae.
996 1676 1059 1746 ιιι).
1074 1676 1109 1731 Et
1157 1671 1334 1727 exsultantes.
1363 1668 1511 1739 Vesperum
1535 1676 1627 1724 autern
1650 1669 1841 1725 nominatura
1867 1670 1957 1728 sidere

314 1772 399 1827 item:
417 1768 469 1838 Qui
479 1767 596 1823 ambalat
606 1768 634 1822 in
646 1766 700 1832 die,
717 1783 769 1821 non
779 1763 888 1836 offendit
903 1761 995 1837 (duan.
1012 1764 1051 1836 x).
1160 1762 1231 1834 quod
1245 1760 1348 1832 Vesper
1359 1768 1484 1827 uocatur,
1496 1767 1524 1816 et
1539 1760 1680 1816 decidente
1698 1759 1755 1818 soie
1774 1761 1908 1828 exoritur,
1923 1763 1957 1818 de

616 1876 731 1934 cepup
755 1874 801 1932 pv,
1159 1867 1214 1923 quo
1226 1853 1357 1923 propbeta
1371 1850 1436 1907 dicit
1450 1868 1458 1906 r
1473 1850 1509 1906 Et
1532 1866 1667 1921 cespenrn
1685 1867 1765 1922 saper
1780 1851 1853 1922 filios
1869 1852 1956 1908 bonti-

502 1969 543 2024 De
557 1970 641 2024 tertie
653 1968 726 2023 bora
739 1966 924 2022 celebratione.
1160 1959 1223 1999 ”lm
1236 1942 1380 2014 limum
1391 1942 1455 2012 [Μ’
1471 1940 1500 2013 (J
1501 1941 1544 1997 ⁰⁶·
1558 1941 1687 2015 ιω1111)·

351 2061 450 2118 aeftre
471 2061 546 2115 nora
564 2058 684 2114 onerum
704 2056 764 2112 rasa
784 2055 825 2122 ιι,
850 2056 913 2126 nura
937 2055 1017 2112 onia
1040 2034 1146 2110 nanB
1457 2050 1571 2108 canor
1592 2051 1655 2107 ιιι.

315 2151 417 2208 Christi
428 2150 519 2223 passio
530 2148 622 2218 coepit,
637 2163 699 2204 cnm
708 2161 758 2218 per
769 2145 923 2202 iudeorum
935 2145 1042 2218 linguas
1051 2144 1109 2216 jam
1441 2142 1480 2199 lle
1493 2143 1671 2216 completorio.

318 2251 383 2297 tunc
397 2240 528 2296 [lominus
541 2238 689 2296 cmcilrxus
703 2245 756 2302 est,
770 2243 798 2292 et
811 2243 873 2306 post
883 2235 1109 2292 resurrectionem
1196 2237 1235 2293 lle
1248 2236 1388 2308 completis
1408 2245 1499 2292 autem
1513 2235 1682 2294 celebrandis
1699 2236 1782 2294 etiam
1796 2239 1825 2294 in
1845 2237 1957 2296 neuun

316 2333 376 2404 ejus
390 2333 418 2388 in
430 2331 473 2387 die
487 2331 672 2395 Pentecosten,
688 2328 767 2384 tertia
780 2326 858 2393 bora,
872 2325 989 2398 Spiritus
1000 2335 1110 2382 sanctus
1161 2327 1314 2383 invenimus
1324 2325 1465 2397 exemplis,
1482 2326 1566 2382 David
1578 2325 1709 2396 propbeta
1725 2327 1853 2384 dicente:
1871 2327 1902 2385 Si
1914 2345 1958 2386 ee-

314 2422 399 2496 super
420 2419 556 2493 apostolos
577 2419 725 2474 descendit.
749 2416 805 2472 Suo
824 2416 918 2486 utique
938 2416 998 2473 loco
1011 2424 1040 2472 et
1061 2432 1111 2472 nu·
1161 2418 1271 2473 cerdera
1285 2419 1313 2471 in
1325 2416 1419 2471 lectam
1434 2417 1511 2472 strati
1532 2416 1594 2484 mei,
1609 2419 1633 2471 si
1648 2418 1743 2474 dedero
1761 2437 1883 2475 cumcurn
1896 2439 1958 2477 ocs-

317 2528 394 2570 mero
406 2509 640 2582 adprobationem
652 2505 814 2564 venerabilis
827 2504 977 2570 Trinitatis,
993 2504 1111 2577 Spiritus
1161 2507 1193 2563 lis
1204 2507 1280 2573 meir,
1294 2516 1319 2562 et
1332 2505 1461 2578 palpebris
1472 2508 1536 2561 meis
1549 2507 1771 2577 demirationem,
1782 2519 1830 2566 aut
1844 2514 1958 2582 requierit

316 2603 474 2659 Paracletus
488 2599 629 2656 descendit
649 2598 684 2655 ad
705 2606 803 2665 terras,
817 2595 979 2665 impleturus
995 2595 1111 2669 gutiam
1161 2598 1330 2672 temporibus,
1340 2596 1422 2654 donee
1432 2599 1562 2653 inueniam
1574 2597 1659 2653 locunt
1672 2599 1960 2667 Dominmtabernacrr-

316 2709 400 2766 quant
410 2690 535 2748 Christus
552 2688 687 2761 promisit.
1161 2691 1215 2746 lam
1233 2690 1288 2747 Dea
1301 2689 1383 2745 lacab
1397 2687 1483 2761 (Prot.
1492 2688 1596 2760 cxxxi).
1604 2687 1730 2758 Quisnon
1737 2699 1846 2762 stupeat
1854 2701 1957 2750 tantam

627 2797 740 2854 cppup
758 2796 792 2853 v,
1161 2782 1189 2838 in
1207 2797 1300 2838 amore
1314 2781 1362 2837 Dei
1386 2781 1556 2838 devotionem
1575 2781 1671 2847 animi,
1694 2782 1723 2836 ni
1746 2797 1872 2838 somnum
1895 2785 1957 2852 sibi,

552 2869 687 2941 Despicio
704 2877 786 2923 rene
797 2867 879 2923 bora.
1161 2876 1221 2930 sine
1236 2888 1290 2944 quo
1308 2873 1401 2943 utique
1424 2885 1538 2944 corpora
1565 2872 1684 2927 burnana
1698 2871 1837 2940 deliciunt,
1851 2875 1959 2946 penitus

253 3025 257 3034 ,
352 2963 540 3022 seruantem
554 2961 623 3017 bora
636 2959 761 3016 cbristus
773 2959 802 3013 in
814 2971 891 3014 aram
908 2957 998 3015 crucis
1015 2971 1111 3015 ascen·
1162 2962 1343 3028 interdixerit,
1358 2962 1443 3018 donee
1461 2961 1550 3017 locum
1561 2975 1593 3018 ac
1604 2961 1734 3034 templum
1745 2961 1862 3020 bonnae
1877 2963 1960 3020 labri·

317 3055 368 3120 nir,
382 3062 487 3110 aerernn
509 3051 584 3107 Patri
600 3050 719 3120 seipsum
731 3047 856 3115 oderem,
877 3055 910 3103 ut
926 3063 976 3104 nos
997 3063 1013 3104 a
1035 3057 1112 3120 pote-
1161 3056 1279 3111 candum
1299 3052 1327 3107 in
1350 3059 1460 3121 pectore
1481 3065 1531 3106 suo
1546 3065 1594 3106 rex
1616 3058 1644 3106 et
1660 3050 1792 3123 propbeta
1810 3054 1960 3124 reperiret?

317 3153 389 3201 state
403 3143 505 3200 inimici
525 3149 553 3198 0²
570 3156 587 3197 a
606 3147 737 3213 perpetua
757 3148 845 3196 m⁰ri0
865 3138 1009 3206 bremen
1029 3148 1111 3214 itque
1162 3145 1228 3217 Qum
1241 3160 1287 3202 res
1298 3160 1349 3202 nos
1363 3144 1442 3200 debet
1458 3142 1567 3200 sortiter
1585 3145 1743 3212 admonere,
1756 3152 1788 3201 ut
1807 3143 1829 3201 si
1853 3145 1904 3216 ipsi
1921 3143 1959 3202 lo

318 3237 380 3293 ideo
392 3236 518 3292 conuenit
530 3243 562 3291 ut
578 3250 611 3290 ea
623 3248 673 3289 nos
686 3234 753 3289 bora
764 3240 873 3289 orantes
888 3241 917 3289 et
934 3232 1111 3304 deprecantes
1161 3253 1210 3296 cus
1224 3237 1331 3294 bomini
1344 3235 1554 3302 essevolumus,
1574 3245 1602 3292 et
1617 3235 1822 3293 tabernaculum
1840 3235 1911 3306 eius,
1927 3250 1961 3292 ac

318 3327 346 3383 in
366 3325 491 3388 laudibus
508 3322 567 3394 elus
589 3322 723 3396 inveniatf,
744 3337 798 3393 qua
820 3323 879 3395 ipse
897 3337 948 3380 nos
964 3337 1110 3396 persuum
1162 3327 1292 3401 templum
1318 3327 1442 3398 cupimus
1468 3326 1577 3394 baberi,
1603 3323 1630 3382 in
1656 3336 1788 3398 quantum
1813 3342 1961 3399 possumus

319 3418 472 3489 paedorem
483 3415 518 3472 ad
529 3415 614 3471 tilam
625 3422 756 3471 aetenram
770 3413 942 3471 restaurarit
1163 3420 1287 3493 exempla
1308 3428 1462 3477 scammum
1481 3418 1630 3486 imitemur,
1651 3433 1685 3475 ne
1701 3419 1735 3475 de
1754 3419 1833 3476 uobis
1853 3411 1961 3475 dicatur

627 3523 742 3583 cApuT
757 3524 802 3582 vt,
1163 3512 1238 3584 quod
1258 3511 1373 3582 legitur:
1392 3509 1561 3566 llorrrrierrtrrt
1586 3526 1708 3565 somnum
1732 3526 1821 3577 ιιιιιιιι,
1841 3520 1866 3565 et
1894 3508 1962 3565 nibil

554 3594 593 3651 lle
604 3597 687 3667 officia
699 3610 776 3651 anne
785 3596 868 3651 borae.
1162 3604 1327 3669 insererent,
1341 3609 1370 3657 et
1384 3601 1497 3673 reliqua.
1511 3599 1781 3659 Circa‘undecimam
1802 3588 1895 3661 autem
1912 3602 1963 3659 bo-

354 3690 431 3749 Nonu
443 3690 536 3760 utique
548 3690 616 3746 bora
628 3687 691 3744 inde
701 3696 887 3754 consecratur,
901 3687 965 3758 quia
976 3686 1048 3744 inea
1057 3686 1111 3744 llo·
1163 3708 1233 3762 ram,
1248 3694 1275 3750 id
1286 3702 1328 3749 est
1341 3694 1367 3749 in
1382 3692 1436 3749 bne
1450 3694 1514 3758 diei,
1529 3693 1637 3764 qnando
1656 3693 1738 3765 hujus
1752 3691 1833 3751 oflicii
1853 3701 1962 3765 tempus

319 3785 410 3841 ninus
420 3796 471 3854 pro
484 3782 603 3839 inimicis
616 3780 755 3853 postulans
774 3781 802 3836 iu
817 3794 915 3836 manus
928 3779 1017 3837 Patris
1033 3778 1112 3850 spiri·
1163 3792 1214 3851 est,
1231 3784 1368 3841 credimus
1383 3784 1533 3840 Salvatoris
1554 3798 1652 3855 corpus
1664 3784 1782 3855 positum
1799 3798 1861 3841 esse
1875 3782 1903 3838 iu
1918 3796 1962 3840 re-

320 3886 379 3932 turn
407 3874 623 3943 commendavit,
648 3888 701 3944 qun
727 3874 854 3930 videlicet
876 3872 969 3930 bdcles
991 3888 1112 3944 quosque
1162 3877 1267 3949 pulcro,
1279 3891 1312 3933 ac
1324 3876 1436 3948 perinde
1449 3874 1528 3932 istius
1538 3891 1647 3949 quoque
1658 3889 1755 3931 cursus
1767 3874 1898 3931 solemnis
1911 3872 1961 3931 de·

322 3973 429 4039 oportet
439 3974 468 4021 ut
483 3980 514 4021 se
525 3964 580 4019 Deo
592 3964 781 4021 commendent
793 3979 854 4019 cum
869 3964 964 4019 denota
977 3964 1110 4030 oratione,
1163 3969 1209 4024 bet
1228 3981 1288 4025 esse
1308 3967 1470 4033 celebratio;
1486 3975 1569 4037 atque
1585 3980 1749 4039 magnopere
1760 3964 1900 4037 postulare
1913 3954 1963 4023 de-

319 4070 374 4126 qua
385 4061 467 4126 caput
479 4068 558 4110 suurn
571 4060 738 4125 cogrroscunt
750 4052 886 4125 proprioru
906 4053 1023 4107 animem
1038 4050 1112 4108 Patri
1163 4057 1269 4124 Ιιιιιιιιιι,
1281 4065 1311 4113 ut
1324 4058 1382 4128 ipse
1398 4054 1443 4126 qui
1459 4056 1511 4112 bac
1523 4056 1591 4112 hora
1605 4055 1723 4128 quietem
1738 4054 1856 4127 sepulcri
1872 4054 1961 4115 iatra-

319 4166 371 4207 suo
381 4151 596 4215 commendasse,
610 4158 641 4204 ut
658 4149 685 4204 in
697 4146 756 4217 cim
770 4160 867 4219 corpus
881 4145 1034 4214 coadunati,
1049 4162 1111 4203 cum
1163 4151 1204 4206 rit
1224 4148 1302 4205 nobis
1322 4156 1452 4205 aeternam
1475 4147 1598 4220 requiem
1619 4146 1648 4202 in
1664 4146 1742 4204 colis
1754 4146 1908 4207 couoedcae
1920 4146 1962 4205 di·

319 4241 380 4313 ipso
391 4255 503 4312 regnum
516 4239 622 4311 possint
635 4238 737 4294 intrare
746 4244 916 4309 perpetuum.
929 4234 1041 4307 llocqne
1050 4250 1112 4292 con-
1164 4250 1272 4313 gnetur.

320 4331 486 4387 sideratione
506 4330 618 4401 dignum
634 4335 686 4394 cst,
703 4328 776 4397 quod
795 4341 845 4398 pcr
861 4333 960 4382 cuncta
974 4324 1032 4381 baec
1044 4334 1111 4383 mm·

318 4435 416 4491 porum
437 4420 526 4492 spatia
550 4417 686 4474 ternarius
712 4430 840 4471 numerus
860 4415 928 4471 satis
949 4415 1111 4474 venerabilis

1469 4326 1584 4386 CAPUT
1602 4326 1648 4385 lx.

1288 4421 1328 4477 De
1341 4429 1469 4477 nocturne
1483 4420 1633 4492 sicilianos
1651 4417 1833 4475 celebratione.

319 4514 428 4578 emicat,
444 4526 495 4567 nos
506 4510 656 4565 admonens
670 4515 699 4561 ut
713 4516 774 4578 post
787 4506 868 4561 trium
883 4507 1010 4562 buranam
1024 4506 1111 4562 curri·
1200 4512 1239 4568 be
1263 4510 1415 4583 vigiliarum
1439 4524 1547 4581 quoque
1561 4508 1760 4565 noetumalium
1774 4507 1961 4567 celebrabm

318 4604 379 4661 cula
405 4603 617 4674 unumquodque
639 4600 735 4657 narum
755 4597 905 4657 ancorum
931 4607 1112 4671 mouentes.
1164 4606 1275 4678 annus
1297 4614 1339 4663 en
1354 4604 1497 4672 rustinus,
1522 4604 1676 4676 initiarum
1694 4600 1803 4660 denua
1824 4602 1960 4663 rambnrs

318 4700 442 4749 sanctm
468 4690 629 4745 Trinium
663 4689 750 4745 Μὴ
779 4688 903 4746 ¹³¹¹le
932 4688 1109 4744 oelebrssmffl·
1121 4728 1150 4791 D
1163 4697 1263 4754 bonum
1276 4705 1319 4754 est
1333 4697 1458 4755 omnibus
1472 4696 1583 4753 mactis.
1601 4695 1685 4751 isaias
1698 4709 1807 4767 quoque
1824 4684 1961 4753 exstimat

317 4782 421 4837 noram
449 4794 557 4850 numne
577 4778 727 4836 officiorum
751 4787 852 4834 sance
877 4780 1036 4835 observasse
1056 4776 1108 4846 nn
1162 4789 1197 4845 aa
1212 4790 1296 4845 neum
1319 4788 1413 4845 arens
1428 4806 1435 4844 ι
1451 4788 1490 4845 ne
1505 4796 1579 4844 nne
1597 4786 1686 4860 apua
1707 4784 1816 4857 specu
1837 4802 1911 4843 w·
1924 4786 1960 4843 at

318 4869 434 4942 ³P⁰⁸²⁰¹l
444 4869 580 4941 leguntur,
594 4869 665 4925 llffli
679 4870 707 4924 5¹¹
718 4867 832 4925 Acillffl
844 4868 1027 4940 ⁸b⁰⁶i⁰¹⁰¹¹¹¹¹¹
1041 4867 1108 4940 Μ·
1163 4890 1199 4950 te,
1211 4880 1332 4947 Domine,
1345 4881 1407 4953 qnia
1418 4879 1465 4936 lea
1475 4888 1604 4953 precepta
1618 4888 1666 4934 trra
1680 4888 1741 4933 rent
1756 4894 1837 4951 seper
1848 4887 1958 4935 tenant.

318 4961 569 5033 ῑΰῑιφθᾱΡθῑΜ
585 4959 843 5031 ambianensem
859 4961 1109 5018 fflfflmusslfflfifflss
1162 4972 1231 5030 item
1251 4971 1336 5029 Dauid
1356 4980 1383 5028 et
1400 4971 1476 5043 regio
1489 4977 1518 5028 et
1529 4969 1688 5043 prophetico
1699 4967 1890 5029 sanctificatus
1909 4982 1959 5023 uu·

318 5055 347 5111 ln
369 5054 415 5112 51¹⁰
428 5052 674 5124 ”mallem
690 5059 742 5119 “b
755 5061 832 5108 ⁸0¹¹&
851 5066 899 5109 ⁰²⁸
911 5053 1005 5110 ⁰¹²⁰&
1021 5055 1109 5127 Βῑῖῑῑί
1164 5074 1263 5140 guento
1276 5067 1314 5122 ita
1327 5065 1420 5122 canit:
1437 5062 1526 5119 ldedia
1546 5072 1620 5119 nocte
1633 5060 1770 5134 serpebant
1784 5061 1819 5117 ad
1832 5060 1959 5133 coniten-

318 5148 471 5205 ilboendel'll
482 5145 551 5218 (Act.
564 5144 604 5219 1).
617 5145 651 5200 Ei
661 5144 746 5201 iterna
762 5143 867 5214 Pelm,
883 5146 1109 5217 lnqlllMledu·
1163 5158 1227 5213 dm
1248 5156 1305 5225 tibi,
1329 5171 1407 5227 uper
1422 5153 1525 5226 judicia
1535 5154 1648 5227 julllt'oe
1671 5162 1725 5209 tm
1747 5150 1836 5226 (Ρηὶ,
1850 5152 1957 5225 cnm),

318 5256 364 5294 lle!
378 5238 550 5295 arundebant
572 5235 600 5291 itt
624 5232 748 5306 implum
764 5234 800 5290 ad
813 5234 906 5291 fibram
919 5235 1046 5293 dretiortls
1057 5250 1107 5292 M-
1161 5246 1238 5305 Hanc
1256 5262 1375 5318 namque
1397 5254 1520 5318 tempore
1540 5253 1660 5302 millib!
1680 5244 1792 5317 angam
1808 5244 1958 5313 mum

318 5347 380 5386 narn
394 5331 463 5392 ider.
477 5328 530 5401 nr).

615 5384 730 5477 canor
750 5420 794 5476 vn
1161 5337 1340 5411 ¹³¹⁴¹¹¹⁰i⁰¹¹l¹²
1354 5334 1828 5413 &amicorumainicorum
1842 5350 1892 5393 noe
1904 5335 1959 5393 eo

1161 5429 1245 5502 gilare
1267 5436 1385 5499 oportet,
1403 5441 1438 5484 ne
1452 5426 1572 5499 periculo
1594 5424 1786 5501 Egyptiorum
1806 5426 1959 5487 admittet·

510 5512 550 5569 De
568 5514 712 5585 rapertina
728 5512 910 5571 celebratione.
1161 5536 1231 5577 mur.
1260 5519 1369 5576 Eisdem
1394 5519 1476 5575 etiam
1507 5516 1583 5575 boris
1606 5526 1752 5575 centanam
1777 5533 1807 5576 se
1836 5530 1900 5577 esre
1929 5517 1959 5573 lu

355 5604 543 5676 Vespertinurn
563 5602 680 5660 cilicium
701 5605 729 5659 in
747 5605 852 5660 diurnae
864 5605 931 5661 lucis
944 5618 1043 5661 ooeasu
1055 5612 1107 5671 est,
1161 5608 1307 5681 Evangelio
1324 5607 1450 5664 Salvator
1463 5606 1590 5676 astnrxit,
1604 5607 1677 5665 unde
1695 5616 1725 5664 et
1742 5608 1776 5664 ad
1789 5606 1958 5679 vigilandum

318 5695 395 5764 cujus
411 5711 445 5751 ex
457 5694 549 5751 Veteri
564 5695 737 5752 documento
754 5697 883 5753 solemnis
895 5705 938 5752 est
951 5696 1107 5753 celebratio.
1161 5700 1300 5756 auditores
1317 5713 1381 5755 sues
1402 5698 1535 5763 excitans,
1547 5697 1634 5754 dixit:
1649 5696 1725 5752 beati
1742 5696 1810 5753 cerri
1824 5694 1878 5762 illi,
1890 5712 1959 5769 psas

319 5788 440 5858 Denique
452 5788 504 5843 hoe
516 5799 637 5858 tempore
654 5798 775 5843 remnrm
791 5788 925 5844 sucribeia
937 5788 1027 5844 aneni
1042 5788 1109 5845 ado-
1161 5807 1220 5845 cent
1236 5791 1333 5847 uenerit
1348 5788 1478 5845 Dominus
1490 5788 1615 5844 irremrit
1633 5785 1771 5860 vigilanter
1795 5785 1872 5859 (lec.
1893 5786 1960 5861 xri).

319 5875 424 5946 lerique
448 5876 544 5934 altario
562 5887 682 5934 aromata
696 5889 725 5935 et
738 5880 817 5936 thura
836 5880 917 5953 (sicut
935 5894 1015 5951 supra
1037 5880 1109 5937 dixi-
1164 5878 1277 5950 Viqilate
1291 5894 1362 5951 erpo,
1382 5878 1485 5935 nescim
1498 5881 1568 5934 enim
1589 5878 1696 5951 quando
1713 5876 1843 5932 barrinse
1859 5875 1957 5941 mter,

320 5965 392 6037 mus)
407 5979 465 6023 mos
485 5975 553 6035 erat,
566 5969 643 6039 cujus
660 5967 699 6024 rci
715 5969 792 6025 testis
810 5979 852 6026 est
870 5970 1042 6042 hymnidicus
1054 5970 1108 6042 ilie,
1160 5988 1230 6041 sera,
1246 5988 1282 6029 an
1304 5972 1390 6030 media
1416 5981 1499 6041 nacte,
1521 5989 1552 6028 aa
1576 5969 1640 6044 palli
1659 5979 1749 6040 cante,
1769 5986 1804 6025 arr
1822 5983 1912 6037 mane,
1927 5982 1959 6025 rte
