4509 6850
245 674 301 730 dli
531 678 536 695 '
773 673 949 731 contram.
971 672 1003 728 lli
1023 672 1185 730 Ghmhsttt.
1205 706 1239 717 -
1259 676 1323 731 tta.
1345 677 1388 734 tlt.
1535 709 1546 754 Ιι
1831 686 1883 744 570

242 784 305 840 titia
332 785 499 844 luteorum.
524 783 576 840 lsta
604 785 740 842 insensata
765 788 878 843 stultitia
914 790 1039 859 purarhat
1053 792 1077 850 Α
1090 787 1167 856 erod
1186 791 1212 844 in
1233 791 1275 846 his
1298 793 1343 861 qui
1369 794 1561 850 nuntiaverunt
1588 796 1704 854 librabat
1716 808 1779 856 octo
1803 812 1882 857 natans

236 876 337 932 omnia
359 885 542 941 sacramenta,
562 884 591 933 et
609 877 680 946 quod
695 876 801 933 terebat
820 878 967 934 nesciebat.
980 877 1040 933 lam
1090 896 1151 935 esse
1163 882 1232 938 tilios
1246 882 1366 950 Malcho,
1382 887 1538 941 nominatur
1548 897 1574 943 et
1585 890 1695 945 Canruel
1708 901 1787 961 pater
1801 893 1883 966 Syro-

234 966 318 1035 qnod
338 966 442 1022 dictum
463 975 506 1021 est
528 966 569 1021 eis
588 987 594 1019 ι
616 964 774 1036 Exspectate
800 970 842 1022 laic
866 986 926 1023 cum
954 970 1038 1023 asino.
1091 986 1162 1035 runt,
1185 988 1238 1027 non
1252 975 1345 1043 utiquo
1363 977 1408 1044 qui
1422 978 1627 1046 nuntiaverunt,
1640 983 1764 1036 nuntiare
1777 992 1883 1054 patrcrn

229 1052 392 1126 Postquam
406 1064 497 1111 autem
512 1057 724 1122 adoraverimus,
741 1067 908 1115 revertemur
929 1060 963 1115 ad
980 1075 1039 1124 ros,
1091 1062 1222 1135 Syrorum
1235 1074 1388 1135 putuerunt.
1405 1067 1445 1122 Ει
1466 1070 1570 1140 origine
1588 1073 1687 1141 qnippe
1701 1073 1782 1139 illius,
1798 1073 1881 1145 Syro·

227 1142 403 1214 Amanium
414 1147 489 1202 audi.
497 1144 619 1212 Caritas,
631 1149 724 1219 inquit,
736 1166 769 1203 ea
782 1162 856 1219 porte
869 1149 954 1206 lsrael
969 1151 1040 1220 loeta
1090 1172 1150 1212 rum
1165 1173 1249 1228 gertus
1270 1159 1348 1231 longe
1359 1169 1451 1229 postea
1466 1172 1642 1232 propagatum
1654 1174 1705 1230 est,
1719 1166 1766 1220 sed
1780 1166 1880 1221 dictum

230 1244 281 1292 θ’)
297 1236 387 1308 (3⁰¹⁸-
406 1234 457 1306 Χ1)·
468 1234 546 1303 Qu⁰d
557 1244 601 1291 θὲῑ
615 1237 741 1293 milis?
754 1235 910 1307 Elllellsslss
923 1238 966 1292 ¹¹5⁶
979 1255 1038 1292 ‘lm
1089 1257 1132 1304 est
1152 1265 1167 1303 a
1187 1265 1302 1319 perman
1324 1252 1479 1316 scribentis,
1498 1251 1561 1321 qnia
1574 1261 1635 1322 post
1649 1254 1739 1309 omitia
1752 1254 1796 1309 iila
1813 1262 1881 1310 tern-

233 1324 327 1397 asino,
340 1336 369 1381 ut
384 1326 532 1398 plenitudo,
545 1327 642 1397 inquit,
655 1329 888 1399 qentiumintroret
899 1347 909 1385 .·
921 1332 972 1386 boc
985 1339 1038 1396 est,
1088 1354 1166 1411 pora,
1182 1342 1240 1396 hace
1253 1342 1396 1398 scribendo
1409 1343 1530 1398 narravit
1542 1344 1770 1412 quemadmodum
1785 1347 1818 1401 dc
1830 1362 1879 1417 pu·

233 1427 388 1491 posmuam
408 1417 621 1485 adoraverimus,
635 1418 681 1473 ubi
705 1419 869 1475 sacrificinm
884 1420 973 1477 crucis
987 1421 1039 1477 Du
1091 1438 1135 1485 teo
1148 1431 1348 1499 supradiximus
1358 1431 1515 1500 jurationis.
1670 1423 1678 1444 '

242 1507 351 1569 minime
366 1509 505 1579 impletum
518 1518 673 1581 pergentes
692 1510 972 1582 lueritpredieatum,
987 1516 1039 1571 boc
1125 1520 1209 1591 (Ges.
1233 1523 1329 1595 ιιιιι.)
1359 1524 1429 1579 Vixit
1451 1538 1539 1581 uatem
1564 1526 1634 1583 Suro
1660 1539 1764 1583 eentum
1791 1531 1881 1600 uipirrtr

246 1607 302 1664 esl,
320 1611 348 1656 nrt
372 1601 507 1672 plenitudo
520 1606 636 1672 quatiunt
647 1603 756 1658 lustraret
769 1603 874 1675 (thid).
890 1605 960 1673 Quid
977 1616 1035 1662 est:
1087 1623 1185 1683 septem
1204 1615 1327 1680 eontinet
1346 1625 1450 1670 nuortua
1474 1630 1512 1671 est
1535 1619 1562 1672 in
1586 1619 1692 1673 ciuitate
1717 1620 1882 1691 Aricaquu·
1924 1606 1927 1612 ⁴

257 1685 289 1741 m
300 1700 453 1754 reuertentur
466 1692 501 1746 ud
516 1694 580 1748 uos?
592 1693 626 1748 m
638 1695 677 1749 sic
687 1696 773 1750 oannis
785 1695 872 1751 lsrael
881 1697 968 1752 soltus
977 1700 1035 1767 fiat.
1088 1714 1126 1757 est
1139 1702 1328 1775 diuisamque
1342 1717 1379 1761 est
1393 1709 1421 1762 in
1431 1717 1501 1763 terro
1512 1709 1649 1766 Cltonoun.
1664 1708 1789 1779 Venitque
1799 1711 1882 1765 Abru-

261 1775 378 1835 Triduum
387 1792 478 1838 autem
485 1781 551 1837 illud
562 1782 588 1837 in
595 1798 649 1853 quo
656 1786 832 1841 veneruntad
842 1785 931 1841 locum
942 1787 1037 1843 irnmo·
1088 1797 1149 1850 tuum
1173 1805 1201 1850 ut
1222 1796 1355 1867 plaupmet
1367 1807 1391 1851 et
1409 1800 1483 1868 tieret
1496 1817 1563 1853 cunr.
1585 1800 1641 1855 lloc
1656 1802 1728 1869 quod
1742 1802 1786 1855 hic
1809 1801 1869 1870 posi

255 1871 364 1940 lationis,
377 1881 434 1929 tres
451 1875 544 1930 mundi
565 1882 662 1932 aetates
688 1878 845 1948 significat:
868 1893 948 1934 unam
973 1888 1037 1934 aute
1088 1892 1146 1938 turn
1162 1886 1295 1955 reperitur
1307 1885 1383 1954 juxta
1401 1890 1523 1956 quaedam
1537 1890 1712 1959 exemplaria,
1724 1905 1784 1959 quar
1802 1890 1881 1944 estin

208 2041 215 2054 .
256 1964 340 2038 legem
356 1964 437 2024 aliam
450 1968 502 2023 snb
518 1968 587 2040 lege,
601 1970 708 2025 tertiam
724 1972 774 2026 suh
800 1972 898 2043 gratia.
914 1970 984 2027 Ante
999 1972 1036 2026 le·
1089 1976 1168 2042 ualle,
1192 1976 1218 2030 in
1232 1979 1397 2033 authenticis
1415 1980 1554 2035 codicibus
1569 1996 1622 2034 non
1638 1982 1762 2036 habetur.
1778 1979 1881 2036 Nomen

253 2073 315 2130 gem,
330 2057 365 2113 ah
381 2057 468 2115 Adam
483 2060 747 2131 usqueadhloysen.
762 2061 818 2116 Sub
834 2062 929 2132 tegna
944 2061 1036 2133 iloyse
1088 2083 1196 2137 quoque
1226 2069 1343 2124 civitatis
1365 2069 1474 2136 Arbua,
1509 2071 1637 2140 paulatim
1665 2072 1882 2127 ascribentibus

253 2165 330 2220 usque
342 2150 376 2206 ad
384 2149 527 2207 loannem.
545 2152 609 2207 lade
624 2151 682 2222 jam
694 2170 710 2208 a
724 2154 850 2221 Domino,
864 2165 892 2211 et
906 2143 1036 2226 quidquid
1051 2151 1292 2228 Blegentibusqne
1315 2168 1473 2230 corruptum
1497 2169 1548 2215 est.
1576 2159 1668 2230 Neque
1692 2162 1765 2216 enim
1785 2170 1878 2231 putari·

253 2252 339 2308 restat,
358 2244 523 2301 tertiusdies
546 2253 589 2301 est
603 2247 697 2317 gratie
713 2264 719 2301 :
733 2248 761 2301 in
775 2263 826 2317 qna
844 2248 922 2303 tertia
942 2257 1033 2314 aetate,
1085 2252 1148 2307 dum
1174 2250 1349 2323 Septuaginta
1375 2253 1537 2322 interpretes
1563 2269 1662 2309 nomen
1686 2253 1805 2308 civitatis
1830 2252 1882 2307 lie·

254 2336 323 2407 qnasi
346 2348 407 2407 post
424 2337 553 2403 triduam,
567 2347 768 2393 sacramentum
790 2340 916 2396 sacriltcii
933 2341 1033 2397 Christi
1083 2342 1164 2406 hraese
1180 2343 1297 2398 barbare
1322 2352 1405 2414 atque
1426 2354 1565 2415 corrupte,
1589 2354 1617 2402 et
1643 2344 1722 2400 aliter
1744 2361 1825 2415 quam
1853 2345 1880 2399 in

256 2427 403 2497 amuletum
416 2435 470 2484 est.
489 2429 591 2485 Deinde
605 2429 695 2500 ligatis
709 2430 823 2501 pedihus
836 2430 915 2485 altari
940 2448 1034 2501 super·
1083 2434 1248 2489 subdicitur
1267 2435 1448 2490 transtulisse.
1475 2435 1566 2490 hrboc
1579 2436 1652 2490 enim
1676 2436 1742 2490 nihil
1768 2435 1880 2490 omnino

258 2518 360 2588 punitum
372 2527 402 2577 et
421 2520 553 2577 mainus
574 2522 602 2577 ln
617 2521 689 2592 liqna
704 2537 863 2593 suspensus,
881 2526 957 2578 eruci
971 2523 1033 2602 alli3
1083 2524 1230 2594 significat,
1244 2526 1291 2580 sed
1306 2525 1405 2581 dicitnr
1418 2526 1516 2592 Arbae,
1530 2536 1616 2591 naun,
1634 2527 1684 2582 hoe
1696 2536 1736 2581 est
1751 2534 1876 2596 quatuor,

262 2612 328 2682 uitur.
347 2611 398 2669 Sed
415 2612 479 2669 illud
494 2615 566 2683 qnod
588 2615 786 2686 liguratumesl
799 2615 826 2669 in
845 2614 929 2681 isaac,
944 2624 1033 2671 trans-
1083 2615 1147 2685 (tuia
1167 2614 1203 2669 ibi
1215 2615 1362 2680 Abraham,
1377 2615 1453 2670 lsaac
1474 2624 1502 2671 et
1522 2615 1606 2671 Jacob
1630 2617 1732 2672 conditi
1750 2623 1829 2678 sunm
1852 2625 1882 2669 et

264 2709 347 2769 uetera
356 2713 397 2761 est
409 2706 444 2761 ad
458 2706 582 2761 arietem.
598 2705 670 2761 Curt
680 2707 742 2776 qnia
757 2707 881 2763 Christus
892 2708 960 2764 osis.
976 2708 1034 2779 lpse
1083 2705 1141 2776 ipse
1155 2707 1280 2776 princeps
1293 2706 1404 2761 lrnrnani
1418 2706 1527 2778 generis
1540 2706 1639 2773 Adam,
1652 2717 1682 2762 ut
1693 2708 1721 2762 in
1731 2706 1795 2762 lesu
1811 2707 1880 2761 libro

265 2796 366 2851 salonia
375 2796 472 2865 Filius,
488 2799 547 2869 ipse
559 2798 661 2870 Agnus.
673 2799 758 2855 Filias
778 2801 840 2869 qnia
856 2808 945 2864 natus,
962 2802 1034 2856 aries
1083 2800 1202 2869 apertius
1218 2799 1431 2854 demonstratur.

267 2885 313 2953 tuit
324 2875 482 2946 immolatus.
499 2889 553 2945 Sed
573 2891 638 2960 quid
652 2891 778 2962 estquod
793 2893 821 2946 in
836 2892 964 2960 vepribus
978 2892 1034 2946 bae·
1118 2886 1236 2958 Cumque
1246 2891 1402 2944 surrexisset
1413 2891 1445 2944 alr
1458 2892 1541 2963 officio
1553 2892 1665 2961 funeris,
1680 2890 1783 2945 loeutus
1795 2901 1833 2945 est
1844 2890 1879 2942 ud

267 2974 325 3032 runt
339 2979 406 3035 tries
420 2979 482 3036 itte?
496 2978 570 3036 Crux
589 2996 692 3036 corntta
716 2980 808 3037 hahet.
825 2980 872 3037 Sic
892 2981 966 3038 enim
981 2981 1034 3037 duo
1081 2978 1153 3047 pilius
1163 2978 1232 3033 Helle
1244 2981 1350 3035 dicens:
1361 2980 1468 3036 Aduena
1478 2999 1536 3037 sunu
1546 2992 1569 3037 et
1580 2984 1731 3054 parentinus
1741 2983 1812 3052 apud
1819 2999 1880 3037 uos:

266 3064 320 3137 lium
336 3073 541 3145 compinguntur
557 3088 661 3139 secum
677 3082 705 3130 et
728 3073 846 3144 speciem
869 3073 958 3128 erucis
972 3073 1034 3128 red-
1081 3070 1151 3127 bote
1164 3072 1227 3126 milti
1234 3073 1281 3143 jus
1292 3074 1405 3144 sepulcri
1417 3074 1558 3140 uobiscum,
1570 3085 1597 3129 ut
1608 3074 1732 3145 sepeliam
1746 3084 1877 3129 mortuum

267 3154 406 3218 tuttundo
424 3171 454 3218 el
467 3163 598 3233 scriplum
611 3171 654 3219 est
666 3164 699 3219 de
715 3178 748 3219 eo
764 3179 771 3218 :
788 3160 895 3218 Cornua
906 3163 933 3217 in
948 3163 1033 3216 moni-
1081 3179 1179 3217 mum.
1195 3162 1394 3234 Responderunt
1408 3164 1458 3234 tilii
1479 3164 1569 3220 liert:
1582 3165 1653 3220 dudi
1673 3182 1737 3231 nos,
1763 3164 1879 3230 domine,

267 3243 301 3299 ⁵¹⁸
310 3249 356 3319 ejas
366 3260 428 3307 sunt
441 3251 557 3325 (hetae.
580 3252 633 3324 nr).
647 3253 782 3310 Cornibus
804 3270 870 3325 erqo
886 3255 1032 3310 herentem
1081 3255 1202 3327 princeps
1213 3256 1261 3310 Ilei
1271 3274 1297 3312 es
1307 3258 1378 3329 apud
1389 3275 1445 3312 nos.
1459 3257 1491 3312 ln
1502 3258 1587 3313 electis
1597 3258 1724 3328 seprrlcris
1735 3258 1830 3312 nostris
1840 3272 1882 3310 se-

267 3340 354 3401 melem
365 3347 526 3404 cmcihxum
545 3348 683 3405 Christum
699 3350 844 3421 significat.
864 3350 966 3419 vepres
984 3364 1033 3404 au·
1081 3346 1362 3417 pellrnnrrunmrnnm.
1374 3346 1879 3420 Nullusqueprolriberepolerit,quinin

266 3437 389 3506 llllllpinae
405 3448 479 3497 sunl.
496 3438 586 3510 Spinae
605 3441 713 3512 iniquos
727 3450 754 3496 el
775 3441 1033 3512 peocaroresstunt-
1081 3439 1430 3509 monumenroejussepettus
1438 3436 1880 3494 mortuumtuum.Sur·rear'tAbra-

266 3523 340 3599 ham,
352 3534 398 3605 qni
411 3535 613 3606 unguendumnu
626 3534 769 3591 [tumtunm
782 3536 809 3590 jn
823 3550 944 3591 cunnum,
959 3534 1032 3589 {ntur
1045 3516 1068 3578 C
1083 3529 1155 3594 luam,
1167 3539 1191 3584 et
1206 3533 1324 3584 adorauit
1341 3530 1465 3601 populum
1477 3539 1565 3593 terrra,
1577 3529 1645 3599 pilius
1662 3528 1779 3584 uidelicet
1799 3527 1878 3581 herti.

265 3617 336 3685 stiam
351 3624 443 3695 itaque
454 3634 628 3695 pecatorum
642 3623 815 3680 Iudaicorum
831 3632 978 3693 suspensus
991 3632 1032 3678 est
1084 3619 1177 3690 (dun.)
1202 3618 1348 3685 eraeritnr,
1366 3619 1501 3688 quomodo
1525 3619 1654 3690 scriptum
1666 3619 1718 3682 sit,
1737 3617 1879 3672 Dominum

262 3701 386 3782 florinus,
403 3717 474 3773 'sicut
499 3732 549 3788 per
568 3715 714 3772 ieremiam
735 3716 805 3772 idem
828 3717 894 3771 dicit
918 3734 925 3771 :
944 3715 1032 3786 Spinis
1084 3707 1168 3762 lleurn
1180 3718 1254 3762 tuum
1265 3710 1431 3773 odoramnus
1441 3708 1481 3762 illi
1491 3709 1540 3764 soli
1552 3710 1647 3764 seruies
1659 3708 1880 3780 (Deut.vr),curn

261 3814 404 3864 urrunnun
416 3825 527 3865 nunnunn
549 3809 718 3863 uruunndedu
734 3826 774 3864 nn
788 3810 899 3879 populun
913 3809 965 3863 tntu,
980 3807 1032 3862 Αιὶῑ
1083 3799 1222 3854 Abraham
1238 3800 1278 3854 sic
1291 3800 1434 3855 lionoranit
1446 3800 1574 3870 pupulum
1588 3799 1733 3870 queuntium
1747 3800 1879 3871 gentiunt,

257 3884 317 3951 hithe
332 3898 441 3955 arietem
465 3898 593 3955 cornibus
609 3900 635 3953 Ῑῃ
654 3898 781 3969 vepribus
796 3899 942 3969 obligatum
958 3914 1033 3953 eum.
1084 3894 1114 3941 ul
1131 3888 1214 3942 eliam
1243 3890 1385 3944 adordiel?
1415 3889 1467 3944 sed
1487 3891 1756 3945 anintatlt'etlahdum
1774 3899 1831 3956 CSl,
1852 3891 1880 3943 ili

257 3977 308 4039 den
326 3987 460 4044 Christum
479 3996 640 4053 senserunt,
664 3996 810 4057 antequam
835 3987 1031 4052 immolaretur,
1082 3978 1679 4050 eodempreceptonnndictun21torntnn1n
1695 3979 1779 4036 Deum
1793 3981 1880 4035 solnm

252 4075 349 4143 Spinisn
361 4080 463 4137 Judaeig
483 4088 651 4137 coronatum,
666 4079 782 4135 Peracto
801 4079 884 4150 igitur
897 4078 1032 4134 sacrificio
1082 4069 1218 4137 adorabis,
1233 4072 1305 4127 sicul
1320 4072 1422 4126 dicium
1438 4081 1500 4128 esi:
1518 4073 1552 4126 Et
1564 4073 1603 4126 lllt'
1615 4073 1665 4126 80Ιί
1680 4074 1791 4138 tertiat,
1808 4071 1881 4142 qtlod

252 4160 339 4225 tlitilm
349 4172 481 4229 Abrabae:
1083 4169 1125 4215 est
1139 4160 1233 4216 Graece
1255 4160 1417 4235 torpidoru-
1432 4163 1506 4217 Talis
1520 4165 1593 4217 enim
1608 4164 1740 4227 servitus,
1759 4179 1812 4217 non
1828 4163 1879 4215 nisi

288 4255 476 4318 lnoeutmtun
489 4263 673 4318 benedicentur
694 4279 784 4317 nunu,
802 4270 900 4332 uentu,
921 4259 1033 4326 Quando
1083 4249 1140 4305 Deo
1163 4250 1286 4304 debetur.
1306 4250 1381 4306 Unde
1404 4251 1568 4306 damnantur
1590 4252 1755 4318 idololatrae,
1772 4253 1797 4306 id
1821 4261 1879 4312 cst,

245 4349 314 4406 eain
327 4354 377 4410 boc
388 4353 493 4409 lactum
507 4354 619 4418 est,nisi
630 4353 738 4423 quando
747 4352 812 4408 dicit
824 4351 868 4405 iile
883 4350 969 4406 aries:
981 4348 1034 4403 Fo-
1083 4341 1216 4409 eiusmodi
1229 4342 1389 4396 seruitutem
1404 4343 1564 4398 exhibentes
1585 4341 1662 4397 idolis
1683 4358 1743 4412 qum
1763 4341 1879 4395 debetur

243 4437 334 4501 derunt
345 4463 439 4502 monus
455 4462 527 4501 meas
537 4455 562 4500 et
574 4446 651 4516 pedes
662 4462 747 4508 mens,
765 4454 789 4499 et
802 4446 1033 4498 dinumeraverunt
1083 4430 1150 4486 Deo.
1162 4431 1217 4485 Nec
1231 4439 1338 4486 moreat
1351 4434 1423 4502 qnod
1435 4433 1558 4488 aliuloco
1571 4434 1597 4486 in
1609 4432 1726 4500 quadarn
1740 4430 1880 4499 Scriptura

241 4536 329 4590 onnia
342 4537 490 4592 mineo?
502 4534 590 4607 (Psoi.
609 4535 677 4608 rm.)
697 4536 754 4590 lloc
767 4535 839 4590 enirn
853 4533 961 4605 quando
973 4548 1035 4602 per·
1085 4523 1177 4594 (ripae.
1192 4523 1250 4595 xrs)
1274 4525 1399 4592 prohihet
1425 4524 1537 4594 angelus
1562 4522 1699 4577 hominem
1719 4522 1833 4575 adorare
1850 4536 1881 4574 sc

237 4626 329 4683 ἱιιιιιι
345 4637 388 4684 est
411 4629 476 4684 illud
496 4629 523 4683 iu
536 4628 648 4700 psalmis
662 4627 836 4693 sacrificium,
850 4635 914 4680 tunc
934 4625 961 4679 in
976 4624 1034 4693 ipso
1083 4624 1111 4669 et
1125 4616 1263 4680 admonet,
1276 4623 1306 4669 ut
1317 4613 1447 4671 Dunrinus
1462 4615 1551 4684 potins
1564 4614 1700 4668 adoretur.
1718 4612 1791 4666 Talis
1804 4627 1880 4664 narn-

232 4718 342 4777 nntno
360 4723 463 4778 dictum
488 4729 531 4777 est
556 4739 562 4774 :
590 4719 871 4774 Commemorobuntur
886 4727 910 4772 et
925 4732 1034 4773 conner—
1084 4723 1137 4778 qne
1153 4715 1315 4778 apparuerat
1327 4707 1447 4777 angelus,
1461 4714 1490 4760 ut
1501 4720 1550 4775 pro
1566 4704 1621 4758 Deo
1633 4704 1717 4772 possit
1733 4703 1841 4758 adorari
1853 4710 1881 4757 et

233 4805 328 4863 ‘ertu
339 4811 373 4864 od
384 4811 526 4865 Dominum
538 4809 651 4863 uniuersi
666 4808 733 4878 fines
744 4816 830 4861 terro.
838 4806 873 4860 Et
884 4805 1032 4859 odorabunt
1085 4798 1147 4853 ideo
1161 4799 1250 4851 luerat
1260 4797 1437 4868 corrigendus
1453 4795 1591 4851 adorator.

226 4884 280 4947 ἦε
293 4909 422 4970 marpesia
442 4900 517 4969 ejus,
539 4915 629 4953 omnes
645 4897 878 4969 patriupentium.
898 4863 1071 4959 QuoniamD
1121 4887 1492 4942 Adurunitdbrultumcoram
1511 4885 1608 4956 populo
1627 4896 1726 4940 terrae:
1741 4883 1880 4940 etloeurus
1946 4908 1949 4912 ·
2033 4950 2039 4965 x

231 4976 346 5042 lautu
366 4998 407 5044 sol
430 5005 557 5060 requam,
584 4998 609 5042 et
627 4988 680 5057 lpse
701 4985 879 5042 dominabitur
904 4985 1030 5054 pontium.
1085 4988 1124 5032 est
1143 4979 1178 5032 ud
1201 4977 1311 5047 Ephron
1325 4975 1593 5046 circumstanteplelre
1605 4989 1614 5027 :
1628 4974 1723 5042 Quaeso
1737 4983 1766 5029 ut
1785 4975 1880 5065 audias

232 5062 379 5138 'anunm
396 5097 463 5153 ergo
478 5081 615 5138 Abrabam
626 5095 676 5150 pro
686 5079 761 5135 lsaae
773 5079 829 5132 lilio
843 5093 902 5141 sno,
923 5076 1031 5131 vocavit
1085 5087 1136 5124 ure.
1150 5070 1223 5124 Dabo
1234 5069 1371 5140 pecuniane
1382 5084 1429 5138 pro
1442 5084 1516 5137 apro,
1528 5068 1630 5138 suscipe
1641 5084 1711 5132 eum,
1724 5068 1795 5122 etsie
1806 5083 1879 5135 sepe-

233 5170 337 5227 ¹¹ttnen
358 5174 430 5228 illius
445 5173 497 5229 loci
513 5191 520 5227 ε
539 5172 667 5228 [lominus
690 5171 772 5235 uidit,
786 5170 1029 5240 proenqnodest,
1084 5160 1148 5215 liam
1170 5170 1301 5214 mortuum
1315 5174 1400 5214 meum
1420 5160 1448 5212 iu
1469 5174 1509 5212 co.
1529 5157 1669 5227 Respondit
1687 5156 1881 5227 Ephron:llo·

235 5246 368 5322 boninus
383 5266 469 5321 uiden
489 5264 570 5329 lecit,
590 5264 684 5334 ntique
700 5277 750 5333 per
760 5261 985 5316 incarnationem.
1084 5254 1155 5307 utine
1169 5253 1223 5314 mi,
1240 5251 1303 5305 audi
1320 5266 1330 5304 .·
1347 5249 1428 5303 Terra
1446 5265 1525 5320 quum
1536 5246 1664 5318 postulas,
1683 5246 1881 5317 quadrinqcntis

395 5366 423 5422 a)
538 5371 653 5432 cppUT
681 5372 726 5427 qv,
1085 5350 1186 5419 orpcrrli
1197 5347 1268 5401 siclis
1286 5344 1363 5399 ualet.
1383 5343 1459 5398 istud
1482 5351 1520 5398 cst
1539 5342 1650 5412 prelium
1670 5343 1738 5395 inter
1753 5355 1794 5392 sne
1806 5351 1829 5391 et
1845 5349 1879 5390 te.

235 5450 291 5514 De
305 5468 465 5536 remotione
487 5466 626 5530 aeteus,
650 5475 675 5520 et
697 5467 729 5521 de
751 5465 823 5520 obitu
845 5463 921 5520 Sorte
943 5465 1033 5518 ureris
1086 5438 1139 5494 sed
1153 5445 1331 5508 ‘mmmm
1344 5434 1414 5489 7¹⁰⁶?
1428 5433 1514 5505 89))οῙἰ
1538 5443 1670 5537 ’ΨΜ
1695 5442 1778 5535 mf‘m·
1803 5425 1880 5494 ΟΜ

417 5536 575 5601 Abralrrr,et
590 5535 770 5606 desepulturu
787 5537 853 5605 ejus.
1085 5547 1145 5585 curn
1172 5529 1287 5582 audisset
1311 5527 1463 5591 Abrohom,
1491 5525 1614 5596 appendit
1638 5536 1777 5593 pecuniam
1800 5535 1880 5590 qrtnut

283 5621 320 5682 ltti
327 5630 412 5702 itaque
418 5629 663 5702 pissinontiorum
670 5628 924 5700 estdbrolrunrquod
931 5627 1034 5682 ilelclm
1086 5621 1196 5691 Ephron
1208 5617 1403 5689 postulaverat,
1421 5615 1588 5670 audientibus
1607 5612 1671 5682 filiis
1685 5608 1811 5711 Heliam
1828 5606 1881 5661 iic·

240 5718 342 5785 ‘litque
352 5720 481 5792 putruisset
493 5719 563 5788 filios
580 5719 691 5775 Narbon
704 5719 783 5789 fratri
794 5736 854 5785 suo,
867 5717 926 5774 llus
938 5719 1036 5789 primo-
1086 5711 1176 5776 braeo,
1201 5711 1272 5766 sicut
1284 5710 1329 5765 hic
1342 5708 1497 5779 posuimus,
1512 5705 1629 5775 primurn
1642 5716 1740 5757 nornen
1755 5713 1814 5771 enus
1835 5697 1882 5753 de·

246 5804 365 5875 Mlttut,
378 5819 404 5865 et
416 5809 471 5864 Rea
483 5810 592 5879 fratrent
608 5809 674 5872 eius.
696 5807 805 5863 Cumaei
827 5825 929 5880 quoque
952 5807 1034 5877 Suro·
1086 5801 1223 5867 scribitur,
1239 5799 1359 5870 Ephron,
1373 5807 1455 5885 pam
1470 5815 1476 5850 ε
1492 5795 1641 5850 secundum
1660 5790 1781 5862 Epiron,
1797 5797 1878 5880 pap.

244 5890 305 5946 '¹⁰¹
322 5910 430 5966 patrem,
452 5909 477 5953 et
492 5899 577 5953 Cased
599 5909 622 5952 et
644 5899 728 5953 Aaou.
752 5897 863 5952 Phildoe
878 5914 995 5968 quoquae,
1009 5906 1033 5950 et
1087 5893 1232 5963 Postquam
1245 5892 1316 5947 enirn
1330 5891 1418 5960 pretio
1430 5888 1517 5943 rictus
1530 5893 1583 5949 est,
1602 5891 1631 5938 ut
1644 5880 1798 5950 sepulcrum
1814 5896 1880 5935 ten·

244 5968 273 6022 ’¹
273 5985 354 6062 ellani
378 6009 410 6047 ac
436 5992 557 6054 Botluel,
570 5992 602 6045 dc
624 6008 676 6061 qrto
699 6002 762 6045 nuto
775 6000 812 6045 est
828 5991 952 6044 Rebecca.
967 5988 1033 6043 Octo
1087 5988 1165 6043 deret
1179 5993 1206 6041 et
1219 5985 1354 6054 acciperet
1368 5989 1521 6050 arpentum,
1533 5977 1597 6032 licet
1607 5981 1720 6047 cugcrrte
1731 5974 1880 6037 Abraham,

248 6057 310 6132 ‘lton
324 6085 408 6154 penult
425 6082 529 6137 Edeba
554 6081 663 6134 Nrrclror
682 6079 759 6157 {ratri
781 6081 923 6135 lirnium.
940 6078 1032 6152 hiup.)
1071 6061 1135 6148 'turis
1148 6086 1160 6158 1
1178 6076 1267 6131 littera
1281 6089 1339 6144 qun
1353 6071 1423 6143 aprrd
1439 6070 1498 6124 illos
1511 6081 1591 6144 proc
1611 6065 1717 6141 legitur,
1743 6065 1833 6120 ailina
1848 6063 1885 6118 de
