4509 6850
309 678 359 735 tte

821 672 995 732 colluunt,
1016 675 1048 729 tt·
1068 668 1228 730 detestat.
1248 703 1284 716 -
1302 667 1365 728 ltu.
1386 667 1416 729 ΙΙ.

1884 675 1936 733 ssu

307 801 425 859 quequae
444 784 579 853 otoniscstc
599 787 626 839 iu
646 801 723 838 corne
742 795 779 839 cst
799 786 974 844 circumcisio.
995 786 1039 838 scd
1052 787 1097 855 pai
1111 792 1136 846 Λ
1149 797 1194 837 sos
1214 792 1241 837 et
1263 782 1369 837 illicitos
1389 784 1490 852 passim
1513 785 1610 851 petnlct
1630 785 1788 853 crvttplcaos,
1807 793 1888 858 atque
1909 791 1936 842 iu

307 985 357 1025 non
371 969 460 1022 littero
474 966 484 1037 l
497 964 574 1020 Rom.
591 981 609 1019 ιι
620 965 641 1037 l.
656 964 714 1021 Non
730 966 779 1021 tibi
794 966 902 1037 dignius
913 966 1020 1021 videtur
1035 966 1097 1021 talis

307 1057 482 1118 circumcisio
499 1058 614 1112 dicenda
629 1058 656 1111 in
671 1058 772 1112 sanctis
785 1065 813 1112 et
828 1058 922 1113 amicis
935 1057 1000 1122 hei,
1014 1071 1096 1127 quam

308 1149 396 1205 earnis
416 1145 611 1202 obtruncatio?
631 1144 683 1199 Sed
702 1147 836 1200 sermonis
857 1146 962 1199 novitas
982 1143 1097 1200 sociasse

308 1255 361 1297 nort
382 1237 470 1292 solum
490 1235 610 1297 circeos.
627 1235 771 1290 sedetiam
788 1236 893 1305 aliquos
915 1236 1028 1289 iratrum
1049 1245 1097 1291 no-

308 1342 425 1386 strornm
439 1328 584 1383 deterreat.
599 1325 779 1395 impossibilia
793 1326 864 1380 enim
879 1326 984 1379 ridetur
995 1326 1097 1381 Paulus

308 1433 483 1491 presumere,
495 1416 541 1487 qui
553 1415 786 1471 circumcisionem
798 1417 887 1470 cordis
900 1416 1011 1471 inducit.
1027 1418 1098 1484 ero

308 1512 387 1567 otrodo
397 1510 470 1564 enim
482 1507 539 1562 llcri
552 1507 670 1577 potuerit
683 1518 713 1560 ut
724 1508 932 1561 circumcidatur
945 1509 1096 1562 membrum

308 1601 379 1672 qnod
395 1600 511 1654 internis
524 1596 674 1652 visceribus
687 1596 839 1660 obtectum,
855 1598 937 1651 etiarn
952 1614 967 1650 a
982 1611 1096 1667 eonspe-

308 1694 397 1749 ctibus
416 1691 484 1762 ipsis
502 1688 641 1744 hominurn
661 1687 747 1741 latet?
763 1685 816 1741 Vos
831 1695 939 1752 autem,
954 1689 1097 1757 opopulus

309 1786 370 1850 lici,
386 1793 415 1838 ct
430 1781 544 1853 popolus
559 1781 586 1834 in
601 1780 805 1849 acqrrisitionem
826 1781 945 1846 electus,
961 1782 994 1835 ad
1015 1795 1096 1835 enar-

309 1876 408 1930 randos
422 1875 538 1928 virtutes
551 1872 674 1938 Domini,
691 1873 817 1948 suscipite
831 1873 939 1944 dignam
953 1873 1096 1926 circumci-

308 1968 412 2021 sionem
433 1962 508 2018 rerbi
528 1962 576 2017 bei
592 1964 618 2015 in
633 1963 744 2017 auribus
759 1962 872 2025 vestris,
889 1969 916 2016 et
931 1962 959 2015 in
980 1961 1058 2015 labiis
1070 1969 1098 2016 et

1148 964 1283 1017 cumcisos
1297 970 1337 1016 cst
1354 963 1484 1032 praeputio
1499 964 1590 1018 carnis
1608 978 1674 1018 suae.
1695 965 1795 1020 l'ercrm
1815 963 1936 1022 Ecclesia

1147 1049 1248 1105 Christi
1271 1052 1357 1121 gratia
1377 1050 1435 1119 ejus
1456 1051 1501 1120 qrri
1521 1066 1571 1121 pro
1585 1068 1614 1107 sc
1628 1054 1774 1109 crucilixus
1793 1063 1835 1110 cst
1855 1059 1936 1110 robo-

1147 1150 1223 1206 rata,
1239 1158 1291 1196 non
1312 1142 1397 1196 solum
1419 1142 1452 1197 ab
1473 1142 1574 1198 illicitis
1596 1143 1771 1214 nefandisque
1785 1146 1935 1212 cubilibus,

1146 1244 1243 1285 verum
1258 1232 1339 1285 ctiam
1354 1248 1368 1285 a
1383 1233 1517 1287 concessis
1532 1242 1558 1287 ct
1573 1234 1655 1289 licitis
1670 1243 1818 1305 temperat,
1833 1245 1860 1291 et
1875 1246 1933 1291 tan·

1148 1335 1228 1390 uttam
1248 1321 1325 1391 virgo
1346 1336 1444 1390 sponsa
1463 1321 1580 1386 Christi,
1604 1324 1687 1378 castis
1706 1334 1732 1378 et
1757 1324 1861 1393 pudicis
1880 1326 1922 1379 vir

1148 1415 1256 1484 pinibus
1282 1416 1377 1480 llorct,
1400 1417 1428 1470 in
1452 1417 1550 1485 quibus
1573 1432 1635 1471 vera
1655 1420 1826 1474 circumcisio
1845 1420 1936 1474 earnis

1148 1506 1270 1575 praeputii
1284 1506 1354 1560 lacta
1367 1516 1423 1573 cst,
1434 1518 1461 1562 et
1474 1523 1537 1563 sere
1548 1517 1738 1563 testamentum
1752 1511 1799 1565 bei
1812 1520 1840 1564 ct
1852 1520 1936 1565 testa·

1148 1605 1267 1651 tuentum
1280 1605 1409 1653 aeternum
1423 1600 1449 1653 in
1461 1615 1554 1654 corrant
1567 1615 1649 1655 carne
1661 1611 1792 1657 servatur.
1805 1602 1936 1671 Superest

1148 1688 1290 1756 designare
1304 1689 1386 1743 ctiam
1401 1691 1635 1746 circumcisionem
1649 1691 1748 1746 cordis.
1771 1690 1799 1747 Si
1821 1694 1881 1762 quis
1895 1699 1937 1747 cst

1149 1778 1194 1846 qtri
1206 1779 1330 1832 obscenis
1341 1781 1484 1834 desideriis
1494 1788 1520 1834 et
1534 1781 1613 1835 iuedis
1626 1781 1815 1850 cupiditatibus
1827 1791 1934 1846 aestuat,

1148 1876 1192 1933 ct,
1207 1876 1234 1923 ut
1249 1869 1368 1924 breviter
1381 1870 1486 1934 dicam,
1501 1870 1546 1942 qui
1561 1871 1713 1925 mmcbatur
1725 1871 1824 1936 corde,
1837 1872 1880 1925 hic
1894 1871 1935 1924 in-

1149 1961 1326 2015 circumcisus
1340 1969 1382 2016 est
1395 1964 1485 2016 corde.
1510 1962 1562 2017 Sed
1576 1970 1604 2016 et
1618 1960 1663 2030 qui
1684 1960 1825 2015 hereticos
1841 1975 1936 2015 sensus

308 2064 333 2117 iu
346 2057 445 2121 corde,
460 2063 488 2109 et
502 2055 528 2108 in
544 2054 675 2125 praeputio
688 2054 779 2108 caratis
794 2060 905 2117 vestrm,
922 2061 949 2107 et
965 2053 991 2106 in
1006 2052 1095 2106 omni·
1148 2059 1240 2106 mente
1266 2052 1381 2115 retinet,
1408 2059 1436 2106 et
1460 2052 1630 2121 blasphemas
1654 2051 1816 2105 assertiones
1842 2058 1937 2104 contra

308 2152 357 2208 bus
378 2148 490 2204 omnino
511 2146 639 2201 membris
659 2146 767 2201 vestris.
788 2144 961 2199 Circumcisae
979 2157 1096 2211 namque
1110 2135 1134 2195 tt
1148 2140 1288 2193 scientiam
1304 2138 1405 2194 Christi
1426 2140 1544 2210 disponit
1565 2140 1591 2193 in
1614 2142 1711 2206 corde,
1727 2140 1771 2195 bic
1791 2140 1937 2195 incircum-

309 2241 364 2296 slnt
385 2253 467 2293 aures
480 2244 577 2291 vestrm
593 2236 740 2290 secundum
755 2235 867 2289 verbum
882 2233 945 2299 Dei,
960 2243 1097 2288 atrocem
1150 2228 1223 2281 cisus
1236 2236 1278 2282 est
1293 2229 1384 2282 eorde.
1405 2227 1456 2294 eri
1472 2244 1537 2283 vero
1549 2244 1644 2298 puram
1660 2228 1739 2284 fidem
1754 2230 1781 2283 in
1796 2230 1937 2284 conscien-

308 2346 360 2386 nuu
377 2329 509 2399 recipiant
519 2325 713 2389 obtrectantis,
726 2333 756 2379 ut
769 2324 892 2379 maledici
907 2332 936 2378 et
948 2322 1096 2394 blasphemi
1151 2318 1195 2372 tice
1208 2319 1363 2373 sinceritate
1376 2321 1509 2386 custodit,
1533 2322 1584 2374 istc
1598 2321 1774 2376 circumcisus
1787 2330 1828 2377 cst
1842 2323 1935 2387 eorde,

308 2422 389 2477 rerba
409 2434 463 2475 uon
478 2418 605 2482 audiant,
622 2416 663 2471 vel
684 2415 760 2471 laisis
773 2414 1008 2470 criminationibus
1023 2429 1099 2468 men-

308 2524 364 2570 tem
380 2527 434 2568 non
447 2509 620 2581 patefaciant.
642 2508 803 2578 oppilentur
816 2515 844 2562 et
858 2507 958 2563 clausae
977 2508 1046 2571 sint,
1063 2520 1098 2560 ne

306 2603 439 2672 iodicium
459 2600 598 2671 sangoinis
619 2599 748 2664 audiant,
763 2608 810 2651 aut
830 2596 972 2667 impudicis
985 2596 1098 2651 canticis

306 2704 335 2750 et
355 2691 534 2749 theatralibus
556 2692 631 2746 sonis
644 2696 764 2759 pateant.
781 2689 853 2743 h'ibil
867 2689 1012 2743 obscenum
1027 2687 1097 2740 reci-

306 2785 402 2855 piant;
419 2779 518 2837 sed-ab
530 2781 604 2837 omui
625 2795 706 2834 scena
721 2778 902 2848 corruptionis
916 2792 1018 2831 aversae
1032 2776 1095 2831 sint.

308 2872 372 2928 llaec
386 2879 429 2926 cst
442 2870 614 2926 circumcisio
628 2884 680 2938 qvia
691 2869 811 2924 Ecclesia
823 2866 925 2923 Christi
940 2880 1020 2920 aures
1031 2880 1096 2920 soo-

308 2977 368 3016 rum
389 2959 560 3017 circumcidit
572 2958 713 3013 irrlantum.
729 2958 805 3022 ism,
821 2958 919 3020 credo,
934 2962 996 3011 sunt
1017 2969 1097 3009 aures

308 3067 377 3123 quas
390 3053 418 3107 in
430 3049 600 3106 auditoribus
611 3050 668 3103 suis
679 3049 808 3104 Dominus
820 3048 975 3117 requirebat
988 3047 1095 3101 dicens:

310 3145 362 3211 otti
382 3143 460 3197 hcict
482 3158 559 3197 ccccc
576 3142 720 3205 audiendi,
742 3141 834 3194 audiat
849 3140 935 3211 (erc.
951 3154 997 3192 vtn
1009 3137 1030 3209 ).
1045 3137 1098 3192 ltc-

310 3249 354 3290 mo
373 3234 446 3290 enim
468 3241 558 3302 potest
571 3231 769 3287 incircumcisis
782 3230 893 3284 auribus
912 3237 940 3282 et
953 3226 1097 3283 immundis

1150 2408 1183 2463 dc
1197 2424 1250 2477 qttu
1263 2409 1316 2463 dici
1331 2416 1434 2477 potest:
1448 2410 1522 2462 Beati
1535 2410 1631 2463 mondo
1646 2411 1732 2473 cordo,
1746 2414 1869 2481 quoniam
1883 2414 1935 2481 ipsi

1148 2495 1233 2551 Deum
1247 2498 1367 2551 videbunt
1383 2498 1501 2570 (Moira.
1515 2497 1562 2570 v).
1580 2499 1636 2568 Ego
1658 2514 1721 2554 vero
1741 2502 1826 2554 acideo
1846 2515 1879 2583 ex
1900 2503 1936 2556 si·
2033 2553 2037 2565 ,

1149 2589 1222 2656 mili,
1244 2590 1325 2644 etiam
1345 2590 1403 2644 lime
1424 2590 1590 2659 propheticis
1609 2589 1720 2645 vocibus
1739 2591 1852 2656 addere,
1873 2593 1935 2661 quia

1148 2680 1219 2734 sicut
1232 2687 1337 2748 oportet
1352 2679 1462 2734 auribus
1476 2688 1504 2734 et
1519 2678 1598 2734 labiis
1610 2687 1638 2733 et
1652 2679 1747 2745 corde,
1763 2682 1854 2736 carnis
1868 2698 1936 2752 pue·

1148 2770 1224 2839 potio
1238 2772 1385 2824 secundom
1399 2785 1430 2824 ca
1444 2785 1505 2839 eum
1524 2786 1605 2840 supra
1625 2771 1742 2826 diximus
1762 2773 1935 2840 circumcidi,

1150 2860 1186 2947 itp
1209 2858 1332 2915 lortassis
1356 2869 1385 2914 et
1407 2875 1503 2915 manus
1527 2869 1626 2915 uomere
1650 2863 1771 2931 indigent
1794 2864 1936 2920 circumci-

1148 2953 1237 3017 sione,
1258 2961 1285 3007 et
1304 2953 1400 3022 pedes,
1423 2960 1450 3006 et
1469 2953 1560 3017 visus,
1576 2961 1603 3006 et
1622 2953 1768 3019 odoratus,
1790 2964 1817 3009 et
1836 2965 1934 3011 tacurs.

1150 3044 1185 3101 bt
1215 3044 1287 3099 enim
1315 3043 1452 3114 perlectos
1482 3044 1518 3099 sit
1552 3044 1632 3098 borrro
1656 3044 1704 3098 bei
1734 3047 1760 3098 in
1794 3047 1934 3112 ornatibus,

1148 3149 1245 3196 cuncta
1259 3139 1474 3195 circumcidenda
1488 3148 1550 3193 sont
1561 3139 1682 3192 membra
1696 3156 1702 3191 :
1719 3154 1814 3193 mantas
1827 3140 1935 3209 qrridcm

1148 3243 1164 3282 a
1180 3228 1292 3298 rapinis,
1307 3243 1323 3282 a
1339 3227 1429 3293 luctis,
1443 3243 1475 3282 ac
1486 3227 1614 3291 caedibus,
1629 3228 1705 3282 etad
1720 3228 1776 3283 sola
1789 3243 1870 3298 opera
1884 3229 1932 3283 boi

310 3324 409 3379 mucida
432 3322 514 3377 verba
533 3322 673 3392 sapientias
691 3330 719 3375 et
739 3320 861 3375 veritatis
881 3319 983 3373 audire.
1002 3317 1097 3373 Vcnia·
1147 3319 1306 3391 pamlendae.
1318 3319 1533 3374 circumcidendi
1544 3320 1709 3387 sonipedes,
1722 3335 1756 3374 ne
1765 3320 1871 3376 veloces
1882 3323 1936 3376 sint

311 3431 387 3481 mus,
400 3413 425 3470 ti
438 3413 534 3478 vultis,
546 3421 574 3469 et
587 3412 619 3466 ad
636 3412 768 3467 labiorum
783 3410 1024 3465 circumcisionem.
1040 3409 1096 3479 Epo
1150 3414 1184 3467 ad
1200 3411 1390 3468 elluudcndom
1405 3411 1581 3483 sanguinem,
1596 3419 1623 3466 et
1638 3428 1671 3466 ne
1687 3412 1788 3467 intrent
1802 3413 1828 3467 in
1843 3413 1934 3468 conci-

310 3512 374 3573 puto
387 3503 460 3573 quod
475 3502 680 3559 incircumcisus
695 3502 730 3556 sit
743 3500 830 3564 labiis,
846 3500 891 3567 qui
906 3499 1023 3553 trundum
1037 3513 1097 3553 ces-
1111 3487 1133 3548 C
1150 3505 1215 3558 tium
1228 3503 1447 3574 malignantium,
1461 3504 1508 3559 sed
1522 3511 1552 3559 ot
1565 3512 1667 3558 tantum
1681 3519 1730 3572 pro
1744 3506 1877 3561 arrandutis
1889 3504 1935 3562 liei

310 3596 379 3652 sarit
390 3612 406 3651 a
417 3595 594 3664 stultiloquio,
606 3611 622 3649 a
634 3596 809 3660 scurrilitate,
820 3596 865 3664 uui
879 3590 957 3650 bouis
970 3591 1095 3666 dcmgat,
1149 3597 1326 3651 circumeant.
1347 3594 1562 3654 Circumcidatur
1581 3603 1609 3649 et
1624 3595 1735 3661 ocolus,
1751 3612 1785 3653 ne
1805 3599 1934 3668 concupi-

311 3686 355 3755 unt
369 3685 532 3741 criminatur
544 3685 699 3755 proximos,
714 3686 760 3754 qut
775 3685 837 3740 tices
852 3686 979 3755 instigat,
993 3687 1037 3755 uui
1052 3701 1097 3740 ca-
1149 3701 1207 3747 scaa
1226 3691 1363 3757 alterium,
1379 3707 1413 3747 ns
1427 3692 1518 3746 vicem
1532 3690 1565 3744 su
1580 3679 1822 3759 co‘ncupiscenuam
1839 3690 1935 3744 murtro·

309 3776 552 3840 Ι11111111111111101θῑι
573 3776 619 3845 qut
640 3774 1097 3846 ῐ1ῐ11111111111115111111311011111111110
1149 3801 1216 3839 rein.
1234 3782 1317 3852 Cujus
1330 3785 1402 3838 euim
1422 3785 1494 3838 circa
1515 3782 1676 3838 lertrinarum
1699 3782 1799 3836 iorrrras
1820 3781 1937 3836 lasciuus

311 3866 475 3931 111111Ιυὶ1111,
490 3866 537 3936 (1111
556 3881 628 3941 W..
645 3874 672 3920 0¹
693 3866 801 3935 inepta,
816 3867 953 3922 saeffllffla
967 3876 995 3921 0¹
1009 3868 1097 3936 impu-
1148 3882 1176 3930 et
1188 3875 1313 3930 curiosus
1326 3876 1436 3929 cb'errat
1451 3880 1593 3944 aspectus,
1609 3873 1660 3927 istc
1674 3872 1880 3927 incircumcisus
1895 3879 1936 3924 cst

310 3958 387 4022 ctos,
410 3957 500 4027 corpu
519 3964 547 4012 et
561 3956 706 4027 iniuriosa,
727 3964 868 4025 proterva,
884 3955 1054 4027 utacptrems,
1070 3965 1098 4012 et
1148 3965 1241 4020 ocutis.
1258 3963 1463 4034 secessionis
1482 3974 1541 4029 esc,
1562 3963 1609 4033 qut
1630 3962 1861 4026 summariorum,
1877 3962 1936 4018 sive

308 4047 601 4118 mors-ominatum
613 4046 860 4113 septembisano,
874 4048 1051 4118 proloquitur.
1067 4048 1098 4104 Si
1147 4055 1238 4119 uruat,
1262 4055 1332 4109 sicut
1353 4054 1498 4123 apostotus
1520 4054 1664 4123 procopii,
1691 4053 1724 4107 ao
1748 4031 1861 4122 gtoitarn
1886 4053 1934 4107 uu

308 4141 371 4210 cuis
384 4155 451 4196 vero
463 4139 498 4195 ab
512 4139 556 4195 his
570 4140 699 4196 omnibus
711 4140 834 4194 continet
851 4156 883 4195 os
902 4156 996 4206 suum,
1011 4149 1039 4195 et
1057 4140 1098 4194 di·
1147 4146 1292 4200 manducet
1307 4154 1334 4198 et
1346 4145 1422 4199 bibat
1438 4144 1473 4216 (l
1489 4142 1551 4198 Cor.
1566 4143 1621 4212 a),
1638 4145 1688 4199 iste
1703 4144 1879 4200 circumcisus
1895 4155 1936 4200 ost

306 4232 401 4301 sponit
421 4245 560 4287 sermones
579 4245 643 4285 suos
662 4231 689 4284 in
706 4229 824 4298 judicio,
840 4232 1032 4286 verbositatem
1052 4245 1096 4285 rc·
1148 4245 1237 4305 gusto.
1252 4235 1335 4303 errius
1349 4236 1420 4290 bens
1434 4243 1530 4290 venter
1549 4243 1605 4299 est,
1627 4243 1655 4289 et
1673 4236 1850 4292 suavitatibus
1868 4238 1936 4306 gauloe

307 4321 421 4391 primu,
447 4321 566 4390 linguam
588 4328 736 4390 temperat,
756 4321 838 4376 verba
861 4321 1028 4386 moderatur,
1047 4321 1098 4375 iste
1149 4326 1282 4389 deseruit,
1303 4326 1383 4396 hujus
1403 4325 1620 4380 incircumcisum
1635 4325 1749 4380 dixerim
1769 4336 1885 4397 gustans.
1907 4327 1935 4383 Si

306 4413 410 4469 merito
424 4412 601 4468 circumcisus
613 4412 692 4467 labiis
707 4412 815 4467 dicitur.
833 4410 885 4467 Sed
900 4420 928 4466 et
940 4412 985 4480 qcri
1001 4411 1098 4480 iniqui-
1149 4416 1209 4485 quis
1231 4415 1331 4471 Christi
1357 4416 1466 4470 odorem
1488 4415 1589 4471 honum
1610 4417 1697 4484 capit,
1717 4428 1743 4470 et
1763 4417 1789 4471 in
1810 4418 1937 4486 operibus

310 4513 393 4560 tatem
407 4505 434 4559 in
447 4504 582 4561 excelsum
595 4504 751 4573 loqaruntur,
761 4513 789 4558 et
802 4504 949 4558 extendunt
960 4504 988 4557 in
1000 4502 1097 4556 coelum
1150 4504 1342 4561 misericordia
1355 4506 1465 4562 odorem
1480 4505 1621 4561 suavitatis
1642 4506 1771 4573 requirit,
1789 4506 1869 4576 bajus
1884 4509 1937 4563 cir-

307 4596 429 4667 linpuam
450 4611 528 4651 suam
549 4596 621 4651 sicut
643 4596 763 4650 haeretiei
780 4595 898 4660 iaciunt,
915 4595 1097 4649 incircumcisi
1149 4595 1267 4651 eumcisa
1280 4602 1322 4648 est
1336 4595 1467 4650 odoratio.
1483 4593 1533 4660 Qui
1548 4608 1613 4647 vcro
1627 4593 1721 4662 priruis
1736 4595 1880 4664 unguentis
1892 4595 1934 4650 de

309 4693 338 4739 ct
351 4685 482 4740 immundi
496 4684 575 4739 labiis
589 4685 694 4739 dicendi
710 4695 782 4740 sunt.
798 4684 979 4740 Circumcisus
993 4693 1098 4741 seruet
1149 4684 1249 4738 libutus
1272 4683 1386 4749 incedit,
1409 4684 1459 4738 iste
1482 4683 1688 4738 incircumcisus
1710 4682 1823 4736 odoratu
1844 4683 1936 4738 dicen-

310 4773 438 4838 mundus,
452 4773 498 4843 qui
513 4788 619 4843 semper
634 4775 744 4829 verbum
759 4774 807 4829 Dei
824 4774 951 4844 loquitur,
963 4783 990 4829 et
1003 4790 1096 4829 sanam
1149 4775 1200 4830 dus
1219 4782 1269 4830 cst.
1293 4775 1348 4830 Sed
1367 4782 1395 4830 et
1414 4774 1519 4846 singula
1537 4788 1649 4843 qrraeqoo
1670 4774 1852 4829 membrorum
1870 4776 1936 4830 siin

313 4862 464 4917 doctrinam
477 4864 641 4933 euangelicis
657 4872 684 4919 et
700 4864 856 4933 apostolicis
870 4865 1001 4919 munitam
1015 4879 1095 4934 regu·
1109 4825 1136 4886 D
1150 4867 1245 4923 olliciis
1265 4867 1452 4921 mandatorum
1467 4867 1516 4921 Dei
1531 4866 1700 4930 deserviant,
1723 4866 1882 4922 circumcisa
1899 4867 1938 4921 di·

309 4953 344 5008 lis
357 4953 470 5022 proicrt.
492 4953 550 5010 lloc
568 4969 633 5026 crgo
647 4955 768 5010 modoet
782 4956 951 5011 circumcisio
965 4955 1097 5011 labiorum
1150 4961 1235 5016 cenda
1253 4967 1324 5015 sunt.
1341 4956 1371 5013 Si
1385 4973 1450 5013 vcro
1465 4958 1533 5012 ultra
1551 4957 1724 5028 prescriptos
1739 4958 1790 5013 sibi
1805 4958 1938 5014 divinitus

308 5044 392 5098 datur
406 5044 433 5098 iu
449 5044 569 5100 Ecclesia
585 5046 643 5101 liei.
660 5045 736 5101 h'uuc
750 5061 815 5101 vero
834 5047 979 5101 secundans
994 5045 1098 5114 pollici·
1149 5049 1318 5103 luxun‘antur
1333 5048 1420 5119 leges,
1437 5046 1624 5100 incircumcisa
1641 5047 1788 5115 reputanda
1804 5056 1877 5101 sarrit.

316 5137 443 5192 tationem
463 5148 602 5203 nostram,
619 5139 735 5207 qualitor
750 5138 832 5193 etiarn
848 5138 939 5192 carnis
953 5137 1097 5191 circurnci·
1438 5153 1550 5210 cpppp
1570 5153 1641 5208 xpp,

307 5228 354 5283 ⁵5⁰
368 5229 468 5300 miii
482 5229 595 5295 ‘lehem’
610 5231 756 5285 dieamus·
774 5229 920 5285 Nemi'fflffl
936 5228 987 5283 ¹¹⁰⁰
1002 5228 1028 5282 5¹¹
1044 5241 1097 5295 ‘1¹¹⁰
1151 5249 1200 5304 titi
1213 5259 1263 5303 tres
1276 5249 1323 5302 ciri
1336 5256 1511 5317 apparuerunt
1522 5246 1633 5300 Abrahae
1644 5248 1670 5300 ιἰι
1683 5244 1797 5300 concoilc
1808 5243 1937 5309 dlurtrlrre,

314 5319 473 5389 praeputium
493 5320 600 5374 ridetur
618 5334 695 5386 esse,
708 5318 804 5374 officiis
824 5318 992 5372 naturalibus
1012 5317 1098 5372 coitus
1306 5317 1405 5370 sedenti
1428 5320 1453 5370 in
1468 5317 1533 5369 ostio
1548 5315 1711 5369 triber-croculi
1726 5317 1776 5370 mi.

317 5418 343 5464 et
353 5410 536 5481 genemttiuuis
551 5409 708 5473 deservire,
725 5423 804 5463 nestro
817 5416 860 5462 cst
873 5407 919 5476 qui
938 5406 1051 5462 dubitet.
1069 5405 1098 5460 Si
1185 5405 1270 5478 (Car.
1285 5404 1382 5474 svart.)
1403 5405 1530 5474 Apparuit
1551 5413 1637 5457 autem
1652 5404 1675 5456 ci
1691 5401 1816 5456 Dominus
1830 5400 1858 5452 ia
1872 5415 1938 5452 con-

312 5497 373 5565 quis
392 5497 476 5569 igitur
495 5513 559 5568 erga
579 5496 764 5566 hujuscemodi
785 5505 875 5551 motos
893 5511 946 5551 oon
966 5497 1098 5565 importu—
1149 5494 1216 5555 oullc
1231 5493 1364 5557 llornirc,
1379 5492 1478 5546 sedenti
1491 5493 1518 5545 irc
1531 5494 1596 5547 ostio
1610 5487 1770 5544 tiricruoccli
1784 5486 1825 5540 sui
1840 5486 1938 5556 inipso

319 5602 365 5643 uos
378 5590 495 5655 existat,
513 5606 563 5645 nec
578 5598 695 5644 statutos
710 5589 815 5659 legibus
830 5589 959 5642 tertniuos
972 5596 1097 5656 superet,
1150 5585 1250 5655 [cruore
1270 5583 1332 5637 dici.
1355 5582 1470 5655 Cumque
1491 5584 1613 5638 elevasset
1633 5580 1736 5643 oculos,
1758 5588 1937 5649 opporucruru

319 5691 365 5733 uec
378 5679 459 5734 allant
480 5679 608 5735 lentitiam
628 5696 709 5750 quatu
730 5681 870 5750 conjugem
892 5678 1037 5747 legitimam
1053 5693 1100 5733 no·
1149 5680 1173 5731 ci
1187 5686 1238 5730 tres
1256 5676 1303 5730 ciri
1316 5685 1412 5729 stantes
1429 5692 1507 5745 prope
1521 5691 1588 5728 curm
1605 5672 1676 5737 Quos
1689 5686 1747 5724 catu
1760 5669 1879 5732 uidisset,
1894 5685 1938 5722 cu·

317 5771 400 5833 rent,
422 5778 450 5825 ct
470 5785 520 5825 nec
538 5786 644 5840 ottoque
664 5771 722 5840 ipsa
735 5770 787 5825 nisi
803 5769 967 5840 posteritatis
982 5777 1100 5821 tutatum-
1150 5768 1231 5821 currit
1245 5767 1272 5819 in
1288 5781 1423 5818 occursum
1438 5780 1526 5817 corum
1542 5763 1573 5815 dc
1586 5760 1651 5815 osio
1665 5758 1827 5813 tolcraocclt'
1841 5759 1897 5822 cai,
1910 5769 1934 5811 ct

322 5859 395 5915 niuniu
418 5875 499 5917 causa
525 5862 608 5916 cortis
631 5870 659 5917 ct
684 5862 811 5931 legitiutis
833 5860 998 5930 temporibus
1020 5867 1099 5927 agat,
1150 5857 1267 5910 odoravit
1279 5855 1307 5909 in
1316 5864 1385 5908 terro
1400 5863 1423 5908 ct
1433 5847 1674 5914 diuittliominc,si
1685 5848 1769 5902 iuocni
1783 5848 1895 5918 proriam
1908 5850 1938 5900 in

324 5942 367 6000 iste
385 5948 563 6005 circumcisus
580 5951 711 6020 praeputio
722 5950 814 6005 carrus
825 5965 880 6004 strae
901 5948 1030 6002 dicendus
1048 5955 1099 6002 est.
1150 5946 1232 6000 ocutis
1246 5946 1307 6009 tuis,
1330 5961 1361 5998 nc
1378 5953 1496 5996 transeut
1517 5954 1619 5994 servum
1641 5948 1736 6001 tucrru;
1758 5939 1803 5993 scd
1824 5937 1933 6008 operum

324 6034 367 6098 bui
382 6054 445 6096 vcro
461 6041 487 6096 in
501 6058 608 6098 attractu
625 6041 762 6098 lasciviam
777 6041 899 6111 proruit,
913 6047 939 6094 ct
951 6056 1000 6113 per
1013 6039 1101 6095 diver-
1148 6035 1295 6110 pauxillum
1310 6050 1397 6102 coam,
1412 6040 1436 6087 ct
1449 6029 1569 6084 locentur
1583 6027 1659 6098 ccdcr
1678 6027 1769 6095 cestri;
1789 6036 1813 6082 ct
1836 6041 1935 6094 repne-
