4509 6850
308 741 343 797 or
875 738 920 792 nn
939 736 1055 813 onena
1074 736 1105 793 a.
1124 733 1255 790 naanm
1273 733 1383 792 ntum
1424 714 1429 722 '
1910 740 1947 798 or

306 852 365 907 bec
380 850 450 906 lacta
464 850 519 907 siut
533 852 637 915 ordine,
649 867 703 907 non
715 851 782 907 satis
794 852 944 906 luculenter
955 849 1097 920 expressit,
1113 861 1138 920 g
1152 848 1199 914 tia,
1214 849 1341 917 precibus
1355 863 1476 905 annuens
1492 849 1685 920 supplicantis.
1704 835 1866 909 Lutbcrtum
1882 851 1945 910 ilir-

305 953 448 1013 proptcrca
466 955 555 998 tamen
568 944 601 999 dc
615 945 758 1000 sanctitate
771 944 842 1001 illius
854 943 1029 998 dubitandum
1044 955 1098 996 non

306 1039 358 1097 est,
372 1031 443 1101 quod
457 1034 539 1086 vitam
552 1031 610 1101 ejus
622 1050 675 1088 non
688 1034 840 1088 invenimus
851 1050 884 1087 cr
897 1032 992 1088 ordine
1002 1031 1037 1088 ab
1050 1046 1099 1084 an·

305 1119 390 1190 tiqrris
410 1123 604 1191 compositam,
627 1140 690 1179 curn
712 1125 809 1180 similia
831 1125 922 1180 multis
941 1134 1098 1182 sanctorum

304 1210 465 1266 acciderint.

340 1301 441 1357 Verum
457 1303 479 1357 si
496 1305 557 1374 quis
571 1306 603 1361 dc
617 1306 698 1375 huius
710 1306 761 1360 riri
775 1306 953 1362 sanctimonia
975 1306 1096 1375 dubitat,

304 1391 399 1460 libros,
418 1410 487 1464 qnos
510 1411 607 1467 uraguo
627 1397 720 1453 labore
737 1399 874 1468 quondam
888 1398 987 1462 edidit,
1011 1406 1098 1453 attcu-

304 1483 359 1540 tius
373 1487 503 1542 revolvat.
514 1486 621 1560 Optima
632 1490 751 1559 scripsit,
759 1491 887 1561 quioniam
898 1489 990 1545 divino
1001 1492 1098 1562 spiritu

304 1575 468 1644 illustratus,
499 1596 583 1650 pure,
613 1590 706 1636 sancte
728 1592 756 1636 et
777 1582 1049 1650 irreprehensibiliter
1069 1584 1097 1638 in

303 1666 393 1723 medio
407 1683 497 1737 pravae
509 1671 624 1725 nationis
640 1672 715 1726 risit.
736 1672 791 1727 Nec
805 1673 883 1726 aliter
894 1673 985 1729 rivere
995 1676 1096 1745 potuit,

303 1758 350 1827 qui
374 1768 428 1813 tam
450 1770 544 1817 saneta
558 1763 648 1817 docuit
665 1774 693 1817 et
714 1764 834 1834 scripsit.
853 1764 921 1819 Nam
942 1782 1003 1821 curn
1025 1779 1098 1824 osset

304 1850 405 1907 ardens
416 1852 442 1907 in
459 1853 550 1908 divino
564 1870 668 1919 amore,
683 1855 785 1911 nullum
800 1856 858 1911 siue
871 1857 1005 1927 spirituali
1019 1874 1098 1914 exer·

303 1940 369 1997 citio
383 1952 488 2014 tempus
499 1947 640 2015 preteriit,
650 1946 748 2016 quippe
764 1949 810 2017 qui
826 1964 856 2004 se
876 1957 961 2004 totum
976 1951 1023 2006 Dei
1036 1966 1095 2007 scr·

302 2032 368 2087 vitio
382 2036 557 2106 mancipavit.
574 2037 650 2107 Legit
665 2039 752 2105 utilia,
767 2040 877 2110 scripsit
889 2050 993 2107 sancta,
1005 2043 1097 2098 docuit

302 2130 386 2186 recta,
398 2124 562 2192 operabatur
573 2123 704 2190 coelcstia,
719 2136 747 2182 et
757 2129 816 2184 sine
827 2130 1028 2186 intermissione
1039 2148 1095 2188 me·

1150 939 1250 1008 saugiae
1265 940 1381 1007 primum
1399 940 1523 995 abbatom
1537 941 1686 1007 constituit,
1703 943 1747 997 cui
1763 945 1796 999 de
1806 945 1875 1009 suis,
1890 963 1947 1002 nio

1150 1028 1253 1084 nachos
1270 1030 1384 1085 inomni
1400 1031 1529 1101 religione
1542 1030 1674 1101 perlectos
1693 1035 1852 1100 monastica,
1867 1038 1947 1106 quin·

1149 1120 1239 1176 decim
1259 1135 1373 1176 numero
1395 1121 1544 1190 coniunxit.
1566 1122 1608 1176 Ad
1622 1124 1814 1178 monasterinm
1836 1140 1946 1195 quonue

1149 1206 1231 1265 Novae
1243 1208 1475 1281 eorbciabmuml
1486 1212 1512 1265 in
1526 1210 1658 1265 Saxonica
1670 1214 1789 1281 regione,
1801 1230 1861 1283 quae
1872 1232 1946 1271 nnnc

1150 1301 1308 1371 Westgallia
1322 1315 1333 1341 ⁰
1350 1313 1529 1374 nuncupatur,
1546 1303 1652 1358 lunilari
1665 1306 1758 1374 coepit,
1771 1322 1842 1361 auno
1854 1300 1947 1363 llorrri-

1150 1396 1219 1452 uicoe
1238 1397 1388 1453 nativitatis
1409 1398 1633 1468 octingentesimo
1651 1397 1902 1454 vicesimosecundo
1918 1403 1930 1440 ¹¹

1148 1488 1297 1544 indictione
1320 1488 1505 1544 homanorum
1529 1490 1623 1557 quitata
1647 1489 1770 1554 decima,
1795 1492 1944 1547 monachos

1149 1591 1242 1650 postea
1254 1588 1456 1637 consummatos
1471 1580 1627 1646 destinavit,
1643 1580 1717 1636 viros
1730 1581 1851 1636 eruditos
1861 1591 1944 1651 atqtte

1149 1671 1346 1736 sanctissimos,
1364 1671 1437 1726 inter
1460 1685 1527 1740 quos
1555 1678 1665 1725 sanctus
1684 1670 1826 1736 hltlridus,
1848 1682 1942 1742 postca

1149 1773 1262 1835 quartus
1273 1764 1299 1818 in
1313 1762 1487 1819 llildelsheim
1506 1762 1643 1832 pontifex,
1664 1777 1734 1818 uuus
1748 1764 1872 1818 exstitit:
1892 1780 1941 1834 per

1148 1871 1228 1926 quem
1240 1855 1311 1911 Deus
1327 1855 1410 1910 multa
1428 1855 1504 1926 signa
1526 1863 1552 1909 ct
1574 1853 1702 1908 miracula
1716 1853 1941 1910 lidelibnsosten·

1148 1947 1197 2002 dit.
1210 1946 1252 2001 Ad
1270 1947 1322 2001 alia
1335 1961 1441 2017 utroque
1457 1947 1535 2016 plura
1553 1945 1691 2011 coenobia,
1711 1960 1743 2000 eo
1758 1956 1880 2017 tempore
1893 1963 1943 2003 no-

1147 2039 1217 2093 viter
1228 2046 1393 2105 constructa,
1410 2038 1505 2093 beatus
1518 2037 1597 2091 Pater
1610 2036 1721 2091 abbates
1741 2038 1814 2092 misit
1832 2045 1860 2091 et
1880 2052 1940 2092 mo·

1146 2126 1259 2191 nacbos,
1267 2141 1382 2196 quorum
1393 2126 1500 2180 nomina
1512 2124 1652 2180 brevitatis
1662 2139 1754 2180 amore
1764 2124 1872 2178 silentio
1881 2138 1942 2194 per-

301 2212 440 2270 ditabatur
457 2216 558 2272 divina.
582 2217 645 2274 Haec
667 2220 741 2275 illurn
763 2231 857 2277 sancta
870 2225 1051 2290 conversatio,
1066 2236 1094 2281 et
1108 2225 1131 2286 B
1146 2218 1331 2284 llassssivimllsr
1344 2227 1375 2274 2¹¹
1387 2228 1452 2288 9⁰10
1464 2219 1509 2289 ‘lui
1523 2220 1557 2274 bd
1575 2216 1655 2273 finem
1676 2217 1796 2272 hiSlOlioe
1817 2218 1939 2272 illimis·-

301 2306 378 2361 uobis
392 2310 488 2365 merito
501 2313 682 2368 venerabilem
695 2313 759 2369 iecit
772 2316 800 2369 in
814 2316 905 2385 terris,
918 2325 946 2372 ct
958 2334 1019 2373 curn
1032 2334 1093 2375 sau-

301 2396 354 2452 ctis
368 2398 415 2454 [lei
429 2401 554 2457 omnibus
576 2403 722 2473 gloriosum
744 2406 860 2462 reddidit
880 2408 908 2462 iu
931 2410 1017 2465 coelis.
1039 2413 1094 2466 oco

298 2482 406 2555 juvenis
420 2488 447 2542 iu
462 2495 625 2548 monasterio
643 2494 725 2566 eoepit
741 2497 849 2562 virere,
869 2514 902 2554 ac
922 2501 990 2556 bene
1005 2512 1093 2572 coepta

301 2575 416 2634 lideliter
430 2585 558 2652 usquead
568 2594 682 2661 mortem
694 2589 873 2645 continuarit.
885 2592 1032 2649 llonachus
1043 2594 1094 2650 luit

298 2665 440 2737 innocens,
456 2676 539 2731 abbas
558 2678 585 2732 iu
599 2678 654 2734 ileo
666 2694 773 2751 semper
783 2683 942 2751 proficiens,
958 2688 1092 2758 arehiepi-

299 2772 400 2830 scopus
412 2762 483 2818 inter
494 2766 636 2835 prefectos
652 2770 796 2838 excellens,
815 2771 942 2830 fraterna·
952 2777 1092 2835 charitatis

298 2860 404 2907 amator
422 2864 449 2909 et
468 2858 557 2912 cultor
571 2858 786 2917 ferventissimus
802 2865 915 2931 exstitit,
929 2875 957 2923 et
976 2869 1090 2926 salutem

298 2942 420 2997 omnium
442 2948 639 3005 studiosissime
665 2954 799 3022 quesivit.
828 2955 903 3012 Unde
927 2959 985 3015 zelo
1008 2962 1092 3019 divini

298 3034 400 3090 amoris
414 3051 555 3108 accensus,
571 3042 663 3099 multis
675 3046 821 3114 coenobiis,
840 3065 901 3119 quac
921 3059 984 3107 tnnc
998 3052 1091 3109 ltrrrda·

299 3121 400 3178 bantur
413 3125 445 3181 dc
460 3143 540 3195 novo,
554 3140 581 3185 ct
596 3134 742 3190 monachos
754 3151 788 3189 ex
807 3138 864 3193 suis
879 3139 952 3194 dedit
969 3153 1090 3214 rogatus,

298 3222 327 3267 ct
340 3213 462 3271 doctrina
473 3221 619 3288 praeclaros
633 3224 754 3281 abbates.
766 3228 930 3288 infirmiores
950 3251 1090 3305 quosque,

298 3312 327 3360 ct
338 3307 428 3361 minus
441 3306 467 3361 in
479 3308 650 3367 observantia
665 3316 781 3386 regulari
797 3318 900 3375 zelosos
911 3330 991 3392 atque
1002 3326 1091 3395 peric-

298 3406 368 3463 ctos,
382 3399 408 3455 iu
425 3404 588 3460 monasterio
604 3420 695 3462 secum
712 3409 841 3478 detinuit,
855 3421 882 3467 ct
896 3416 946 3470 snb
959 3416 1034 3490 virga
1047 3420 1090 3475 di·

298 3490 418 3562 tciplinae
427 3493 460 3548 ad
472 3494 583 3551 meliora
596 3499 716 3566 quotidie
727 3503 887 3571 compellere
898 3520 951 3560 uon
963 3510 1088 3565 cessavit.

1147 2310 1239 2366 biliter
1251 2310 1420 2367 festinamus.

1139 2478 1143 2486 ι
1182 2405 1250 2461 Cum
1274 2407 1365 2477 itaque
1388 2406 1628 2461 reverendissimus
1652 2404 1736 2461 abbas
1761 2404 1889 2458 hahanus
1911 2405 1938 2459 in

1147 2497 1204 2569 lege
1218 2498 1366 2554 monastica
1380 2496 1654 2568 irreprehensibiliter
1667 2496 1780 2559 vireret,
1796 2506 1823 2551 et
1838 2495 1939 2551 multos

1146 2590 1230 2647 verbo
1240 2601 1269 2647 et
1280 2591 1404 2660 exemplo
1416 2591 1449 2644 ad
1459 2589 1593 2659 justitiam
1610 2588 1739 2652 erudiret,
1751 2587 1827 2642 sunit
1838 2588 1863 2640 in
1875 2602 1939 2641 cum

1147 2682 1230 2736 totius
1244 2682 1307 2736 horti
1321 2681 1504 2745 adversarius,
1519 2688 1547 2734 et
1562 2679 1644 2734 variis
1658 2678 1746 2732 triadis
1766 2678 1816 2730 riri
1837 2692 1939 2748 propo-

1146 2774 1227 2828 situm
1239 2787 1378 2837 enervare,
1391 2772 1551 2843 penitusque
1565 2769 1723 2824 subvertere
1740 2767 1897 2831 laborabat,
1910 2774 1940 2822 et

1146 2863 1238 2919 multis
1250 2863 1385 2931 variisque
1398 2861 1510 2917 nocendi
1525 2859 1620 2914 mediis
1636 2858 1725 2913 virum
1744 2865 1865 2912 sanctum
1887 2871 1939 2927 agn

1146 2967 1265 3024 gressus,
1274 2967 1336 3007 cuin
1347 2949 1429 3005 animi
1439 2950 1498 3020 ejus
1507 2948 1687 3004 constantiam
1700 2961 1868 3015 netprnquanr
1880 2959 1940 3013 pos

1146 3053 1187 3101 set
1205 3042 1390 3114 perfringere,
1413 3042 1581 3096 subditorum
1597 3038 1655 3107 ojus
1677 3044 1781 3092 mentes
1795 3037 1827 3090 ad
1844 3035 1938 3090 odium

1145 3135 1262 3205 pastoris
1291 3133 1387 3189 callida
1419 3132 1522 3189 studuit
1551 3128 1751 3185 machinatione
1778 3139 1936 3195 provocare.

1144 3224 1223 3279 lirino
1233 3226 1314 3294 igitur
1325 3223 1474 3278 nativitatis
1484 3221 1542 3290 ejus
1552 3219 1776 3291 quiuquagesimo
1785 3216 1901 3286 septimo
1911 3224 1937 3279 ⁸,

1144 3324 1175 3371 ut
1185 3313 1360 3385 llegiulridus
1378 3312 1480 3383 (l'uldae
1492 3322 1585 3381 postea
1597 3310 1755 3379 monachus)
1773 3315 1815 3363 est
1826 3313 1937 3370 atrctor,

1144 3403 1215 3459 lacta
1236 3410 1278 3459 est
1300 3403 1372 3457 inter
1393 3416 1455 3457 cum
1478 3410 1505 3454 et
1525 3401 1674 3456 marracinus
1690 3398 1759 3468 ejus,
1775 3397 1938 3454 solhcitante

1145 3495 1263 3561 diaholo,
1282 3493 1373 3563 gravis
1394 3492 1517 3561 quedam
1531 3500 1559 3546 et
1577 3492 1672 3545 nociva
1689 3491 1836 3555 dissensio,
1860 3488 1938 3557 cirjns

252 3612 261 3625 ·
298 3583 340 3640 hd
355 3587 520 3643 monasteria
532 3604 598 3645 vero
611 3592 716 3647 noviter
730 3592 850 3661 lundata,
862 3613 915 3652 nou
928 3600 1002 3655 misit
1018 3602 1092 3657 inlir-
1106 3573 1128 3636 G
1145 3597 1235 3643 lamen
1248 3601 1358 3642 &⁰⁸³¹ss
1371 3600 1424 3639 ¹¹⁰ss
1439 3583 1580 3653 Clhlssssil·
1595 3582 1680 3649 0⁰³¹ss
1691 3581 1842 3636 Ludoricus
1852 3582 1861 3621 s
1870 3583 1939 3637 Ger·

207 3738 210 3743 ¹
297 3690 368 3744 uros,
381 3678 429 3733 sed
440 3676 534 3748 lortes,
546 3696 599 3736 riou
610 3683 715 3753 tepidos
726 3693 753 3740 ct
765 3688 898 3753 carnales,
910 3691 957 3746 sed
969 3695 1092 3751 moribus

298 3775 327 3822 et
341 3769 497 3826 eruditione
519 3783 720 3832 eonsummatos
741 3785 821 3848 atquc
844 3781 987 3849 perlectos.
1013 3786 1092 3843 huno

298 3858 439 3929 regiminis
453 3861 495 3915 sui
507 3861 648 3921 abbatialis
665 3868 744 3923 tertio
755 3869 868 3937 decimo,
880 3873 926 3942 qui
941 3873 993 3929 luit
1002 3877 1094 3933 Domi—

298 3948 366 4006 nicte
381 3951 783 4028 nativitatisoctingentesimus
797 3963 951 4020 tricesimus
968 3976 1091 4036 octavam,

298 4040 446 4099 indictione
466 4044 649 4103 Ronlanomm
661 4052 765 4120 prima,
784 4070 845 4110 cunt
865 4056 1017 4116 Erlasridns
1029 4064 1091 4133 qui-

299 4135 360 4190 dam
373 4152 465 4193 comcs
476 4139 503 4192 iu
514 4139 598 4195 Calba
612 4145 804 4200 monasterium
818 4146 844 4201 iu
857 4150 1016 4206 memoriam
1030 4169 1092 4209 san-

298 4228 334 4283 cti
349 4228 452 4284 Aurelii
467 4243 480 4272 ⁸
493 4231 638 4300 pontificis,
657 4235 727 4304 apud
749 4235 937 4311 llirsangiam,
956 4241 1092 4312 Spirensis

299 4318 436 4385 dioecesis,
449 4337 548 4376 tronum
564 4339 580 4377 a
599 4321 773 4382 lundantento
788 4331 995 4401 construxisset,
1009 4336 1092 4391 missa

298 4409 432 4479 legatione
447 4412 473 4468 in
490 4412 602 4468 Foliam
616 4431 677 4471 eum
696 4419 823 4487 precihus
841 4420 935 4492 0tgari
955 4426 1091 4496 archicpi-

298 4505 373 4574 scopi
388 4503 535 4576 lloguutini
554 4505 699 4579 et[1⁴'ortc
714 4508 767 4582 ad]
788 4510 930 4568 Rabauum
949 4516 1091 4587 abbatem,

298 4595 447 4651 tnouacbos
456 4595 491 4650 ab
500 4610 533 4650 eo
542 4597 666 4667 petiit,et
674 4599 734 4669 ejus
744 4600 913 4672 dispositioni
926 4607 1090 4676 eoenobium,

297 4685 371 4756 quod
385 4695 519 4751 erexerat,
537 4690 745 4746 commendavit.
765 4690 816 4759 Qui
838 4709 889 4765 pro
906 4694 953 4750 bei
968 4711 1094 4752 reveren·

336 4853 350 4882 ⁸
361 4841 413 4897 llic
422 4841 608 4896 esthrmenus
620 4842 825 4900 Bedicianorum
836 4848 954 4919 episcop.
968 4849 997 4906 S.
1008 4851 1089 4908 Basil.

292 4911 389 4994 'llagni
405 4913 575 4982 synchronus
586 4920 613 4967 et
622 4922 748 4978 coeam,
760 4929 839 4984 quem
853 4917 1017 4986 Galesinius,
1027 4921 1092 4978 Fer·

299 4981 513 5109 {gnflffliloe
527 4981 649 5038 referunt
659 4983 712 5040 coli
728 4983 746 5040 a
763 4984 893 5043 Novemb.
915 4988 1090 5060 Trithemius,

378 5068 424 5107 an.

252 5149 254 5153 ·
335 5122 402 5178 blle
415 5138 483 5179 nova
499 5124 551 5179 hac
565 5122 679 5183 Corbeia
692 5128 754 5183 vide
765 5127 855 5184 llitam
865 5129 951 5184 sancti
964 5130 1092 5190 hdelardi

301 5205 351 5264 pter
364 5191 542 5258 liudbertum,
557 5209 617 5267 cap.
633 5198 678 5264 l6,
691 5207 719 5254 et
732 5197 822 5253 Vitam
842 5196 871 5252 S.
884 5199 1039 5257 huscharii.

336 5274 349 5303 ⁶
364 5262 421 5319 lmo
430 5263 607 5336 Westphalia.
622 5268 660 5323 lle
670 5269 775 5340 origine
784 5267 864 5338 hujus
874 5271 996 5326 vocabuli
1008 5271 1092 5328 malta

204 5331 207 5337 '
300 5345 450 5405 congerunt
469 5339 615 5407 geographi
636 5339 773 5404 moderni,
796 5348 824 5393 et
846 5338 995 5396 Wernerus
1014 5343 1093 5398 llolc-

301 5403 391 5459 vvincit
403 5405 472 5462 libro
485 5405 518 5461 de
533 5405 592 5462 Situ
606 5417 633 5463 ct
646 5408 765 5490 hloribns
777 5407 1009 5490 Westphalorum,
1027 5429 1087 5484 cap.

300 5478 336 5544 2,
350 5492 464 5547 quorum
477 5477 566 5532 nullus
576 5492 591 5531 a
602 5479 686 5560 Gallis
699 5493 797 5533 nomen
815 5479 886 5562 ¹.¹¹!¹¹⁸
904 5483 1037 5564 concedit.
1052 5484 1091 5540 lle

302 5548 679 5684 littlllltlhtinl
692 5549 825 5675 iiiiii
845 5561 1016 5621 ¹¹¹¹⁹⁰m¹⁰f¹⁸
1033 5568 1091 5611 w

364 5749 414 5799 Sed
427 5749 552 5810 generalis
563 5748 634 5799 babet
647 5746 747 5811 populos
758 5748 845 5797 divisio
855 5755 950 5808 ternos,

364 5811 481 5873 insignita
489 5814 577 5873 quibus
589 5812 693 5861 saxonia
709 5811 748 5858 hor
755 5813 791 5858 uit
801 5810 874 5858 olim:

364 5872 464 5922 homine
474 5885 538 5921 uunc
548 5878 685 5932 remanent,
698 5877 777 5921 uirtus
788 5873 885 5928 aritium
896 5872 1010 5921 recessit.

364 5933 477 5994 benique
487 5932 641 5993 westphalos
652 5935 755 5982 vocitant
765 5933 788 5980 in
802 5939 871 5994 parte
881 5940 1010 5982 manentes

363 5994 479 6053 oanni,
550 6007 589 6041 um
600 6006 646 6043 uon
657 5994 730 6056 louge
746 5995 864 6041 terminus
878 6004 949 6042 amne

365 6053 483 6104 Allieno
510 6056 573 6102 luat.
586 6053 789 6116 liegiorremtolis
800 6053 918 6102 adortum

252 6108 262 6123 ⁵
356 6114 499 6163 iubebit-rut
510 6112 668 6176 Ooeterliugi,
683 6127 746 6178 quos
757 6114 854 6164 nomine
863 6111 961 6175 quidam

343 6170 892 6240 malumminatcoadoiaqodtttm

1145 3692 1287 3734 nranorum
1304 3691 1362 3742 rex,
1377 3675 1462 3730 irater
1479 3673 1601 3729 Lotharii
1623 3669 1794 3741 imperatoris
1810 3687 1842 3727 ac
1865 3674 1939 3744 regis

1144 3772 1236 3837 ltaliae,
1249 3770 1319 3826 filius
1328 3769 1457 3825 badonici
1469 3768 1548 3838 primi
1560 3782 1621 3821 cum
1633 3766 1789 3829 audivisset,
1800 3767 1892 3821 missis
1904 3768 1938 3823 ad

1144 3865 1256 3921 Fuldam
1268 3865 1380 3931 nuntiis,
1395 3863 1536 3918 Rabanum
1552 3862 1587 3918 ad
1596 3876 1626 3916 se
1638 3861 1744 3916 vocavit
1759 3859 1939 3925 abbatemet

1143 3960 1339 4018 monachorum
1353 3958 1533 4013 temeritatem
1555 3955 1638 4027 regali
1653 3954 1815 4010 auctoritate
1828 3969 1938 4024 compe

1145 4051 1224 4117 scuit,
1241 4050 1448 4118 venientemque
1463 4064 1524 4103 cum
1538 4048 1643 4102 honore
1660 4047 1794 4115 suscepit,
1816 4052 1844 4100 et
1864 4045 1938 4099 hicn

1144 4145 1190 4201 nio
1207 4143 1320 4200 8lerme
1334 4158 1425 4198 secum
1444 4142 1562 4197 incuria
1582 4139 1664 4211 regali
1684 4139 1807 4195 detinuit.
1831 4136 1937 4192 interea

1143 4235 1270 4294 monachi
1284 4232 1607 4303 Fuldensespoenitentia
1620 4231 1705 4294 ducti,
1720 4236 1844 4284 oratores
1854 4228 1938 4285 mise·

1144 4338 1208 4387 runt
1229 4329 1263 4384 ad
1278 4342 1387 4398 regem,
1409 4325 1504 4380 humili
1528 4323 1723 4396 supplicatione
1739 4329 1880 4393 rogantes,
1904 4326 1937 4375 ut

1144 4421 1264 4477 ablatum
1277 4419 1326 4475 sibi
1340 4419 1484 4474 redonaret
1496 4417 1631 4472 abbatem.
1642 4414 1719 4483 Quod
1731 4423 1821 4469 tamen
1834 4413 1935 4482 lacere,

1142 4519 1254 4581 propter
1273 4524 1385 4565 causam
1398 4506 1601 4572 rationabilem,
1620 4512 1648 4561 et
1659 4504 1744 4561 abbas
1758 4505 1814 4573 ipse
1830 4504 1935 4568 renuit,

1143 4609 1170 4657 et
1179 4617 1227 4656 rex
1243 4600 1387 4656 admittere
1400 4598 1552 4653 nullatenus
1562 4595 1710 4652 consensit.
1722 4594 1820 4650 blansit
1832 4609 1898 4666 ergo
1908 4595 1937 4651 in

1143 4691 1204 4747 aula
1218 4691 1292 4761 regia
1306 4691 1402 4745 beatus
1417 4689 1499 4744 abbas
1511 4687 1639 4742 llahanus
1657 4685 1780 4752 hiennio,
1802 4686 1937 4757 usquead

1185 4801 1189 4810 Ι
1206 4846 1324 4896 lulesttut
1334 4845 1461 4908 conjuncta
1472 4845 1523 4894 suis
1533 4855 1596 4906 geas
1607 4841 1698 4904 pertua
1711 4841 1801 4893 Scltri.

1103 4929 1131 4990 D
1205 4908 1272 4959 luter
1283 4907 1411 4968 orations
1422 4906 1501 4956 media
1510 4905 1613 4965 regione
1626 4910 1750 4953 morantur

1205 4970 1314 5034 burgarii,
1327 4967 1430 5031 populus
1439 4967 1564 5017 Satorum
1575 4965 1664 5015 tertius

1144 5074 1214 5130 Sunt
1225 5088 1291 5144 ergo
1303 5070 1452 5142 Westphali
1465 5069 1540 5132 dicti,
1556 5068 1627 5137 quod
1640 5069 1667 5122 iu
1678 5066 1789 5122 occidua
1802 5075 1879 5136 parte
1888 5082 1936 5124 seu

1143 5143 1236 5199 limine
1250 5151 1297 5199 aut
1316 5143 1402 5197 limite
1422 5140 1559 5196 Saxonum
1579 5136 1740 5193 occidentali
1760 5136 1935 5204 hahitarent;

1144 5213 1295 5286 00stphali,
1305 5214 1376 5282 quod
1386 5213 1413 5267 in
1428 5209 1563 5265 orientali.
1580 5209 1628 5264 Est
1643 5216 1703 5262 roert
1719 5207 1864 5272 occidens,
1879 5218 1937 5263 oott

1144 5285 1254 5350 oricns;
1271 5282 1361 5356 polea,
1375 5282 1492 5346 limites,
1508 5280 1601 5345 'bncs,
1624 5278 1717 5332 limina
1735 5277 1876 5349 regionum
1889 5285 1937 5333 aut

1144 5372 1181 5413 nn
1201 5371 1262 5410 ern.

1177 5371 1378 5482 deorrsentlunt
1389 5422 1416 5475 in
1429 5437 1502 5476 anno
1518 5429 1612 5476 auctor
1625 5419 1754 5489 antiquus
1767 5418 1800 5473 de
1813 5424 1937 5473 constru-

1143 5497 1231 5554 ctione
1242 5492 1397 5561 monasterii
1406 5492 1527 5547 Corbeirc
1537 5491 1606 5560 apud
1615 5490 1786 5544 hleibomium
1797 5496 1824 5541 ct
1833 5485 1938 5545 tornoss

1143 5568 1305 5637 scriptorum
1320 5563 1452 5624 Francis,
1469 5559 1731 5630 Schalnahurgcusis
1751 5559 1777 5612 in
1790 5557 1937 5639 Chronico,

1143 5637 1271 5693 hibertus
1282 5633 1425 5688 crantzius
1435 5633 1483 5688 lib.
1497 5649 1505 5686 r
1518 5631 1684 5699 lletropolis,
1697 5643 1757 5698 cap.
1770 5629 1813 5690 ta,
1826 5627 1936 5694 alnqne.
1949 5662 1955 5675 .

1182 5705 1249 5759 elix
1276 5705 1328 5759 hoe
1351 5702 1411 5759 loco
1438 5718 1519 5772 supra
1541 5702 1709 5755 ostendimus
1728 5699 1755 5753 in
1774 5706 1854 5753 :etate
1878 5697 1939 5755 trt-

1145 5776 1277 5832 themium
1289 5775 1343 5829 huc
1357 5790 1441 5843 usque
1455 5771 1573 5829 triennio
1584 5772 1722 5826 aberrare.

1179 5846 1190 5886 ί
1203 5845 1259 5901 huo
1271 5844 1411 5899 Rabanum
1429 5844 1463 5898 ad
1477 5842 1620 5899 ecclesiam
1635 5841 1665 5894 S.
1678 5839 1749 5893 Petri
1762 5839 1789 5892 iu
1801 5848 1894 5892 monte
1903 5837 1937 5892 ad

1140 5917 1274 5974 orientem
1289 5914 1445 5970 monasterii
1458 5913 1613 5975 secessisse,
1625 5910 1762 6033 librosque
1774 5918 1879 5978 coeptos
1890 5908 1940 5963 ab·

1142 5986 1265 6047 solvisse,
1277 5984 1378 6041 dictum
1392 5984 1418 6039 in
1430 5985 1522 6054 priore
1537 5980 1610 6046 Vita,
1622 5996 1696 6035 nitra.
1728 5979 1755 6032 il.

1178 6055 1394 6183 ‘gffluennw
1404 6053 1531 6127 privatim
1545 6052 1646 6108 uixisse
1663 6057 1769 6107 certum
1782 6055 1825 6104 cst
1839 6061 1872 6103 cat
1890 6060 1940 6105 sn-

1142 6142 1192 6198 pra
1227 6144 1236 6182 ι
1291 6162 1300 6181 .
