4509 6850
335 651 405 710 titi
658 650 689 706 B.
709 645 836 705 nonnul
856 641 966 700 nsunt
982 640 1142 698 necuter.
1159 637 1318 697 tlosunr.
1339 635 1481 698 OPERUH
1498 637 1589 695 PARS
1607 640 1628 695 l.
1895 640 1969 698 titt

332 775 561 824 sosssmmamtsr
579 764 717 833 scriptura
728 759 801 825 dieis,
815 756 893 813 Srtia.
915 754 967 809 Vas
978 770 1040 825 erpo
1053 753 1122 822 posi-
1137 753 1160 812 Α
1173 764 1226 820 qtae
1247 750 1281 804 ad
1301 748 1429 819 populum
1444 758 1584 803 transeant
1596 744 1748 806 ιιιιιίιιιιιιιιι,
1770 756 1843 805 ente
1863 751 1970 806 monim

334 866 390 911 tsm
404 862 461 909 erat
474 861 548 907 acmo
556 850 671 922 pienum,
689 847 736 902 lili
757 860 845 902 antem
863 845 1000 915 spongiam
1019 841 1124 913 plenam
1176 842 1278 897 dictum
1301 841 1409 895 tuerat:
1425 839 1511 894 liottts
1524 841 1552 893 in
1562 838 1660 894 indos
1671 838 1754 905 Dens,
1771 840 1799 893 in
1812 839 1898 895 lsrael
1912 860 1972 898 mn-

334 954 409 999 eseto
432 943 543 1012 hyssopo
566 939 808 1009 circumponentes,
828 934 977 1005 obtulerant
992 931 1032 985 ori
1054 930 1122 1000 ejas.
1174 949 1254 1004 prtum
1266 949 1358 987 norrun
1369 931 1436 1002 ejas.
1449 929 1775 988 uuncsnnmztisatnn
1786 934 1970 1001 snpersoeios,

335 1032 428 1105 (Arg.)
447 1030 520 1087 llldlt
533 1045 602 1101 orgo
616 1030 744 1099 quoniam
758 1033 944 1083 consummata
958 1021 1123 1078 suotomoia
1176 1027 1257 1093 Dens,
1281 1036 1306 1082 m
1322 1042 1400 1098 snper
1426 1042 1545 1090 ammon,
1567 1024 1665 1097 inquit,
1691 1032 1789 1079 mam
1808 1024 1897 1096 qinein
1921 1036 1970 1080 ton

333 1138 394 1194 gon
407 1121 549 1192 oportebat
566 1127 596 1175 ut
606 1118 703 1175 dorent
712 1115 1005 1187 antequamaeeiperet
1018 1122 1124 1169 acetum
1175 1114 1263 1188 (Psoi.
1271 1114 1363 1187 trrvl.
1373 1113 1593 1185 EtioErangelio
1603 1112 1679 1184 prius
1689 1112 1771 1168 dixit:
1781 1112 1814 1167 ln
1825 1115 1898 1170 virm
1909 1131 1973 1185 pen-

334 1226 363 1275 et
376 1217 498 1273 traderet
513 1215 656 1285 spiritnm;
673 1220 755 1283 atque
775 1219 805 1266 ut
824 1210 876 1266 boc
893 1209 975 1264 etiam
995 1222 1123 1263 consum·
1175 1209 1241 1262 tiam
1253 1224 1284 1261 ne
1294 1207 1431 1270 obieritis:
1450 1215 1510 1277 post
1529 1204 1683 1275 passionem
1697 1218 1766 1260 sero
1780 1218 1874 1259 suasa:
1889 1203 1973 1258 Ean-

334 1314 455 1363 staretur
476 1305 548 1377 qrtod
569 1304 608 1358 ait
621 1321 628 1357 :
642 1303 676 1357 lit
697 1304 725 1358 in
746 1302 790 1356 siti
815 1306 967 1371 potaverunt
988 1314 1029 1353 me
1051 1306 1124 1351 aceto
1177 1308 1225 1364 tes,
1245 1299 1345 1368 iuquit,
1359 1297 1448 1353 docete
1462 1313 1550 1352 omnes
1563 1307 1661 1369 pentes.

335 1394 422 1470 (Psoi.
438 1394 545 1465 trun).
561 1394 639 1462 Sitia,
658 1394 755 1465 iuquit,
777 1402 906 1464 unquam
925 1391 978 1446 boe
1001 1390 1122 1446 diceret:
1212 1387 1246 1443 tir
1260 1399 1330 1443 terra
1351 1399 1422 1443 mota
1442 1384 1491 1456 est,
1510 1398 1535 1443 ιι
1552 1398 1632 1459 petra
1644 1388 1733 1443 saissa
1747 1396 1819 1453 sant,
1839 1396 1969 1442 ermens-

334 1489 393 1546 lioe
412 1490 503 1545 minus
526 1487 639 1552 lecistis,
663 1487 725 1542 date
744 1486 816 1556 quod
830 1485 897 1540 estis
910 1501 917 1538 ι
931 1481 1014 1538 ludaei
1025 1481 1125 1551 quippe
1175 1492 1264 1537 menta
1277 1492 1450 1552 apertasnnt.
1466 1480 1536 1535 Nulli
1560 1480 1671 1536 dubium
1687 1487 1730 1535 est
1749 1479 1815 1549 quid
1836 1478 1970 1550 significet

335 1579 385 1651 ipsi
400 1588 478 1635 erant
492 1589 611 1645 acetrum,
630 1580 853 1649 degenerantesa
874 1576 938 1632 rino
956 1574 1125 1646 patriarcba·
1172 1571 1250 1642 juxta
1274 1573 1392 1629 litteram
1416 1572 1573 1643 magnitudo
1593 1572 1741 1642 signorum,
1756 1578 1786 1624 ut
1804 1570 1970 1626 crucifixum

335 1683 396 1723 rum
409 1675 437 1723 et
450 1668 654 1738 prophetarum,
669 1678 797 1736 tanquam
810 1668 843 1722 de
857 1666 936 1737 pleno
948 1679 1014 1721 vase
1026 1665 1059 1719 de
1073 1663 1126 1719 ini·
1176 1663 1279 1720 seilicet
1296 1664 1439 1720 Dominum
1454 1679 1544 1728 suum,
1556 1671 1584 1717 et
1596 1663 1693 1719 coelum
1705 1669 1732 1717 et
1744 1670 1854 1718 terrena
1874 1662 1969 1717 otnnia

334 1757 440 1828 quitata
461 1757 554 1812 muudi
579 1758 660 1829 liujus
681 1756 802 1827 impleti,
829 1772 877 1812 cor
899 1756 1031 1811 habentes
1052 1753 1125 1809 velut
1175 1756 1404 1813 demonstrarent.
1429 1756 1483 1813 Sed
1505 1755 1570 1811 milri
1595 1755 1702 1811 ridetur
1724 1763 1806 1809 terne
1829 1764 1921 1813 tnotus
1943 1764 1972 1809 et

335 1849 475 1920 spongiam
497 1848 652 1905 cavernosis
675 1849 873 1919 quodammodo
893 1856 974 1919 atque
996 1848 1126 1904 tortuosis
1176 1850 1279 1920 reliqua
1292 1857 1386 1921 typum
1399 1848 1471 1904 serre
1485 1848 1616 1919 gentium,
1629 1846 1701 1918 qood
1710 1846 1834 1917 pristinis
1844 1862 1970 1901 errorum

336 1937 457 1994 latibulis
473 1938 683 1994 iraudulentum.
699 1938 849 2010 llyssopum
866 1938 909 1993 cui
923 1938 1124 2008 circumposuit·
1176 1940 1259 2005 ritiis,
1275 1948 1304 1995 et
1322 1940 1412 1994 cordis
1431 1937 1550 1994 emollita
1569 1937 1680 2001 duritia,
1699 1937 1746 2007 qui
1769 1935 1846 2007 prins
1866 1936 1972 1991 similes

335 2037 399 2085 rtmt
408 2030 548 2099 spongiam
563 2038 640 2085 aceto
654 2029 760 2100 plenam
774 2029 901 2099 qnoniam
920 2027 1003 2083 berba
1018 2036 1060 2083 est
1072 2028 1123 2082 bu·
1176 2039 1255 2088 erant
1274 2030 1385 2085 tumulis
1402 2037 1582 2093 mortuoram,
1596 2034 1689 2098 postea
1705 2033 1873 2097 agnovemnt
1888 2024 1972 2081 Crea-

335 2118 409 2175 suiirs
430 2127 457 2174 et
478 2129 572 2189 pectm
596 2128 703 2190 purgat,
723 2120 808 2190 ipsius
826 2118 925 2174 Christi
945 2118 1124 2174 bumilitatem
1140 2103 1163 2162 Β
1177 2134 1273 2181 torem.
1299 2124 1385 2179 Aliter
1404 2134 1474 2178 terra
1498 2129 1569 2176 mata
1590 2130 1628 2175 est
1650 2120 1812 2191 pendentem
1825 2118 1972 2173 bominum

336 2219 518 2282 congruenter
539 2211 677 2280 accipiens
697 2226 778 2281 quam
798 2210 1043 2275 circumdederunt,
1058 2219 1125 2265 etse
1176 2230 1255 2273 suurn
1271 2214 1342 2270 ierre
1355 2229 1409 2269 oon
1422 2212 1567 2268 sustinens.
1588 2211 1675 2266 Petro
1685 2209 1772 2265 scisse
1781 2217 1843 2264 snnt
1856 2206 1972 2266 utindi·

336 2301 549 2358 circumvenisse
561 2308 733 2373 putaverunt.
751 2301 827 2357 Unde
840 2308 869 2357 et
881 2300 946 2357 illud
961 2302 989 2357 io
1001 2301 1124 2371 psalmo:
1177 2315 1272 2364 careni
1289 2303 1417 2359 duritiam
1437 2302 1601 2369 ludaeorum,
1624 2300 1671 2370 qni
1685 2307 1846 2372 pensantem
1863 2299 1912 2354 uei
1928 2298 1975 2353 Fi.

338 2390 464 2463 dirimi&
479 2394 653 2463 'libitima
673 2402 699 2448 ei
712 2392 858 2448 blindaim
872 2390 959 2465 (Prni.
974 2392 1011 2463 ii.
1025 2393 1125 2450 Chrisli
1178 2399 1242 2455 lium
1265 2397 1415 2468 intelligere
1437 2396 1592 2451 noluemnt.
1619 2393 1653 2449 Er
1680 2402 1850 2449 monumenta
1880 2404 1978 2463 aperta

338 2496 456 2553 natuque
474 2483 625 2539 humilitate
645 2483 816 2539 mundamur.
832 2483 901 2551 Quia
915 2484 967 2539 nisi
985 2484 1126 2540 homilias·
1176 2499 1237 2547 rant
1256 2488 1284 2544 in
1297 2487 1403 2560 signum
1419 2485 1517 2542 tutum
1529 2483 1747 2540 resurrectionis.

338 2581 381 2629 set
393 2574 569 2643 semetipsum
583 2574 672 2631 lactus
685 2575 813 2632 obediens
825 2574 900 2631 Patri
910 2588 995 2646 usgue
1008 2576 1042 2633 ad
1054 2590 1128 2632 mor·
1213 2580 1248 2636 lit
1259 2579 1343 2634 muita
1355 2594 1466 2645 corpora
1482 2585 1633 2632 sanctornm
1645 2576 1692 2647 gni
1704 2576 1865 2630 donniersnt
1880 2592 1975 2629 resar-

338 2674 394 2721 tem
407 2666 507 2731 crucis,
527 2681 581 2721 non
600 2666 694 2738 utique
712 2666 822 2737 sanguis
840 2665 899 2736 ejus
913 2666 940 2721 in
954 2675 1127 2737 peccatorum
1178 2678 1310 2735 resinent,
1324 2678 1348 2723 et
1361 2677 1484 2723 errantes
1498 2668 1531 2721 de
1542 2667 1716 2720 monumentis
1726 2675 1784 2736 post
1799 2667 1974 2720 resurreetio·

339 2755 538 2821 remissionem,
554 2756 659 2812 honest
673 2757 700 2811 in
715 2763 835 2812 nostram
847 2756 1049 2811 mundationem
1061 2756 1125 2812 luis
1178 2776 1238 2817 nens
1261 2762 1319 2831 ejas
1339 2766 1465 2813 uenerunt
1484 2759 1512 2812 in
1536 2765 1654 2812 sanctam
1671 2757 1818 2821 civitatem,
1838 2766 1862 2810 ιι
1880 2756 1977 2811 maltis

338 2855 381 2903 set
401 2845 511 2905 ediusus
534 2848 586 2905 Per
606 2849 766 2905 arundinem
786 2863 852 2903 vero
873 2848 918 2903 cui
938 2848 1064 2917 imposita
1087 2856 1130 2904 est
1179 2861 1367 2924 emerseram.
1383 2851 1423 2905 sd
1436 2849 1619 2906 testimonium
1632 2863 1699 2921 ergo
1714 2847 1861 2905 bomimoe
1878 2865 1975 2904 reserr-

339 2941 452 3013 spongia
477 2939 616 3013 Scriptura
638 2941 816 3013 significatur,
831 2955 891 3011 qnae
902 2939 1063 3012 implebatur
1076 2940 1129 2995 hoc
1179 2943 1307 3000 rectionis
1320 2941 1404 2998 multa
1415 2955 1528 3013 corpora
1541 2948 1697 2997 sanctorum
1710 2950 1928 3003 resurrexerunt,
1942 2950 1976 2995 ut

340 3032 422 3090 taem.
439 3032 603 3091 sicutenim
620 3034 711 3106 lingua
729 3035 830 3091 dieitur
847 3034 889 3090 vel
904 3032 1007 3099 (iraeca,
1022 3033 1064 3089 rel
1078 3032 1130 3087 La·
1179 3036 1322 3093 bominum
1336 3034 1461 3090 videlicet
1475 3030 1566 3089 lesum
1579 3032 1755 3088 ostenderent
1773 3039 1976 3103 resurgentem,

341 3125 410 3191 tius,
425 3126 468 3182 rel
485 3126 539 3183 alia
554 3126 680 3197 quelibet
696 3142 793 3184 sonum
807 3125 963 3199 significans
978 3126 1024 3196 gui
1038 3125 1129 3198 lingue
1179 3137 1309 3185 ettamen
1324 3141 1386 3184 cum
1397 3133 1571 3183 monumenta
1590 3131 1682 3196 aperta
1696 3132 1771 3190 suot,
1784 3132 1917 3179 non‘srrte
1930 3139 1976 3178 re·

339 3216 484 3289 promitur,
501 3219 542 3275 sie
559 3218 662 3275 arundo
679 3219 732 3275 dici
746 3226 835 3290 potest
853 3217 944 3274 littera
969 3232 1030 3288 quae
1048 3230 1129 3272 arun·
1180 3227 1357 3276 surrexerunt
1369 3233 1450 3290 qnam
1462 3216 1593 3272 Dominus
1607 3222 1772 3286 resurgeret,
1788 3223 1820 3270 nt
1835 3225 1908 3271 esset
1920 3216 1977 3284 pri-

341 3310 406 3367 dioe
431 3311 579 3379 scribitur,
603 3312 650 3368 sed
674 3310 869 3383 significantius
888 3323 970 3365 sonos
988 3307 1065 3364 vocis
1083 3308 1133 3363 bu·
1181 3311 1334 3384 mogenitus
1356 3308 1563 3366 resurrectionis
1577 3323 1610 3364 ex
1629 3308 1754 3364 mortuis.
1774 3307 1827 3375 Qsi
1841 3309 1914 3363 enirn
1930 3325 1975 3362 re·

342 3415 430 3458 mane
441 3402 617 3459 usitatissime
632 3401 746 3458 dicimus
758 3402 871 3475 linguas.
886 3399 1056 3472 scripturam
1065 3413 1131 3456 vero
1183 3414 1309 3478 surgente
1321 3403 1435 3469 Domino
1445 3409 1652 3458 resurrexerunt
1665 3415 1680 3455 a
1694 3401 1820 3464 mortuis,
1839 3402 1923 3456 etiarn
1939 3401 1975 3456 ad

341 3491 500 3548 arundinem
526 3493 578 3549 dici
592 3509 646 3564 quo
671 3494 761 3550 minus
786 3493 926 3559 usitatum,
949 3493 1081 3564 eomagis
1090 3499 1132 3548 est
1183 3496 1267 3554 omlos
1285 3493 1447 3550 ascendente
1468 3491 1546 3548 simul
1569 3491 1724 3546 ascendisse
1747 3490 1877 3546 credendi
1899 3500 1975 3546 sarit.

342 3582 457 3656 mystice
472 3582 628 3655 figuratum.
1182 3586 1274 3657 Neque
1286 3583 1340 3639 ulla
1354 3583 1460 3639 ratione
1480 3582 1586 3637 illorum
1609 3580 1756 3636 temeritati
1780 3581 1848 3636 tides
1866 3596 1976 3636 armaru-

378 3667 475 3724 Coeteri
495 3686 554 3725 nero
578 3670 722 3726 dicebant:
739 3672 820 3739 Sine,
843 3672 976 3728 rideamus
995 3690 1030 3727 an
1048 3672 1131 3728 veniat
1182 3676 1325 3738 modarius,
1344 3674 1390 3746 qui
1401 3689 1448 3730 eos
1460 3683 1553 3744 postea
1565 3686 1690 3728 reversos
1706 3671 1734 3726 in
1746 3671 1867 3727 cinerem
1881 3673 1975 3726 aede·

341 3759 419 3817 Elias
434 3759 549 3816 liberans
561 3779 631 3816 enm.
650 3762 718 3830 Quia
739 3779 822 3833 prave
840 3780 937 3820 sonum
952 3765 1025 3820 vocis
1039 3763 1131 3820 bomi-
1183 3780 1237 3821 nuo
1257 3765 1284 3820 in
1304 3763 1486 3821 monumentis
1507 3777 1566 3833 pue
1581 3761 1666 3833 pridie
1680 3760 1818 3832 patefacta
1841 3772 1917 3827 sont,
1940 3763 1977 3817 ab

343 3852 414 3909 trice
430 3851 627 3924 intelligebant,
644 3853 704 3910 ideo
721 3854 838 3910 inaniter
850 3855 994 3911 adventum
1007 3855 1072 3910 Elias
1085 3870 1133 3910 ex·
1182 3856 1222 3912 eis
1236 3856 1336 3925 quibos
1347 3855 1428 3925 paulo
1442 3862 1504 3908 ante
1521 3853 1573 3907 riri
1595 3859 1789 3922 apparuerunt,
1811 3868 1887 3908 more
1901 3869 1976 3908 mor-

342 3943 513 4014 speetabaot.
530 3943 781 4019 Deumergoquem
793 3961 919 4002 sermone
933 3945 1134 4003 llebraieoSal-
1183 3954 1291 4003 tuorum
1317 3953 1414 4017 putant
1438 3945 1546 4016 quidam
1572 3959 1632 4000 esse
1659 3943 1811 4000 conclusos.
1840 3943 1971 3999 Sanctam

341 4041 422 4090 rator
443 4033 594 4102 invocabat,
617 4035 835 4107 inseparabiliter
853 4050 946 4092 seeum
960 4051 1066 4108 semper
1083 4038 1133 4093 lra-
1183 4037 1253 4093 baue
1273 4036 1409 4092 civitatem
1429 4035 1457 4090 in
1476 4049 1528 4103 qua
1554 4033 1605 4089 risi
1627 4043 1691 4090 suot
1713 4041 1902 4105 resurgentes,
1926 4041 1975 4086 aut

341 4121 434 4179 bibli·
1184 4128 1396 4200 Hierosolymam
1411 4125 1551 4182 colestem
1569 4125 1759 4197 intelligamus,
1773 4133 1821 4179 aut
1834 4124 1906 4179 banc
1920 4132 1978 4179 ter·

378 4213 457 4269 lesus
468 4224 556 4269 ostem
569 4216 664 4270 iterum
676 4214 860 4272 eiamnnsoore
869 4233 964 4288 magna
978 4216 1064 4271 emisit
1075 4217 1131 4286 spi·
1183 4234 1288 4281 renam,
1309 4232 1370 4288 quta
1389 4223 1452 4272 ante
1474 4224 1569 4272 saneta
1585 4215 1681 4271 iuerat.
1698 4215 1776 4271 Sicut
1789 4223 1816 4271 et
1830 4212 1976 4271 liattlneus

341 4303 432 4359 sitem
446 4302 584 4379 (Vanam.)
596 4305 666 4373 Quid
679 4307 731 4363 irae
743 4321 810 4363 soce
819 4322 915 4376 magna
928 4307 1027 4363 dixerit
1040 4307 1132 4363 bomi-
1183 4313 1335 4386 appellatur
1349 4311 1509 4383 publicanus
1523 4325 1578 4365 non
1590 4309 1663 4380 quod
1684 4315 1712 4364 et
1728 4308 1865 4379 spostolus
1883 4308 1977 4363 adbuc

340 4407 395 4450 ¹¹⁰⁸
417 4391 505 4450 Lucas
530 4403 623 4464 iiiiii
646 4394 769 4466 designat
783 4413 790 4450 ²
807 4394 898 4463 Pater,
911 4395 938 4450 t'ti
959 4412 1054 4450 munii
1071 4405 1132 4451 toas
1182 4411 1340 4475 permaneat
1352 4402 1522 4473 publicanus,
1537 4401 1585 4456 sed
1599 4399 1670 4470 qrrod
1686 4399 1834 4472 pristinum
1855 4399 1975 4454 rocabo-

341 4486 495 4540 ‘mmmdv
519 4485 640 4557 tridium
667 4502 763 4542 meim-
784 4487 819 4541 Et
842 4489 908 4553 illic,
927 4488 1023 4558 inquit,
1042 4488 1131 4544 dicent
1183 4497 1244 4552 lum
1264 4503 1362 4552 teneat.
1391 4493 1490 4549 Sancta
1514 4492 1663 4564 appellatur
1682 4492 1780 4548 civitas
1803 4488 1974 4547 liiernsalenr

341 4577 482 4646 memiana
504 4576 590 4651 (Psat.
610 4576 687 4652 xxx).
705 4577 781 4646 Quod
808 4594 872 4634 vero
895 4579 990 4635 scribit
1014 4576 1133 4635 loannes
1182 4597 1296 4660 propter
1311 4586 1449 4657 templum,
1463 4595 1491 4642 er
1506 4593 1600 4643 sancta
1612 4594 1778 4650 sanctornm,
1790 4590 1819 4639 er
1832 4584 1868 4639 oo
1881 4584 1978 4638 sinin

341 4667 414 4738 ΨΜ
428 4684 491 4725 0⁰⁰¹
507 4670 657 4742 diffidisset
672 4668 751 4726 lesus
766 4678 884 4735 acetum,
898 4670 986 4725 dixit:
1004 4669 1134 4724 Cimm-
1184 4682 1300 4738 ctionem
1325 4679 1439 4734 aliarum
1459 4653 1579 4742 urbium,
1594 4677 1621 4731 in
1639 4677 1738 4747 quibus
1755 4675 1827 4731 idola
1847 4674 1977 4731 coleban-

340 4764 442 4812 matum
460 4768 509 4825 est,
525 4769 549 4814 ιι
569 4761 694 4816 inclinato
712 4761 797 4833 capite
814 4760 922 4815 tradidit
934 4760 1054 4832 spiritam
1068 4775 1077 4812 :
1091 4761 1133 4816 in·
1185 4780 1240 4827 gur,
1251 4769 1364 4839 Quando
1375 4784 1440 4825 vern
1452 4768 1560 4833 dicitnr,
1575 4766 1759 4838 Appenninos
1770 4765 1874 4834 meltis,
1884 4775 1977 4821 osten-

342 4857 385 4903 ¹0¹
399 4848 465 4904 Μ
486 4850 558 4920 ‘lumi
579 4851 636 4907 ³1¹²
652 4848 868 4906 ⁰⁰²¹⁸¹imm⁰i¹⁸m
881 4859 929 4914 ⁶⁸⁸·
945 4859 973 4906 ii
984 4851 1050 4906 iliud
1063 4869 1070 4905 ²
1085 4851 1132 4906 1¹¹·
1185 4865 1257 4921 ditur
1272 4877 1326 4918 noo
1341 4860 1473 4934 generalis
1486 4860 1569 4916 luisse
1584 4858 1749 4915 resurreetio
1769 4873 1831 4929 que
1850 4858 1978 4914 omnibus

340 4938 442 4995 eiinato
460 4943 544 5013 capite
561 4943 671 4998 tradidit
696 4943 829 5013 apiriam,
854 4944 953 4999 emissa
964 4951 1004 4998 est
1018 4942 1063 4998 iila
1081 4959 1133 5000 vox
1186 4961 1307 5025 apparet,
1320 4955 1368 5009 sed
1377 4950 1502 5022 specialis
1513 4950 1546 5005 ad
1558 4950 1697 5021 plurimos,
1711 4958 1742 5003 ut
1755 4949 1783 5004 bi
1797 4949 1920 5004 viderent
1930 4949 1977 5020 qrri

339 5043 441 5100 magna
463 5044 545 5101 quam
571 5033 655 5088 tacuit
681 5030 819 5098 loannes,
844 5033 936 5088 commi
960 5042 1050 5090 autern
1077 5041 1134 5089 tres
1185 5059 1298 5102 cernere
1315 5044 1498 5099 merebantur.

340 5131 635 5178 commemoraverunt.
649 5124 726 5191 Quod
747 5133 837 5181 autem
854 5125 930 5192 dicit,
946 5125 1042 5182 Emisit
1054 5128 1133 5196 spiri-
1220 5130 1344 5189 cantaria
1361 5141 1450 5185 antem
1469 5140 1494 5186 ιι
1514 5131 1559 5201 qni
1578 5146 1638 5184 eam
1657 5144 1687 5183 eo
1704 5138 1780 5184 erant
1800 5129 1977 5184 cenationes

340 5219 407 5277 tum,
422 5213 542 5268 ostendit
559 5214 657 5270 divinae
668 5217 811 5286 potestatis
826 5231 887 5273 esse
905 5218 1031 5274 emittere
1051 5220 1133 5289 spiri·
1184 5224 1276 5281 lesam
1293 5224 1348 5279 oisa
1358 5232 1435 5278 terra
1450 5233 1533 5289 mota,
1547 5234 1571 5277 et
1583 5223 1623 5276 iris
1634 5238 1694 5292 qna
1706 5220 1814 5290 fiebant,
1829 5220 1976 5275 timueram

340 5310 412 5367 tum,
439 5314 472 5360 ut
495 5307 552 5376 ipse
575 5321 682 5378 quoque
702 5308 823 5364 dixerat:
838 5307 922 5363 Nemo
941 5319 1022 5379 potest
1042 5309 1132 5365 toliere
1184 5314 1273 5380 naida,
1293 5315 1428 5370 dicentes:
1447 5312 1510 5369 Vere
1533 5311 1621 5367 Filias
1642 5311 1692 5367 Dei
1712 5321 1768 5367 erat
1789 5313 1848 5367 iste.
1871 5311 1900 5367 ln
1922 5313 1978 5367 alio

340 5396 457 5449 animam
470 5412 554 5454 meam
568 5415 585 5452 a
599 5414 650 5461 me,
665 5398 711 5453 sed
724 5415 771 5469 ega
786 5416 854 5469 pano
872 5417 930 5454 eam
943 5416 1020 5467 nme,
1037 5409 1061 5455 ιι
1073 5418 1132 5454 rnr-
1184 5405 1328 5476 Evangelio
1342 5413 1403 5477 post
1419 5412 1499 5461 terrae
1516 5413 1619 5460 motum
1636 5404 1808 5461 manifestior
1825 5420 1907 5460 causa
1923 5406 1977 5460 mi-

339 5501 398 5540 sam
409 5486 538 5557 accipiam
549 5504 607 5543 eam
619 5488 711 5560 (ioan.
725 5488 766 5562 ι).
1184 5493 1267 5548 racrrli
1281 5495 1448 5550 centurionis
1461 5496 1614 5565 exponitur,
1627 5496 1698 5567 quod
1713 5512 1774 5551 curn
1788 5497 1901 5552 vidisset
1911 5513 1977 5552 eum

376 5575 456 5650 [vlt]
472 5577 504 5634 lit
514 5596 572 5635 ecee
581 5578 665 5635 seiam
679 5578 768 5652 templi
781 5581 891 5637 scissam
903 5583 978 5637 estin
990 5583 1057 5638 dsas
1069 5601 1131 5654 par·
1183 5585 1307 5656 spiritum
1319 5586 1453 5641 dimisisse
1465 5586 1564 5641 dixerit
1577 5603 1584 5639 ε
1604 5583 1669 5642 Vere
1681 5584 1768 5641 Filius
1782 5586 1831 5641 Dei
1845 5599 1902 5641 erat
1915 5587 1975 5643 iste.

339 5673 388 5730 tes,
398 5682 415 5718 a
427 5680 528 5721 semma
541 5685 622 5739 usqne
633 5670 764 5724 deorsam.
777 5668 911 5740 losepbus
924 5686 1031 5742 quoque
1044 5671 1129 5727 reiert
1183 5673 1277 5730 Nullus
1293 5674 1366 5731 enim
1386 5676 1468 5732 habet
1490 5684 1652 5747 potestatem
1670 5677 1823 5732 dimittendi
1837 5677 1976 5746 spiritum,

337 5755 454 5812 virtutes
481 5758 616 5828 angelieas
638 5760 768 5830 presides
793 5762 929 5831 quondam
950 5762 1042 5832 templi
1063 5771 1128 5820 tuno
1180 5767 1231 5823 nisi
1248 5768 1292 5822 ille
1305 5770 1351 5840 qui
1364 5771 1514 5826 animamm
1527 5773 1652 5828 conditor
1666 5781 1719 5827 est.
1734 5769 1869 5842 Spiritum
1882 5778 1976 5825 autern

337 5847 443 5916 pariter
466 5847 677 5904 conclamasse:
699 5849 875 5905 Transeamus
895 5851 927 5904 al
947 5851 987 5905 iris
1010 5853 1125 5908 sedibus.
1180 5856 1208 5910 in
1222 5857 1344 5914 bocloco
1356 5873 1406 5928 pro
1420 5860 1509 5915 anima
1529 5860 1724 5931 intelligamus,
1742 5874 1789 5915 seu
1805 5857 1879 5929 quod
1892 5859 1975 5929 spiri-

227 5964 229 5971 ·
340 5937 479 5996 Scinditur
490 5938 579 5993 selum
594 5939 695 6010 templi,
719 5949 749 5995 ut
766 5956 829 5996 area
850 5943 1013 6006 testamenti,
1029 5930 1124 5999 etom-
1179 5945 1365 6004 taleetvitalo
1379 5948 1585 6021 corpusiaeiat,
1609 5963 1658 6004 seu
1677 5949 1748 6020 quod
1770 5948 1870 6003 anime
1890 5947 1975 6018 ipsius

340 6025 385 6085 oia
404 6027 472 6097 legis
483 6039 654 6087 sacramenta
666 6045 727 6102 quae
739 6032 900 6103 tegebantur
914 6043 1071 6105 appaream,
1085 6046 1125 6091 at·
1178 6036 1329 6095 substantia
1340 6040 1450 6109 spiritus
1463 6041 1509 6107 sit,
1520 6039 1596 6110 iuxta
1607 6039 1672 6096 illud
1684 6037 1756 6111 guod
1767 6037 1901 6108 seriptum
1910 6046 1971 6095 est.
