4509 6850
310 655 378 713 illiti
641 651 673 706 tt,
694 648 821 705 lllBthl
842 648 951 705 llAUlll
971 646 1130 703 anctum.
1150 644 1302 704 llOGUNT.
1322 645 1464 703 estnon
1483 643 1574 701 tans
1592 643 1613 699 l.
1875 644 1946 699 tttstt

304 780 415 841 propter
438 780 549 834 regnum
574 767 721 823 coetnruur,
737 761 823 829 etqui
839 775 899 815 eum
913 768 1023 830 possent
1038 774 1098 813 csse
1113 762 1136 819 tt
1150 760 1235 826 notas,
1249 761 1295 816 sed
1309 770 1401 832 aperte
1413 762 1510 830 quilius
1522 776 1634 831 opernm
1649 760 1753 816 meritis
1768 761 1853 816 tritam
1866 768 1951 815 aeter·

304 860 366 922 riri,
380 867 490 927 propter
502 856 638 909 Christum
652 852 768 906 eunoelti
787 850 873 905 finnt:
889 852 948 906 istis
961 850 1091 921 promitti·
1148 868 1210 906 nam
1224 852 1351 921 consequi
1369 853 1463 921 possit,
1480 854 1589 922 exponi.

306 960 350 1006 tttr
364 949 519 1019 praemium3
536 943 720 1014 superioribus
741 950 830 996 autem
849 942 947 1010 quibus
969 940 1096 995 castimo-
1185 945 1255 1009 Qnttt
1270 944 1336 999 dinit
1351 946 1375 997 ei
1387 962 1395 998 .·
1409 943 1478 1010 Quid
1492 962 1533 999 ate
1552 947 1698 1015 interrogor
1710 945 1742 1000 de
1757 946 1852 1002 bono?
1872 945 1951 1004 Unus

305 1042 356 1095 nia
372 1040 517 1093 necessitas
531 1053 584 1090 uon
599 1036 720 1089 uoluntas
734 1043 786 1099 est,
800 1034 866 1088 nihil
880 1034 991 1089 omniuo
1014 1032 1095 1088 delie-
1148 1044 1186 1089 ert
1201 1034 1282 1089 ianus
1299 1035 1379 1088 Dens.
1391 1035 1527 1106 illiciant
1542 1035 1609 1102 Quia
1624 1038 1783 1106 magistrum
1799 1049 1953 1093 voearerat

308 1126 634 1183 tnr.l‘ossumnsetaliter
645 1127 744 1189 uicere,
756 1127 869 1179 entutehi
883 1134 987 1179 suntor
1002 1126 1096 1180 matris
1148 1128 1260 1192 bonum,
1274 1134 1301 1181 ct
1316 1144 1367 1182 non
1386 1128 1467 1181 Deum
1483 1128 1524 1181 rel
1541 1128 1586 1182 liei
1609 1127 1705 1181 Filium
1720 1127 1864 1183 eortiesstts
1877 1137 1952 1189 erat,

307 1230 383 1273 uteru
398 1235 443 1287 qm
458 1227 520 1272 sunt
535 1216 682 1287 frigidioris
707 1227 819 1278 naturae,
835 1231 884 1270 uec
897 1215 1036 1270 libidinem
1049 1231 1096 1284 ap·
1149 1221 1229 1275 ‹liscit
1243 1220 1365 1290 quamtis
1384 1229 1506 1274 sanctum
1522 1219 1658 1274 lromincm
1681 1219 1887 1289 comparatione
1902 1220 1952 1275 Dei

305 1319 439 1379 petentes,
453 1318 480 1362 et
497 1309 577 1377 aliqui
593 1308 627 1361 alr
642 1307 796 1361 lroutiuilnts
817 1306 884 1360 stunt
896 1322 964 1376 quos
979 1315 1026 1360 aut
1038 1306 1098 1376 plti-
1148 1327 1202 1366 non
1227 1326 1286 1366 esse
1307 1326 1417 1366 nantum.
1434 1311 1471 1363 De
1490 1325 1545 1381 qno
1560 1309 1682 1364 ¹dieitur:
1699 1308 1871 1378 confitemini
1892 1308 1951 1363 Do.

306 1402 410 1470 losophi
430 1401 541 1462 iaciunt,
553 1406 599 1451 aot
614 1406 725 1466 propter
749 1396 881 1451 itlolornm
893 1396 996 1451 cultum
1011 1394 1097 1449 emol-
1148 1403 1229 1465 mitro,
1249 1401 1372 1471 qnoniam
1396 1401 1477 1453 tonna
1491 1397 1579 1471 (Psoi.
1604 1399 1700 1469 cruit).
1715 1397 1754 1453 lle
1775 1398 1840 1468 quis
1855 1409 1952 1454 antem

307 1492 408 1546 liuntur
419 1492 445 1544 in
456 1490 580 1554 seminas,
592 1488 631 1542 nel
647 1488 820 1558 persuasione
830 1486 957 1541 heretica
970 1484 1098 1540 simulant
1149 1503 1225 1565 puter
1237 1494 1263 1548 ῑῃ
1279 1509 1312 1548 00
1325 1492 1395 1561 quoa
1411 1493 1499 1546 pontia
1514 1491 1586 1546 Deus
1601 1491 1701 1546 ,licitur
1714 1489 1821 1546 excludi
1838 1504 1854 1543 a
1871 1491 1952 1545 [qma.

306 1582 476 1645 claritatem,
491 1588 521 1635 ut
535 1580 698 1633 memiautur
712 1577 850 1648 religionis
873 1576 1032 1641 varitatem3
1049 1576 1097 1630 sel
1150 1595 1205 1643 2³20
1219 1586 1315 1641 patrum
1330 1586 1394 1649 pei,
1412 1583 1527 1654 1031qu
1541 1584 1568 1638 tn
1583 1583 1636 1637 2130
1646 1583 1710 1638 {090
1722 1602 1729 1637 :
1742 1580 1845 1637 Pastor
1865 1583 1950 1638 tom„

306 1674 395 1733 nullus
412 1690 504 1728 eorum
518 1673 692 1741 consequitur
705 1688 817 1743 regnum
828 1672 969 1736 eoelorum,
985 1671 1036 1726 nisi
1051 1671 1096 1740 qni
1149 1678 1221 1747 ponit
1238 1678 1353 1730 ontimana
1365 1692 1440 1729 sunm
1461 1692 1507 1744 pro
1523 1675 1612 1729 arilina
1626 1676 1681 1729 suis
1693 1674 1784 1745 (iona.
1806 1674 1850 1744 x).
1872 1676 1905 1730 Et
1922 1676 1951 1729 in

306 1785 337 1826 se
349 1776 458 1838 propter
470 1753 607 1820 Christum
622 1764 793 1819 castraverit.
811 1764 887 1822 Unde
906 1763 1006 1819 intett:
1150 1765 1281 1835 Propheta
1307 1765 1438 1835 Spiritum
1449 1765 1549 1818 bonnm
1563 1772 1717 1834 terramque
1732 1765 1844 1819 bonam.
1861 1764 1950 1836 igitur

343 1859 395 1926 Qui
407 1867 488 1929 potest
505 1875 596 1928 capere
611 1860 708 1927 capiat.
732 1856 767 1912 tn
779 1856 963 1925 unusquisque
975 1857 1097 1911 eonsitle-
1150 1865 1178 1910 ct
1202 1854 1325 1908 Salvator
1344 1869 1397 1907 turn
1421 1853 1549 1907 bonitatis
1574 1853 1757 1909 testimoninm
1778 1856 1883 1919 temtit,
1898 1855 1950 1911 sed

307 1960 349 2005 rct
363 1951 434 2005 rircs
449 1964 520 2011 snas,
539 1957 631 2003 ntrnm
652 1948 738 2017 possit
756 1947 898 2017 virginalia
918 1958 946 2001 et
963 1948 1097 2016 ptulicititc
1150 1945 1270 2017 magistri
1287 1946 1387 2013 alisque
1403 1945 1456 1997 Deo
1469 1944 1582 1997 exclusit
1596 1958 1727 1999 errorem.

308 2039 418 2110 implere
432 2051 574 2111 praeopta.
591 2043 685 2097 Perse
700 2043 771 2096 etnim
787 2042 906 2096 charitas
925 2042 1020 2096 lilamla
1043 2051 1095 2105 est,
1188 2036 1217 2090 Si
1228 2045 1314 2089 netem
1329 2036 1365 2087 nis
1376 2033 1410 2087 nri
1423 2035 1500 2088 uitam
1511 2034 1622 2104 ingredi,
1633 2052 1706 2088 seren
1718 2033 1859 2089 mundata.
1877 2034 1952 2091 Dicit

307 2141 334 2187 ct
349 2134 495 2202 quemlilret
505 2134 537 2186 ati
551 2151 579 2188 se
594 2135 730 2197 alliciens3
747 2134 794 2187 setl
808 2134 1011 2188 cuttsiicrmnltc
1027 2134 1096 2187 sires
1114 2107 1134 2164 B
1149 2129 1188 2183 itu·
1199 2125 1390 2193 :Quintilli
1402 2136 1488 2178 “illem
1499 2126 1566 2178 ‘1515‘
1578 2142 1586 2179 ἵ
1596 2126 1657 2180 ΝΜ
1668 2127 1842 2180 ''t’mffl‘ffi‘m
1854 2126 1952 2196 sadai

307 2228 381 2285 snut,
396 2232 424 2275 nt
438 2223 483 2290 qui
495 2233 576 2291 potest
588 2240 677 2292 capere
690 2223 786 2293 copint'.
804 2222 884 2289 Quasi
900 2224 1033 2277 hortantis
1047 2239 1097 2277 t‘ox
1149 2235 1200 2271 ttott
1223 2216 1462 2280 cartenitano
1479 2214 1559 2285 tocies
1577 2216 1691 2286 turrem,
1714 2233 1766 2270 non
1786 2216 1890 2285 solania
1909 2228 1951 2273 te·

308 2313 413 2368 liomini
433 2322 484 2379 est,
501 2324 528 2369 et
547 2316 646 2370 milites
670 2331 733 2371 snos
755 2316 788 2370 ati
804 2316 939 2385 pudicitie
958 2315 1099 2385 praemium
1149 2314 1298 2365 stitttouinm
1312 2312 1391 2365 dices.
1408 2311 1516 2365 ilonoro
1529 2321 1630 2382 putrent
1641 2320 1664 2365 et
1677 2320 1799 2376 matrem,
1815 2322 1841 2366 et
1854 2313 1949 2385 diliger

307 2406 466 2459 concitantis
480 2422 487 2459 ι
499 2406 550 2472 Oui
564 2418 645 2477 potest
660 2426 750 2477 cupere
763 2409 858 2478 rapiat.
876 2408 925 2475 Qui
947 2416 1034 2477 potest
1050 2423 1100 2477 pu·
1148 2406 1296 2477 proximum
1318 2414 1392 2458 tunm
1406 2404 1472 2458 aient
1485 2414 1508 2458 te
1520 2405 1615 2474 ipsura.
1632 2403 1841 2459 lltlolescentem
1867 2406 1950 2461 istum

307 2512 389 2565 gnare
401 2506 510 2568 pugnet,
525 2507 634 2568 superet
646 2506 674 2552 et
689 2498 844 2567 triumphet.
922 2518 929 2528 ·
1151 2501 1311 2549 tentatorem
1330 2509 1390 2548 esse
1411 2509 1444 2548 ert
1460 2507 1492 2547 eo
1506 2491 1621 2562 probare
1643 2508 1796 2563 possumus,
1815 2494 1888 2563 quoti
1904 2495 1948 2549 tli-

343 2588 388 2661 [tt]
403 2590 474 2645 Tunc
487 2591 567 2645 oilnti
583 2602 643 2646 stant
654 2594 678 2646 ci
692 2591 805 2663 perutili,
819 2600 847 2645 nt
861 2608 955 2646 munus
968 2591 1004 2645 eis
1017 2593 1100 2661 impo—
1149 2593 1228 2640 cente
1240 2585 1291 2640 silai
1305 2584 1426 2646 Domino,
1442 2583 1471 2639 Si
1486 2584 1524 2638 oia
1537 2583 1660 2637 minitant
1672 2584 1768 2647 venire,
1780 2600 1858 2638 terno
1871 2601 1950 2639 mnit-

308 2692 378 2736 neret
401 2693 425 2737 et
440 2696 536 2738 oraret.
564 2684 648 2749 Tunc,
663 2685 770 2754 qnamlo
783 2685 913 2739 ltominns
929 2684 961 2738 tle
973 2684 1100 2740 castitate
1149 2681 1224 2743 tata,
1239 2693 1345 2733 rursum
1370 2677 1552 2732 fraudulenter
1566 2676 1723 2747 interrogat,
1739 2690 1801 2745 qtne
1823 2676 1881 2730 sint
1904 2676 1950 2730 tila

310 2774 425 2829 iaciebat
435 2788 631 2841 sermonetn‚ct
641 2777 735 2832 beatos
747 2776 937 2847 pronuntialnat
948 2780 1096 2832 ennncltos.
1150 2771 1287 2834 mandalia
1299 2767 1376 2839 quasi
1394 2783 1447 2821 ¹¹0ss
1461 2767 1518 2837 illst
1531 2765 1636 2836 legerit,
1651 2777 1696 2820 {1¹¹1
1716 2765 1849 2821 DOtttlssttS
1863 2766 1952 2838 possit

308 2862 347 2917 tte
361 2863 444 2934 gloria
455 2866 527 2921 enim
537 2869 710 2923 continentie
721 2868 836 2923 Domino
848 2867 1002 2938 proterente
1016 2878 1099 2939 atque
1150 2858 1312 2927 ⁰⁰0111b0l0
1328 2857 1478 2911 “instilla-

308 2952 431 3019 (licente,
447 2964 511 3011 sunt
532 2958 577 3026 qni
606 2974 635 3014 sc
657 2960 838 3013 eunuchizant
860 2967 971 3029 propter
986 2976 1100 3030 regnum
1163 2952 1253 3006 >llicit
1276 2950 1315 3003 iiii
1337 2946 1614 3029 adolescens:0rnuio
1634 2947 1690 3002 hee
1715 2945 1861 3010 custoditi,
1884 2949 1952 3018 qnid

309 3041 449 3096 colorum.
466 3043 612 3101 audientes
633 3047 743 3115 quitiam
764 3047 918 3101 obtulerunt
930 3048 969 3101 eis
983 3045 1100 3102 iulantes
1150 3044 1235 3100 editur
1248 3041 1311 3096 ntilri
1328 3042 1419 3098 decet?
1433 3040 1561 3095 ilentitur
1575 3038 1749 3103 attitcseeos3
1765 3040 1787 3093 si
1806 3039 1880 3093 enim
1897 3042 1950 3094 lma

232 3171 236 3178 .
308 3133 449 3201 pucrostle
461 3136 584 3190 castitate
597 3136 1100 3207 mumlissimos.Putabanteaimquotl
1150 3136 1220 3206 quoti
1247 3134 1363 3204 positum
1392 3140 1434 3187 est
1458 3132 1485 3185 in
1511 3129 1951 3200 mamiatis:Ditipespreximttrn

309 3219 439 3277 Dominus
460 3240 573 3293 corpore
594 3226 707 3282 muntlos
733 3234 836 3282 tantum
853 3227 975 3281 laudaret
997 3243 1051 3281 non
1073 3237 1101 3282 et
1150 3235 1223 3280 tuum
1245 3225 1310 3279 sicot
1335 3233 1359 3278 te
1379 3225 1478 3293 ipsium,
1503 3236 1584 3293 opere
1608 3221 1786 3291 complesset,
1810 3223 1952 3290 quomo-lo

309 3308 456 3377 nolttntate,
473 3315 622 3369 nescientes
635 3315 705 3384 quoni
723 3315 850 3372 Dominus
869 3333 923 3372 non
937 3316 997 3372 illos
1014 3319 1100 3373 beati·
1149 3327 1243 3389 postea
1254 3316 1379 3371 audieus:
1391 3315 1503 3381 Vadaei
1514 3314 1593 3369 neate
1603 3315 1690 3369 omitia
1700 3331 1758 3386 qne
1771 3314 1864 3378 troies,
1876 3323 1902 3368 et
1916 3316 1952 3369 dn

310 3397 401 3456 lleatit
414 3405 564 3470 eunuchos,
577 3422 644 3476 quos
663 3408 786 3478 pueritiae
806 3409 953 3466 necessitas
972 3409 1037 3467 iacit
1054 3428 1098 3467 ea·
1151 3409 1318 3481 pauperibus,
1330 3409 1415 3465 tristis
1426 3408 1548 3472 recessit,
1559 3406 1622 3478 quia
1634 3405 1750 3462 ltabebat
1760 3405 1952 3478 possessiones

309 3494 726 3556 stns,sedcontincntiaevirtns.
811 3554 816 3563 ,
1113 3457 1259 3557 Cmoltis.

344 3583 473 3655 Discipuli
496 3598 584 3642 etitem
604 3592 771 3676 increpabant
793 3611 847 3650 eor.
870 3592 1016 3668 (Hieron.)
1042 3595 1100 3653 Nott
1187 3591 1229 3645 Ait
1254 3590 1293 3646 itti
1316 3588 1457 3647 tenensi
1480 3591 1518 3645 nit
1541 3589 1669 3660 perfector
1693 3604 1758 3651 esre,
1774 3587 1853 3653 ande,
1867 3587 1952 3642 cende

310 3676 381 3744 quotl
393 3676 493 3731 nollent
505 3679 545 3734 eis
561 3678 707 3737 Salvatoris
718 3692 745 3738 et
758 3699 838 3738 manu
851 3694 878 3739 ct
891 3701 956 3741 rece
965 3686 1100 3750 benedici,
1152 3697 1210 3752 qttoe
1233 3681 1321 3745 habet,
1341 3691 1365 3736 et
1386 3682 1421 3736 ds
1440 3681 1644 3752 paupertima
1662 3678 1767 3733 habebit
1792 3678 1952 3732 mmmm

308 3766 357 3822 sed
374 3781 427 3837 quo
441 3769 555 3823 necdum
575 3771 703 3827 trabentes
719 3774 900 3842 plenissimam
917 3774 1012 3839 iidem,
1027 3784 1103 3844 puta·
1152 3773 1181 3826 in
1201 3772 1274 3826 coelo.
1292 3773 1324 3826 Et
1344 3775 1410 3838 neni,
1422 3788 1528 3844 sequere
1539 3788 1589 3826 me.
1605 3771 1633 3825 ln
1646 3778 1780 3842 potestate
1796 3778 1892 3825 nostra
1908 3777 1953 3825 est

309 3865 371 3913 rent
383 3873 443 3912 etinr
457 3860 485 3914 in
501 3859 703 3917 similitudinem
716 3862 854 3917 hominnm
870 3862 1039 3919 offerentiam
1051 3865 1102 3918 irn-
1152 3872 1243 3918 utrom
1263 3862 1376 3919 relimns
1389 3879 1449 3919 essc
1461 3860 1588 3934 perlecti;
1608 3870 1698 3916 tamen
1714 3860 1869 3930 quicumque
1884 3873 1953 3929 per·

309 3949 475 4020 portunitate
490 3948 594 4005 lassari.
1152 3956 1239 4013 iectus
1251 3970 1311 4011 esse
1321 3955 1437 4011 uoluerit
1448 3955 1526 4008 (tebet
1536 3953 1654 4008 rendere
1670 3966 1730 4021 qoae
1743 3951 1835 4013 habet,
1849 3958 1878 4004 et
1892 3963 1949 4004 nou

344 4040 421 4095 testu
435 4057 496 4096 nero
509 4044 545 4096 nit
560 4043 597 4097 eis
609 4059 618 4096 .·
630 4043 715 4098 Sinite
728 4043 851 4114 parvulos
865 4043 949 4097 venire
961 4043 995 4096 ott
1013 4059 1064 4108 me,
1077 4053 1101 4096 et
1152 4063 1186 4104 ex
1209 4054 1284 4117 parte
1307 4047 1421 4100 semime
1443 4044 1513 4099 sieut
1535 4042 1656 4098 tlnauias
1679 4041 1761 4106 iecit,
1780 4049 1809 4095 et
1831 4037 1951 4109 soptim

310 4132 601 4204 intertrimentum
622 4135 657 4189 ati
679 4152 720 4189 nte
739 4135 952 4190 venirestntiam
976 4146 1012 4188 est
1032 4136 1102 4188 enim
1153 4137 1222 4210 (Act.
1237 4135 1275 4209 r),
1291 4136 1337 4191 sed
1353 4143 1438 4190 totnm
1458 4134 1702 4198 conterentem
1717 4130 1870 4185 vendiderit
1883 4129 1952 4186 date

310 4237 417 4292 '‘int''
428 4222 560 4277 mittum·
575 4223 720 4293 Signini&
731 4226 901 4280 oixntnttam
915 4227 1100 4289 nonistorum,
1153 4232 1241 4287 omnia
1257 4229 1428 4300 pauperibus,
1444 4237 1472 4282 et
1490 4229 1529 4283 sie
1551 4228 1600 4283 sibi
1621 4240 1772 4298 praeparare
1790 4225 1951 4280 thesanrmu

310 4317 343 4363 ut
353 4311 507 4365 estenderet
521 4327 573 4365 non
584 4321 690 4367 aetatem
704 4329 828 4384 regnare,
840 4315 887 4368 scit
898 4327 998 4368 mores.
1015 4314 1048 4368 Et
1060 4314 1102 4367 liis
1153 4321 1180 4376 in
1195 4335 1276 4390 regno
1291 4319 1431 4374 coetomm.
1453 4317 1508 4373 Nec
1519 4318 1570 4373 hoe
1582 4317 1615 4371 ad
1629 4315 1824 4386 perlectionem
1839 4313 1949 4376 suflicit,

310 4399 356 4468 qni
376 4400 492 4455 similem
507 4402 638 4456 traherent
659 4402 841 4456 innocentiam
856 4410 882 4457 ct
901 4402 1101 4472 simplicitatem
1153 4411 1204 4466 nist
1226 4418 1284 4480 past
1307 4416 1474 4477 contemptas
1497 4407 1605 4462 divitias
1622 4405 1792 4461 salvatorem
1807 4412 1951 4474 sequntur,

309 4493 450 4562 pucrulum
475 4496 625 4564 repromitti
639 4514 645 4549 :
657 4495 784 4566 llpostolo
802 4511 908 4565 qnoque
931 4496 957 4550 in
978 4495 1101 4549 eattttlettt
1153 4501 1180 4556 ii
1194 4510 1234 4556 est
1246 4500 1347 4555 relictis
1360 4499 1437 4553 malis
1451 4498 1532 4552 iaciat
1542 4498 1612 4556 bona
1623 4512 1630 4551 :
1642 4496 1749 4551 facilius
1763 4496 1839 4550 enim
1852 4509 1951 4550 sacen·

309 4585 471 4639 sententiam
484 4595 649 4656 congruente
668 4585 824 4656 frequenter
835 4600 843 4639 :
856 4585 946 4639 Nolite
960 4586 1033 4655 paeri
1045 4583 1103 4652 fieri
1153 4592 1195 4648 ins
1209 4591 1389 4646 contemnitur
1401 4605 1481 4660 qnam
1494 4587 1627 4644 noluntas.
1649 4583 1726 4641 llolti
1740 4586 1851 4642 divitias
1864 4585 1950 4641 relin-

309 4676 438 4740 rensibus,
458 4677 503 4730 reti
521 4677 626 4731 molitio
648 4688 727 4731 estote
747 4675 859 4747 paranti,
872 4693 949 4730 ternu
972 4685 1058 4729 antem
1074 4683 1102 4726 ttt
1153 4681 1359 4750 quentesneum
1374 4695 1428 4733 nun
1443 4672 1607 4748 sequuntnr;
1625 4677 1748 4747 sequitur
1762 4684 1855 4732 autent
1869 4673 1950 4731 Chri-

309 4767 417 4836 persecti
430 4769 487 4822 ritis
497 4768 523 4839 (l
538 4768 599 4822 Gor.
610 4768 678 4841 rur).
1115 4779 1225 4861 Datum
1239 4770 1284 4839 qni
1298 4770 1419 4823 imitator
1431 4768 1489 4837 ejus
1501 4776 1554 4832 est,
1570 4775 1597 4823 et
1614 4782 1663 4837 per
1675 4766 1788 4839 vestigia
1810 4764 1870 4834 ejus
1887 4780 1949 4836 gra-

348 4855 380 4909 tn
393 4858 627 4927 cumimposnisset
645 4861 681 4913 eir
697 4876 802 4923 monus,
818 4859 880 4912 ntttt
899 4859 968 4912 intie.
987 4857 1101 4929 (nsua.)
1154 4861 1235 4915 ditur.
1254 4860 1305 4926 Qut
1324 4861 1393 4914 enim
1416 4859 1477 4913 dicit
1498 4874 1526 4912 te
1544 4858 1573 4912 iu
1587 4856 1719 4912 Christum
1739 4856 1857 4921 credere,
1876 4855 1950 4909 delet

310 4942 426 5013 imponit
440 4958 504 5013 ergo
524 4947 654 5002 Dotniuns
675 4948 795 5018 parvulis
809 4964 917 5011 mamis,
932 4949 1039 5017 qnando
1053 4949 1102 5002 tiu
1153 4952 1282 5023 quomodo
1296 4952 1340 5006 itte
1352 4950 1491 5006 otnintonit
1507 4960 1531 5006 et
1548 4951 1603 5022 ipse
1615 4949 1751 5005 ambolare
1765 4948 1790 5020 tl
1807 4949 1890 5003 loon.
1907 4947 1947 5017 tt).

311 5032 419 5087 milibus
433 5033 526 5087 artrilii
540 5036 580 5089 sui
594 5037 709 5106 gratiam
724 5036 834 5100 tribuit,
850 5045 877 5091 ct
890 5037 1036 5090 seeutnlnm
1052 5051 1101 5090 ro·
1155 5041 1245 5114 (nna.)
1262 5038 1332 5097 Ecce
1347 5042 1414 5097 (tuas
1428 5057 1442 5095 a
1458 5041 1572 5097 Domino
1585 5049 1679 5096 nestra
1693 5038 1758 5096 ,lesu
1773 5038 1886 5096 Christo
1898 5041 1949 5096 lio·

310 5121 441 5177 unitatem
465 5138 542 5177 suam
565 5125 658 5196 dirigit
676 5134 704 5179 nt
722 5127 749 5180 in
768 5127 893 5181 omnibns
918 5126 975 5180 suis
998 5127 1101 5194 possint
1154 5130 1272 5185 minibus
1282 5131 1434 5201 propositas
1445 5131 1515 5186 nitas
1533 5131 1696 5193 annuimus,
1710 5129 1828 5184 activam
1842 5136 1870 5184 et
1884 5141 1950 5183 eon·

309 5214 421 5284 obsequi
442 5215 592 5284 praecptis.
610 5216 685 5272 Utttle
702 5218 852 5272 cinaeum
870 5233 918 5288 per
929 5217 1099 5273 Psalrttistaru
1154 5221 1335 5290 templativam
1351 5221 1458 5275 :actim
1470 5221 1652 5291 vitapertinet
1665 5220 1699 5275 ad
1713 5218 1813 5291 legem,
1827 5227 1950 5273 contem·

309 5302 430 5362 dieitur':
444 5304 560 5360 leonini
581 5325 688 5362 marum
706 5310 840 5364 dexteram
858 5326 952 5373 aream,
969 5318 995 5362 ct·
1008 5309 1034 5360 in
1056 5325 1101 5362 no·
1151 5308 1252 5381 platina
1276 5309 1309 5363 atl
1335 5308 1508 5380 Evangelinm
1524 5311 1606 5380 :quia
1631 5310 1701 5365 sieut
1728 5307 1815 5364 Vetus
1843 5307 1951 5363 aarum

309 5399 409 5454 trtatcte
436 5408 481 5452 tao
504 5399 635 5455 induciati
666 5417 706 5454 me
732 5400 824 5456 chot.
851 5417 959 5468 exsut,
984 5409 1014 5454 et
1038 5399 1099 5453 rcli-
1151 5400 1290 5470 precessit
1316 5397 1542 5465 Testamentum,
1565 5400 1602 5454 ita
1629 5414 1700 5454 aona
1725 5398 1797 5453 aetio
1818 5397 1950 5468 praeeedit

310 5502 373 5557 qua.
1152 5488 1415 5557 contemplationem.
1427 5488 1583 5543 Antitarita
1593 5489 1636 5548 tric
1645 5488 1728 5543 habet
1738 5485 1949 5557 perlectionem

345 5576 382 5631 Et
393 5595 450 5633 ecce
463 5596 531 5635 nnus
547 5580 671 5634 accedens
686 5580 725 5631 nit
737 5577 776 5632 illi
788 5594 797 5632 .·
809 5577 935 5648 llopister
950 5577 1024 5640 lotae,
1037 5576 1100 5647 quid
1153 5577 1358 5648 contemplativa
1380 5577 1444 5654 licet
1459 5578 1504 5632 lric
1526 5579 1624 5633 lrabeat
1647 5578 1765 5642 initium,
1779 5591 1840 5631 non·
1856 5584 1950 5632 tamen

310 5669 370 5724 iatri
383 5671 480 5740 sanam
493 5685 519 5726 nt
531 5674 642 5727 taicum
654 5674 732 5727 citata
744 5674 888 5728 eternam?
899 5671 989 5743 (ltin.)
1005 5671 1098 5725 Aonie·
1153 5671 1179 5724 io
1193 5670 1244 5724 hac
1261 5670 1324 5731 vita,
1345 5668 1392 5723 setl
1406 5668 1432 5721 in
1446 5677 1578 5723 {eternum
1600 5667 1718 5724 inveniet
1739 5665 1949 5738 perlectionem.

311 5770 364 5825 rat,
380 5764 470 5827 cretio,
494 5764 546 5818 iste
569 5765 697 5833 quaesitor
720 5765 782 5819 sito
805 5773 922 5828 aetemae,
947 5778 963 5815 a
988 5763 1101 5816 Domino
1154 5760 1249 5814 Aetius
1269 5761 1324 5814 rita
1339 5760 1366 5814 in
1380 5760 1431 5814 liae
1447 5760 1555 5829 quitlcm
1578 5759 1633 5813 sita
1654 5759 1712 5815 sine
1734 5755 1951 5826 contemplativa

238 5879 244 5892 ι
310 5857 415 5904 tatinum
430 5852 538 5922 eosqui
552 5853 724 5922 porvulorum
742 5852 841 5908 vellent
863 5866 922 5907 esse
943 5851 1045 5906 similes
1060 5851 1100 5905 tli-
1154 5864 1215 5907 esse
1236 5859 1341 5922 potesta
1356 5849 1560 5919 contemplativa
1587 5864 1651 5904 tero
1671 5849 1731 5903 sinc
1748 5847 1837 5902 aetina
1854 5845 1882 5900 in
1897 5845 1950 5900 liae

310 5957 377 6013 gotis
398 5961 456 6001 csse
472 5945 582 6001 introitu
602 5948 676 6016 regni
690 5947 817 6002 eoelestis.
835 5945 920 6014 aque
935 5945 995 6000 ideo
1009 5960 1101 5998 euram
1154 5944 1209 5998 rita
1223 5943 1417 6015 perlectionem
1429 5942 1550 5997 inuenire
1563 5958 1614 5996 non
1627 5941 1708 5996 ualet.
1723 5938 1763 5994 lta
1778 5938 1853 5994 euim
1864 5949 1951 5993 utatis·

311 6047 411 6105 gerens
424 6042 553 6092 tractatos
567 6038 700 6098 certioris.
718 6038 803 6108 poscit
823 6037 874 6092 silri
890 6050 942 6092 oon
957 6049 1005 6106 per
1024 6049 1102 6105 para·
1155 6033 1269 6108 quisque
1290 6033 1408 6090 lttleiium
1422 6048 1436 6088 a
1452 6032 1506 6088 lico
1521 6033 1548 6089 io
1561 6035 1612 6089 linc
1626 6035 1680 6088 utta
1697 6031 1837 6088 institutus
1850 6036 1906 6085 est.
1922 6028 1951 6077 nt
