4509 6850
669 593 850 654 mansur.
870 594 905 652 m
923 593 1085 654 orxnnx.
1103 628 1139 638 -
1157 551 1286 656 nasu.
1726 603 1779 672 tce
1841 549 1847 562 ’

300 708 409 774 dicitur,
425 706 554 778 Ecclesia
576 707 695 778 corpori,
714 697 932 774 subministrant,
947 709 971 769 Α
986 707 1074 766 leuem
1087 719 1176 766 castra
1196 718 1314 767 metatus
1327 718 1378 776 cst,
1401 710 1474 768 illurn
1487 713 1588 770 scilia-ct
1611 716 1720 786 signans
1732 719 1778 788 etri

289 797 435 856 uodebent
445 805 474 852 et
486 797 558 868 puri,
571 805 654 868 atque
670 797 704 852 ab
729 797 804 852 omni
829 796 936 853 nxacula
986 801 1013 856 in
1028 801 1110 858 corde
1122 818 1172 858 suo
1189 802 1277 858 dixit:
1301 801 1402 860 Sedabo
1422 805 1449 858 in
1469 814 1557 860 morale
1569 810 1727 873 recrementi,
1752 811 1780 864 in

289 889 475 946 masinae
501 887 589 958 [arria.
614 887 748 956 lssacbar,
761 890 833 959 quod
851 888 937 946 inter·
986 892 1281 964 lateriia's'dpuilottir;
1299 895 1438 950 ascendam
1450 912 1523 966 super
1545 896 1713 954 altitudinem
1732 893 1787 953 nu-¹

289 996 385 1046 rsrcer,
395 978 514 1036 retertur
526 978 560 1034 ad
570 979 698 1050 populum
716 981 936 1058 gentiumquem
986 982 1067 1049 iiam,
1087 983 1182 1040 similis
1202 1002 1247 1039 ero
1271 984 1403 1041 Altissino
1426 984 1512 1059 (Psoi.
1525 985 1591 1058 xxx).
1617 985 1655 1043 ue
1677 1003 1732 1058 quo
1754 998 1782 1045 et

289 1071 423 1145 unguinis
438 1070 481 1127 sui
501 1070 641 1142 pretioest
661 1082 809 1126 mercatus.
832 1070 881 1126 llic
895 1070 935 1126 ls-
985 1088 1033 1145 per
1047 1076 1206 1146 propbetam
1219 1075 1337 1132 dicitur:
1360 1076 1383 1130 d
1405 1077 1463 1132 Dan
1484 1079 1590 1134 auditus
1603 1089 1640 1134 est
1661 1078 1782 1150 tremitur

289 1164 356 1224 dnos
382 1163 462 1221 tortis
479 1165 624 1231 scribitur,
644 1165 707 1234 quia
730 1164 805 1234 prius
828 1162 937 1235 gentilis
985 1183 1110 1239 equorum
1125 1168 1184 1240 ejus
1199 1167 1403 1244 (leram.x1u);
1428 1173 1473 1242 qud
1488 1187 1541 1226 noir
1557 1171 1643 1229 solum
1658 1173 1780 1239 coluber,

289 1257 354 1332 prasi
366 1257 477 1314 brutum
499 1266 527 1313 et
544 1256 713 1313 luxuriosum
740 1256 840 1312 animal
865 1264 935 1322 erat,
986 1258 1128 1312 sedetiam
1146 1267 1264 1315 cerastes
1275 1270 1400 1325 vocatur,
1416 1264 1510 1339 sipara
1528 1264 1600 1318 cuim
1611 1262 1705 1320 Graece
1721 1280 1782 1318 cor-

289 1349 394 1406 rutione
409 1349 569 1406 subsistens.
593 1348 670 1404 Nunc
693 1364 757 1404 xero
781 1347 859 1404 sortis
882 1354 934 1413 est,
986 1366 1039 1403 arro
1052 1349 1195 1415 dicuntur;
1217 1367 1384 1424 serpensque
1400 1352 1444 1408 bic
1465 1362 1595 1409 curmnus
1614 1369 1675 1410 esse
1689 1353 1782 1426 perbi-

290 1450 384 1496 nostro
394 1442 494 1495 mentis
507 1438 614 1494 occulta
631 1439 767 1512 subigens,
777 1453 809 1494 ac
820 1438 937 1493 Redem·
985 1442 1075 1508 betm,
1085 1459 1135 1513 prr
1145 1459 1225 1514 quern
1237 1444 1316 1516 digne
1330 1446 1460 1501 adrentus
1471 1446 1629 1503 ¹tnticbristi
1640 1447 1781 1503 asseritur.

289 1531 362 1590 tinio
376 1531 444 1587 colla
465 1529 644 1600 subjiciendo,
664 1529 759 1602 jugum
787 1529 936 1601 disciplinae
985 1533 1053 1601 Quia
1078 1541 1173 1589 contra
1193 1535 1275 1590 uitam
1297 1536 1426 1603 bdelium,
1448 1554 1508 1593 curn
1532 1554 1623 1593 ntomu
1648 1538 1783 1610 pestifere

289 1623 464 1696 apertaeas.
479 1622 526 1679 llic
533 1623 668 1678 accubans
682 1622 752 1678 inter
760 1622 890 1678 terminos
898 1621 937 1675 vi·
986 1625 1196 1696 nundinationis,
1210 1629 1362 1684 armabitur
1383 1630 1465 1684 etiarn
1480 1631 1607 1687 conatibus
1626 1631 1780 1701 potestatis.

289 1733 316 1776 nt
327 1716 398 1789 quod
411 1723 485 1772 esset
494 1717 575 1780 bona.
588 1724 616 1770 ct
627 1726 728 1770 terrant
737 1714 809 1785 qttod
822 1712 934 1782 optima.
986 1719 1052 1787 Quis
1065 1730 1155 1775 autem
1174 1722 1276 1777 nesciat
1289 1723 1412 1778 sentinam
1427 1723 1612 1792 angustiorem
1625 1736 1686 1778 esse
1700 1737 1782 1792 mam

289 1809 357 1866 ainos
364 1807 619 1877 namqueaccubare
630 1817 671 1861 cst
676 1805 831 1876 praestolato
845 1802 936 1858 usundi
986 1808 1077 1862 riam?
1090 1808 1134 1863 Fit
1144 1825 1210 1882 ergo
1224 1810 1334 1866 coluber
1349 1811 1375 1866 in
1394 1812 1448 1877 ria,
1464 1811 1527 1882 <aaa
1543 1812 1569 1866 in
1589 1812 1731 1882 presentis
1743 1812 1784 1866 ri-

289 1911 393 1960 etccre,
418 1895 584 1965 nibilqucde
600 1895 642 1950 bis
663 1910 724 1964 quan
738 1909 812 1949 nrrnc
825 1909 937 1949 xersan·
987 1907 1021 1953 tae
1044 1897 1214 1956 latitudinem
1228 1915 1275 1958 eos
1297 1901 1436 1957 ambulare
1456 1911 1595 1972 prouocat,
1610 1903 1709 1974 quibus
1722 1919 1785 1974 par-

289 1989 327 2046 lio
339 1975 475 2060 quarere,
486 1986 534 2043 sed
550 1986 644 2042 ultima
656 1985 821 2042 desiderare.
837 1985 871 2039 lia
884 1983 937 2039 lor·
987 1989 1072 2045 ccn‘lo
1086 1990 1164 2060 qrrasi
1178 1990 1326 2047 blanditur.
1349 1991 1402 2047 Sed
1422 1992 1450 2048 iu
1465 1995 1507 2049 ria
1522 1996 1639 2062 mordet,
1659 1995 1724 2066 quia
1737 2011 1785 2052 eos

289 2085 426 2152 troquiern
449 2089 477 2136 ct
498 2088 599 2135 terram
612 2079 742 2149 optimam
765 2078 847 2144 vidit,
873 2093 934 2132 cunr
950 2065 972 2123 Β
987 2080 1083 2149 qrxibus
1100 2079 1252 2136 libertatem
1269 2082 1362 2138 tribuit
1380 2084 1482 2142 erroris
1496 2084 1537 2139 sui
1557 2100 1662 2141 venenu
1685 2102 1784 2142 coarsu-

289 2174 407 2233 entilitas
437 2174 539 2232 idcirco
564 2188 594 2228 sc
610 2172 645 2226 ad
660 2172 742 2226 robur
767 2169 936 2239 bouioperis
987 2172 1046 2226 mit.
1062 2171 1105 2226 Fit
1119 2172 1218 2228 iterum
1231 2183 1350 2229 cenxstes
1364 2174 1391 2229 in
1407 2175 1514 2240 semita,
1527 2176 1590 2245 quia
1605 2191 1674 2246 quos
1690 2175 1786 2233 baiulus

289 2267 310 2322 ia
333 2266 368 2321 ad
394 2273 502 2320 actorum
523 2262 586 2320 xitae
609 2261 726 2333 patriam
749 2260 842 2317 tendit.
860 2259 937 2315 Unde
988 2262 1098 2332 reperit,
1117 2268 1146 2317 et
1156 2277 1217 2318 sese
1232 2264 1266 2318 ad
1284 2264 1404 2321 coelestis
1418 2265 1543 2336 precepti
1563 2278 1676 2337 atrgusta
1689 2268 1786 2322 itinera

289 2354 355 2412 uati
375 2355 516 2410 humerum
529 2369 607 2407 strum
622 2352 655 2407 ad
666 2352 847 2421 portandum,
873 2350 937 2421 quia
987 2351 1215 2426 constringentes,
1228 2370 1282 2409 non
1305 2354 1390 2411 solum
1415 2355 1533 2425 nequitia
1557 2356 1661 2412 callidae
1675 2372 1787 2428 persua-

289 2444 450 2516 promissam
477 2444 598 2513 requiem
622 2442 764 2512 pervenire
790 2441 936 2508 desiderat,
987 2446 1073 2503 sionis
1084 2446 1208 2518 impedit,
1229 2447 1373 2503 sedetiam
1394 2455 1498 2504 terrore
1518 2450 1661 2519 {intestatis
1675 2451 1784 2520 priuuit,

289 2536 441 2594 indutorum
457 2552 538 2592 oraera
553 2536 670 2591 libenter
692 2543 792 2606 portat.
811 2535 888 2592 Unde
910 2544 938 2590 ct
986 2549 1014 2596 ει
1029 2542 1055 2596 iu
1073 2541 1270 2611 persecutionis
1284 2556 1397 2612 aragone,
1408 2550 1470 2611 post
1488 2541 1619 2597 beneficia
1641 2543 1709 2597 licie
1731 2542 1787 2597 dul-

305 2631 414 2687 tributis
427 2631 560 2694 servieus,
580 2630 632 2686 boc
652 2639 695 2686 est
708 2631 763 2702 regi
787 2638 815 2685 et
828 2631 937 2686 Cbristo
987 2630 1225 2698 ccdiuis,cxercet
1236 2647 1337 2687 cornua
1349 2633 1501 2703 potcstatis.
1516 2633 1575 2701 ero
1589 2634 1615 2688 in
1627 2634 1686 2690 loco
1702 2650 1788 2704 equits

302 2725 375 2780 bona
397 2739 564 2794 operumque
586 2723 718 2778 bonorum
737 2739 849 2778 munera
874 2723 938 2780 olle-
988 2722 1060 2777 bunc
1082 2723 1212 2779 muudum
1234 2722 1362 2789 insinuat,
1374 2725 1421 2794 (μή
1442 2740 1491 2795 per
1506 2724 1651 2780 elationum
1665 2742 1743 2782 suam
1756 2728 1782 2782 iu

289 2815 352 2872 olon
378 2816 403 2869 in
428 2815 518 2870 littore
537 2815 622 2870 maris
636 2815 781 2880 babitabit,
794 2823 820 2870 ct
837 2817 863 2870 in
883 2823 938 2873 sta-
988 2830 1070 2870 cursu
1082 2813 1231 2893 labentium
1252 2823 1403 2887 terimururn
1426 2826 1543 2888 spumat.
1562 2818 1601 2874 -Et
1624 2819 1687 2888 qaaia
1710 2817 1786 2875 tati-

290 2905 356 2962 inm.
376 2905 507 2971 Zabulon,
523 2906 569 2976 quui
589 2906 784 2975 interpretatur
799 2907 939 2962 babitacn-
988 2904 1108 2960 cluristus
1129 2912 1253 2960 extrema
1279 2906 1371 2961 mundi
1395 2906 1595 2979 apprchendere
1617 2908 1723 2974 nititur,
1741 2924 1788 2966 cc·

289 2995 388 3061 odinis,
401 2995 548 3052 Ecclesiam
561 2995 704 3066 significat,
719 2996 892 3053 lentissimum
904 2999 938 3054 ad
989 2997 1143 3074 rastesiste
1155 2998 1218 3068 equi
1231 2997 1346 3070 ungulas
1368 2997 1492 3054 nronlere
1511 2999 1678 3070 perhibetur.
1695 2999 1784 3071 Ungu-

289 3085 434 3156 lcrantiam
459 3088 602 3158 passionis.
621 3086 686 3143 ttae
705 3088 731 3142 in
748 3088 840 3143 littorc
854 3088 938 3143 maris
989 3084 1029 3141 las
1038 3086 1137 3158 quippe
1153 3087 1215 3159 equi
1232 3088 1357 3143 mordere
1373 3095 1414 3150 est
1428 3096 1549 3143 extrema
1563 3088 1653 3144 saeculi
1664 3088 1786 3146 loricudo

289 3179 468 3236 tinstationc
482 3179 603 3244 auriana,
618 3187 648 3232 ut
662 3179 835 3234 crealcntibus
848 3178 884 3234 sit
896 3192 939 3232 rc·
989 3179 1156 3249 contingere.
1174 3177 1208 3235 Ut
1230 3181 1308 3235 cadat
1335 3198 1457 3235 rascerisor
1480 3181 1538 3253 ejus
1556 3192 1634 3236 retro.
1652 3180 1787 3236 Ascensor

289 3271 725 3344 ;periclitantibusalcuionstraret
740 3271 801 3326 bdei
816 3279 936 3342 portum.
989 3273 1052 3342 eqrxi
1070 3280 1113 3328 cst
1135 3273 1256 3343 quisquis
1280 3273 1418 3329 extollitur
1445 3274 1473 3329 in
1494 3273 1670 3345 dignitatibus
1682 3274 1785 3328 mrmdi.

289 3379 314 3420 ra
328 3379 422 3420 ornnes
438 3364 559 3420 turbines
583 3364 673 3419 sarab
695 3364 826 3420 immobili
846 3373 874 3420 et
895 3365 938 3419 iu-
991 3360 1042 3429 Qui
1068 3370 1142 3417 retro
1156 3363 1253 3418 cadere
1276 3359 1386 3429 dicitur,
1410 3372 1438 3419 ct
1463 3374 1516 3418 nun
1546 3365 1697 3431 infaciem,
1717 3365 1787 3420 sicut

298 3456 427 3515 tirmitate
453 3458 584 3523 solidata,
604 3467 743 3529 exspectat
768 3460 938 3531 naufragium
953 3423 974 3486 C
992 3455 1091 3513 Sarrlus
1104 3458 1236 3515 cecidisse
1258 3467 1433 3513 memoratur.
1456 3458 1485 3513 lu
1509 3457 1577 3513 laeie
1590 3459 1663 3514 euim
1677 3459 1786 3525 cadere,

289 3564 311 3616 ι,
320 3555 348 3605 ει
364 3549 553 3605 baereticorum
567 3550 711 3618 procellas,
727 3551 773 3621 qui
787 3561 814 3605 et
824 3551 940 3606 circum-
990 3560 1033 3606 est
1044 3552 1070 3605 in
1081 3551 1133 3606 bac
1142 3550 1196 3605 rita
1208 3566 1271 3606 suas
1282 3566 1499 3620 unumquemque
1509 3551 1602 3620 cxrlpas
1612 3566 1786 3619 cognoscere,

289 3646 356 3703 imni
370 3654 452 3701 sento
468 3646 606 3700 doctrinae.
619 3645 738 3712 Quaeram
756 3648 806 3702 etsi
819 3647 939 3702 tunditur
991 3655 1091 3711 crusque
1103 3640 1259 3710 poenitendo
1284 3640 1392 3697 debere.
1410 3640 1494 3697 Retro
1509 3657 1572 3696 reru
1590 3643 1660 3713 qaroal
1679 3658 1731 3696 raon
1752 3643 1788 3698 xi-

295 3734 396 3808 lrangit
410 3745 499 3791 tatrxcn
516 3737 572 3806 ipsa
588 3735 701 3801 lluctus,
729 3747 757 3792 et
772 3753 823 3792 nou
840 3737 939 3809 bangi-
991 3734 1070 3789 ‹letirr
1085 3732 1192 3798 eadere,
1206 3741 1248 3789 est
1270 3749 1302 3789 ex
1324 3734 1377 3789 bac
1397 3734 1452 3788 rita
1472 3744 1583 3805 repente
1596 3734 1737 3799 dcccdccc,
1760 3742 1788 3789 et

289 3827 344 3884 attis
357 3829 500 3884 beresiaaa
514 3830 720 3899 teanensibus
733 3831 817 3896 catix,
831 3831 938 3887 accariti
991 3823 1024 3877 aa
1037 3840 1098 3893 aaa
1111 3822 1241 3893 supplicia
1265 3823 1379 3880 darana
1396 3825 1531 3895 innorme-
1550 3826 1583 3880 Et
1600 3825 1663 3896 quia
1682 3824 1787 3889 tama,

289 3918 429 3976 hiematum
453 3930 589 3976 eaanaaota
614 3924 776 3977 sareeanniit,
800 3922 939 3979 ita-alendis
990 3915 1092 3970 erroris
1105 3916 1146 3970 sui
1164 3914 1268 3985 laqueis
1291 3925 1379 3988 capta,
1394 3932 1442 3987 pro
1457 3917 1567 3973 Cbristo
1589 3917 1786 3973 biiticbristnur

289 4024 338 4083 pue
358 4011 392 4066 ad
404 4010 542 4078 Sidonem,
558 4013 608 4066 boc
622 4022 663 4068 est
688 4029 773 4083 nsqrrc
799 4014 939 4086 adgentes
990 4015 1141 4076 exspectat,
1166 4005 1235 4061 bene
1251 4005 1336 4062 Jacob
1356 4009 1452 4063 codem
1476 4008 1536 4062 loco
1552 4016 1661 4076 rupemc
1681 4007 1708 4062 in
1732 4006 1788 4062 elc-

308 4101 421 4175 legitur
434 4105 515 4159 etiaim
543 4105 569 4159 in
585 4105 731 4173 Evangelia
755 4107 816 4161 iaaie
836 4122 940 4161 assam.
990 4107 1095 4154 ciorum
1121 4114 1187 4155 soce
1204 4107 1408 4153 curarersuscst
1427 4097 1538 4153 diceus:
1566 4096 1691 4153 Salutate
1713 4108 1786 4153 terrm

301 4192 408 4263 aliquos
429 4195 625 4264 apostolorum,
639 4205 667 4250 ct
681 4196 708 4249 iu
725 4196 791 4265 ipsis
805 4197 872 4252 locis
890 4197 941 4253 Do-
989 4190 1155 4260 exspectabo,
1172 4189 1293 4254 Domine,
1315 4189 1340 4243 id
1355 4197 1409 4254 est,
1422 4205 1475 4244 unu
1488 4189 1559 4243 sicut
1572 4187 1693 4243 inlidi-les
1708 4187 1786 4245 dran-

289 4296 344 4355 rpe
363 4285 503 4347 docuisse,
532 4285 602 4341 sicut
622 4286 753 4356 scriptum
779 4295 841 4341 cst:
859 4286 940 4342 Terra
991 4282 1132 4344 cinisium,
1159 4281 1206 4337 sed
1227 4296 1288 4336 eum
1311 4281 1357 4352 qui
1382 4281 1408 4336 in
1433 4280 1644 4350 redemptionem
1666 4287 1786 4337 riostrara

289 4384 313 4431 rt
337 4385 408 4430 terra
424 4375 603 4447 li'cpbtbnlim.
621 4378 662 4431 aio
678 4378 759 4432 attaris
781 4386 854 4432 trurts
875 4377 940 4433 Jor—
990 4383 1123 4431 vcnturus
1139 4381 1191 4440 εει,
1207 4387 1301 4429 terum
1314 4374 1397 4429 credo
1418 4373 1534 4427 balclitct·
1554 4371 1702 4426 Cbristum.
1727 4368 1786 4424 liat

289 4458 371 4521 illicce
386 4451 513 4537 ponticam,
528 4466 639 4538 popnlas
658 4466 704 4538 orti
716 4468 858 4522 satiebatr'n
870 4479 941 4523 tene·
991 4464 1123 4519 accinctus
1145 4462 1309 4532 praeliabitur
1332 4472 1392 4520 atate
1415 4480 1485 4518 rutra.
1505 4461 1557 4517 lste
1572 4460 1630 4515 Gan
1649 4461 1787 4516 accinctus

289 4564 296 4611 ι
321 4556 406 4613 iucem
433 4575 554 4629 nicaenam
580 4559 648 4632 (leo.
665 4559 715 4629 rx).
733 4561 789 4616 ban
809 4559 941 4629 judicabit
989 4570 1134 4626 personam
1158 4552 1257 4611 Christi
1279 4554 1415 4623 exprimit,
1439 4553 1484 4622 qui
1513 4552 1540 4608 iu
1561 4552 1649 4622 prbno
1670 4553 1785 4607 alluenti

298 4663 377 4713 suurn
401 4650 471 4705 sieut
486 4659 513 4705 et
531 4651 583 4704 alia
601 4652 688 4706 tritius
709 4652 736 4706 in
757 4652 850 4708 israel.
877 4652 940 4710 Fiat
990 4644 1152 4705 humilitatis
1165 4659 1231 4709 suae,
1254 4652 1317 4698 ante
1337 4643 1482 4699 adrentum
1506 4643 1666 4699 dnticlrristi
1682 4642 1789 4712 puelia·

289 4739 332 4795 ier
345 4740 374 4795 in
399 4741 448 4803 cio,
467 4751 579 4795 cerastes
602 4743 628 4796 in
648 4745 752 4810 semita,
766 4753 819 4801 ere.
834 4745 887 4801 iiiii
900 4747 941 4802 aii.
991 4745 1070 4793 turus
1081 4737 1213 4802 occrrrrit,
1224 4736 1361 4794 accinctus
1372 4735 1461 4807 gladio
1473 4736 1547 4791 rcrbi
1560 4735 1601 4791 sui
1615 4736 1688 4790 circa
1701 4733 1788 4791 lcnrur

288 4831 430 4889 icbristuru
451 4848 501 4902 pcr
522 4834 580 4889 bac
599 4835 680 4890 rerba
703 4838 811 4906 praedici
829 4839 863 4894 de
888 4839 940 4894 isia
993 4828 1188 4903 potentissime,
1213 4841 1268 4899 quio
1291 4826 1393 4882 auricus
1418 4826 1518 4890 diuisit,
1546 4825 1571 4881 id
1596 4832 1649 4890 cst,
1676 4824 1787 4880 bliuma

289 4938 374 4979 urum.
397 4924 449 4978 Alii
473 4925 506 4980 de
527 4923 611 4994 luda,
637 4942 652 4982 a
674 4943 727 4997 quo
755 4929 869 4985 traditas
899 4940 942 4987 est
994 4932 1078 4994 patre,
1104 4922 1186 4978 liliam
1207 4928 1334 4984 amatre,
1356 4935 1454 4976 nurum
1474 4935 1489 4973 a
1508 4934 1599 4984 socru,
1613 4916 1691 4988 juxta
1714 4918 1787 4988 «parui

298 5012 469 5084 bac'seaipra
483 5018 669 5085 pronuntiant,
684 5027 712 5073 et
728 5020 845 5089 equitem
859 5030 941 5091 ananie
993 5014 1128 5086 legituriu
1142 5011 1306 5083 Evangelio:
1323 5009 1385 5065 Non
1398 5011 1453 5065 ueni
1468 5026 1559 5080 pacem
1579 5010 1681 5064 mittere
1693 5012 1721 5063 in
1736 5020 1787 5063 ter-

289 5103 404 5160 muiuum
419 5121 481 5160 curu
497 5122 580 5163 carne
601 5118 725 5180 suscepta
739 5111 940 5179 tlcsienarcsu·
994 5114 1063 5172 rain,
1073 5105 1118 5160 ted
1131 5103 1249 5175 cladium
1259 5100 1368 5175 (blattis.
1387 5099 1426 5172 ¹)·
1442 5100 1518 5169 Quot!
1532 5108 1623 5155 tillem
1639 5101 1686 5165 ait,
1698 5110 1722 5154 0²
1734 5101 1787 5170 litii

289 5196 942 5263 orsuruautcmcaderc,utinterramrevertatur
993 5199 1144 5269 acdrtpetor
1164 5205 1316 5258 retrorsum,
1342 5193 1452 5249 claritas
1467 5192 1574 5249 Daritim
1589 5193 1675 5248 uestri
1699 5193 1725 5247 iu
1742 5207 1787 5245 sc-

289 5295 356 5361 rptus
369 5298 420 5344 cst.
431 5290 484 5345 Sed
495 5291 623 5359 quostiam
634 5291 678 5348 die
691 5294 771 5348 tertia
782 5295 941 5361 resurrexit,
994 5290 1083 5348 curado
1097 5304 1180 5361 regno
1192 5287 1353 5352 ostenditur,
1373 5286 1437 5357 quia
1450 5301 1513 5342 cum
1532 5284 1637 5340 venerit
1649 5283 1786 5338 Anticbri·

289 5379 332 5437 it:
347 5379 469 5437 Salutare
479 5391 554 5436 traam
563 5386 725 5454 exspectabo,
737 5386 860 5452 naariae,
873 5389 945 5442 sicut
994 5390 1064 5446 stus,
1076 5380 1141 5435 item
1161 5386 1283 5434 recurret
1300 5385 1460 5441 retrorsum,
1483 5375 1511 5430 id
1530 5383 1581 5437 εει,
1597 5380 1657 5443 pust
1672 5373 1731 5440 cjrrs
1742 5386 1786 5426 xc-

289 5474 317 5530 l:
334 5474 397 5531 Non
413 5475 543 5546 retinuere
558 5477 673 5531 amanam
687 5496 772 5532 rrreom
792 5478 819 5533 in
839 5479 943 5548 interno
993 5472 1072 5544 stigia
1084 5470 1210 5527 Cbristus
1223 5469 1338 5524 adventu
1351 5466 1509 5538 procedens,
1522 5473 1552 5520 ut
1565 5462 1709 5518 interliciat
1723 5478 1785 5518 euna

289 5570 308 5637 i,
322 5567 381 5623 haec
395 5568 557 5637 (prnalapiita
573 5576 720 5638 exponunt.
735 5569 863 5625 Aliirero
873 5570 944 5626 hane
994 5562 1083 5635 gladio
1093 5562 1150 5617 otis
1159 5561 1212 5617 sul.
1228 5560 1304 5617 Utttle
1319 5571 1347 5616 et
1359 5560 1428 5615 bene
1448 5557 1519 5612 idem
1538 5554 1596 5610 Gdtl
1618 5552 1787 5609 latrunculus

289 5674 316 5713 ra
339 5660 373 5714 aa
392 5657 589 5714 naneaisxaaa
608 5659 783 5715 naaataaat.
807 5659 845 5716 be
871 5661 941 5716 artua
995 5655 1198 5725 interpretatur.
1212 5667 1244 5707 co
1258 5652 1330 5722 aaran
1350 5646 1494 5720 posterior.
1509 5645 1535 5700 il
1548 5652 1599 5707 est,
1613 5657 1692 5699 secus
1704 5643 1787 5714 pentes

289 5749 400 5806 iscuire
413 5749 609 5804 braticbristuru
634 5748 734 5814 lerunt,
756 5764 805 5819 pro
818 5765 851 5804 eo
870 5751 941 5820 quod
994 5744 1070 5814 extasi
1095 5744 1271 5808 latrunculus,
1295 5742 1388 5813 rapido
1407 5747 1488 5808 atque
1510 5737 1657 5808 improuiso
1670 5737 1786 5793 adventu

289 5839 344 5895 ban
354 5850 381 5895 ct
396 5839 506 5895 coluber
523 5839 653 5895 asseritur
668 5848 695 5893 ct
709 5841 846 5895 nrordcns.
866 5839 942 5896 Unde
994 5837 1111 5902 exsiliat,
1126 5843 1222 5892 contra
1235 5842 1357 5905 apertam
1375 5829 1534 5887 buticbristi
1549 5829 1784 5901 oppugnationem.

289 5930 395 5987 unerito
409 5930 574 5987 lsraeliticns
588 5929 711 6001 populus,
728 5929 791 5984 dum
808 5938 894 5985 terras
911 5930 940 5984 in
995 5928 1064 5984 llinc
1079 5936 1122 5983 εει
1134 5925 1204 5996 quod
1216 5923 1360 5994 Apostolus
1371 5921 1505 5977 exclamat
1515 5920 1626 5976 dicens:
1646 5918 1716 5987 Quia
1731 5920 1786 5973 aaa

289 6038 293 6077 t
306 6031 458 6083 caurorum
476 6023 636 6093 susciperet,
647 6022 723 6095 prius
736 6022 792 6077 baa
807 6022 841 6077 ad
856 6020 941 6094 boui·
995 6017 1102 6100 Uonriui
1116 6020 1184 6073 sicut
1196 6017 1240 6088 [cr
1252 6017 1278 6071 in
1290 6024 1373 6082 nocte,
1385 6016 1421 6071 ito
1430 6014 1511 6071 ueniet
1524 6012 1550 6085 (i
1564 6012 1652 6071 lbera.
1664 6014 1702 6083 x).
1711 6013 1789 6077 Cbri·
