4509 6850
246 636 296 692 tat

738 633 915 692 cotttteut.
935 635 969 692 ΙΝ
989 634 1209 692 liutittAEtttt.
1231 667 1265 677 —
1284 637 1347 694 tto.
1368 638 1398 695 ll.

1512 550 1521 577 l

1831 648 1881 705 mu

246 751 325 822 Quod
343 750 393 815 ait,
409 748 474 804 ideo
485 747 554 813 dieo,
570 748 604 804 atl
622 747 762 818 superiora
788 747 909 820 respicit,
936 749 961 803 id
979 758 1038 813 est,
1053 752 1080 812 Α
1092 763 1151 804 ratu
1164 747 1268 804 reniret
1283 764 1381 819 corpus
1401 757 1529 812 restrum.
1548 765 1581 809 et
1600 749 1651 807 ltoe
1667 751 1779 825 intelligi
1794 769 1882 825 potest

244 844 310 900 ideo
324 839 515 911 temporalium
530 839 739 895 sollicitudinem
752 846 824 905 reto,
842 856 875 894 uu
893 854 954 895 curn
969 838 1038 893 diri·

245 937 319 992 tibus
338 932 429 995 saeculi
444 931 521 994 tubis
540 932 724 986 thomaricum
739 930 949 986 eottrinmmini.
969 930 1039 999 Ergo

244 1027 317 1099 tprroel
328 1024 455 1084 omnilnrs
474 1032 569 1078 natura
585 1022 690 1087 ιιιιιιιιι,
703 1032 731 1077 ct
739 1022 869 1092 iumentis
882 1036 914 1078 ao
930 1022 1036 1086 bestiis,

245 1117 401 1173 lmminiltus
414 1128 522 1185 qumque
537 1125 681 1169 marianne
700 1121 742 1168 eet
754 1130 761 1165 :
774 1110 854 1180 utrius
877 1125 943 1166 eura
956 1105 1040 1180 perri-

245 1219 288 1264 tus
312 1207 469 1262 liberamur.
499 1205 553 1262 Sed
583 1204 739 1274 precipitur
766 1203 845 1258 noina
868 1218 901 1257 no
930 1199 1038 1256 solliciti

244 1299 330 1354 sitinus
349 1297 413 1367 quid
434 1296 620 1359 comedantuu,
637 1295 699 1364 quia
713 1294 740 1348 in
756 1293 854 1348 auclore
873 1294 963 1348 teritus
974 1306 1040 1360 prm

245 1405 372 1459 par-arnus
386 1388 464 1444 noins
481 1402 588 1457 pentem.
607 1386 697 1440 Labor
710 1386 878 1441 exerceo-due
893 1392 945 1448 est,
966 1383 1039 1437 sitili-

244 1482 336 1537 citudo
351 1480 478 1536 tollenda.
501 1479 559 1534 lloe
577 1479 650 1548 quod
666 1478 785 1533 dieitur:
805 1475 845 1530 Ne
859 1475 966 1529 solliciti
980 1475 1036 1529 nitio

244 1572 339 1625 aunan
363 1581 454 1624 restra
470 1569 533 1639 qaid
548 1568 700 1630 comedatis,
726 1584 808 1639 neque
820 1567 924 1638 corpori
940 1575 1035 1631 uestro,

239 1657 306 1735 ¹‹puid
328 1662 489 1725 induamini,
512 1662 546 1716 de
558 1660 661 1716 canati
674 1660 735 1714 cibo
750 1668 778 1715 el
788 1659 948 1712 restituente
964 1658 1038 1712 aeci-

244 1755 359 1824 piamus.
381 1751 516 1807 Caeterum
529 1750 563 1804 ele
574 1748 742 1820 spiritalibus
756 1749 827 1806 cibis
844 1757 872 1806 ot
887 1747 1037 1810 testimen-

244 1845 279 1901 ιιι
292 1858 400 1913 semper
417 1842 617 1905 debemusesse
632 1839 750 1896 solliciti.

281 1931 476 1986 Nonneonima
494 1929 553 2000 plus
568 1938 604 1985 eet
622 1945 701 2000 quam
719 1945 787 1993 eaeo,
809 1938 832 1984 et
849 1945 943 1998 eorpus
959 1944 1038 1999 qaum

1091 838 1206 907 quodsi
1229 839 1331 894 curetis
1352 847 1379 894 ct
1400 839 1488 897 velitis
1511 840 1630 910 atliieere
1655 859 1737 902 unum
1761 846 1881 904 cubitum

1090 930 1155 990 lutie
1177 938 1297 996 statura,
1321 946 1373 986 non
1394 932 1516 1001 potestis.
1537 933 1576 988 illi
1591 950 1657 1006 ergo
1676 937 1759 998 ctiam
1775 944 1881 1012 tegenti}

1090 1022 1211 1092 eorporis
1223 1039 1316 1078 curam
1330 1024 1484 1094 relinquite,
1498 1025 1575 1094 eujus
1587 1027 1693 1084 ridetur
1704 1045 1767 1088 cnm
1781 1030 1891 1089 lactturn

1090 1128 1151 1169 esse
1164 1123 1193 1170 ut
1205 1123 1285 1170 tantae
1303 1125 1414 1173 smturu·
1433 1132 1532 1188 eorpus
1545 1118 1677 1175 habeatis.
1694 1120 1816 1177 Dandum
1830 1140 1879 1176 :rir-

1091 1215 1145 1260 tem
1157 1213 1217 1260 erat
1229 1207 1419 1264 documentum
1435 1208 1516 1265 etiam
1529 1212 1786 1281 propterrcstiturn‚
1801 1214 1880 1268 sicuti

1090 1294 1185 1350 datum
1206 1304 1249 1351 est
1270 1305 1380 1367 propter
1405 1296 1572 1358 alimentum.
1593 1298 1688 1370 ltaque
1709 1303 1831 1370 seqrdtrn·
1854 1313 1881 1357 et

1090 1385 1170 1440 dicit:
1530 1443 1535 1460 ,

1126 1475 1296 1530 Considerate
1313 1475 1369 1531 lilia
1386 1479 1454 1549 apri,
1477 1481 1607 1550 quornodo
1621 1492 1754 1544 crearunt,¹
1768 1500 1819 1536 non
1842 1483 1879 1536 la·

1089 1561 1193 1628 borant,
1217 1581 1298 1636 troque
1316 1577 1377 1621 uerri
1412 1567 1464 1622 Sed
1483 1568 1534 1624 istu
1552 1569 1713 1625 documenta
1737 1587 1789 1624 turn
1811 1572 1881 1625 sicut

1090 1652 1233 1724 allegorico
1248 1654 1414 1710 discutienda
1430 1665 1503 1719 sunt.
1519 1668 1549 1714 ut
1559 1673 1712 1727 auterannus
1722 1660 1784 1729 quid
1796 1661 1881 1732 signi·

1089 1737 1174 1800 scuit
1190 1760 1255 1799 arcs
1277 1744 1349 1812 cmii,
1364 1756 1411 1801 aut
1424 1747 1477 1801 lilia
1492 1748 1549 1820 agri
1564 1767 1570 1801 :
1587 1750 1674 1819 posita
1687 1760 1751 1806 sum
1766 1753 1837 1806 enim
1851 1761 1882 1807 ut

1089 1834 1215 1896 derebus
1231 1836 1380 1894 minoribus
1394 1838 1495 1909 nttrjorn
1509 1842 1745 1910 persuaderentur.

1123 1927 1191 1983 Dico
1211 1930 1396 1993 octontuta,
1415 1931 1539 2002 querelem
1560 1949 1605 1987 rn‘c
1626 1931 1751 1987 Salomon
1770 1932 1880 1988 inomni

242 2018 672 2092 uestimentum?(llieron.)Quod
682 2019 757 2083 dicit,
766 2017 917 2080 istiusmodi
928 2026 980 2088 eet,
991 2017 1042 2086 qui
1089 2016 1174 2089 pieria
1198 2035 1247 2080 aua
1264 2030 1399 2090 coopertae
1419 2012 1459 2074 eat
1477 2022 1544 2075 sicat
1563 2038 1642 2074 urnam
1665 2038 1697 2076 ex
1719 2024 1785 2076 istie.
1806 2022 1882 2093 (llio-

243 2112 348 2182 majora
368 2111 495 2181 praestitit
512 2110 627 2180 ,utique
644 2110 751 2164 minora
771 2108 920 2180 praetulit.
945 2106 1044 2179 (itan).
1054 2100 1079 2164 Β
1090 2111 1161 2183 ren.)
1173 2113 1207 2167 Et
1221 2129 1325 2174 revera,
1342 2113 1413 2182 qrrorl
1425 2113 1553 2175 sericum,
1569 2127 1629 2181 utrm
1642 2125 1735 2181 regum
1749 2128 1881 2182 purpura,

241 2203 417 2262 Admonetot
432 2198 1039 2270 metatoertmosriranoampttasaolistteom
1091 2220 1151 2280 qun
1173 2205 1279 2275 pictura
1303 2206 1447 2261 textricum
1469 2212 1559 2276 potest
1579 2202 1689 2258 floribus
1708 2196 1884 2273 eornparari?

242 2294 361 2362 dedisse,
372 2293 504 2363 quoduos
516 2291 580 2348 lecit
590 2291 777 2362 eteornposuit
789 2305 823 2345 ox
836 2291 926 2346 namra
941 2297 1040 2348 etcor-
1090 2298 1161 2368 Quid
1180 2299 1218 2353 ita
1234 2301 1313 2356 rulrct
1330 2307 1359 2356 nt
1376 2298 1456 2354 rosa?
1478 2296 1551 2363 Ouid
1566 2296 1604 2352 ita
1629 2297 1726 2354 catrdet
1738 2306 1767 2352 ut
1780 2297 1883 2351 liliam?

242 2402 321 2459 pore,
333 2403 413 2458 quam
428 2379 471 2442 eet
484 2386 641 2441 alimentum
657 2396 685 2440 et
701 2394 894 2457 tegumentum.
911 2385 943 2442 t'r
953 2383 1039 2443 intel·
1090 2389 1175 2447 tiata
1191 2406 1257 2446 vera
1272 2405 1422 2462 purpuram
1434 2390 1508 2448 nullo
1524 2393 1644 2461 superari
1661 2390 1772 2454 ainrico,
1789 2387 1882 2444 oeulo-

242 2478 313 2550 ligas
331 2493 393 2534 eum
410 2479 456 2549 qui
477 2477 550 2533 dedit
565 2478 693 2542 anianum,
716 2476 800 2530 rrtrrlto
821 2475 926 2531 lucilius
947 2490 1038 2530 cecam

241 2569 452 2645 eateduturum.
467 2567 599 2623 Similiter
610 2583 673 2622 eum
685 2567 731 2637 qui
743 2582 841 2636 corpus
853 2566 937 2650 dedit,
954 2565 1040 2621 inuito

242 2658 351 2715 lucillus
370 2660 496 2715 daturum
510 2673 571 2714 esse
588 2658 789 2714 vestimentum.
805 2656 864 2725 Quo
877 2657 937 2713 loco
953 2657 1038 2727 quari

240 2754 313 2809 solet
338 2761 429 2808 utrum
449 2754 486 2808 ael
504 2753 624 2807 animam
644 2753 721 2808 cibus
744 2752 797 2806 iste
818 2751 963 2821 pertineat,
977 2765 1039 2805 eum

241 2843 334 2898 aalma
356 2844 518 2914 incorporea
540 2841 586 2905 sit,
603 2841 679 2898 cilius
700 2848 791 2893 autem
813 2839 864 2898 iste
879 2853 1037 2908 corporeus.

242 2932 299 2990 Sed
319 2934 438 2992 animam
453 2934 505 2992 hoc
524 2931 584 2987 loeo
599 2945 649 3000 pro
665 2931 718 2984 ista
733 2930 786 2984 rita
799 2930 916 2999 positam
931 2928 1039 2984 treveri-

240 3041 314 3093 mus,
331 3026 409 3099 cujus
423 3024 602 3081 retinaculum
621 3032 663 3080 est
681 3023 839 3077 alimentum
857 3020 929 3076 istud
943 3036 1039 3093 corpo·

239 3132 329 3192 reputt
353 3114 508 3170 Secundum
530 3116 599 3168 lianc
623 3112 849 3183 significationem
873 3113 974 3168 dietum
998 3119 1040 3167 est

237 3207 325 3262 οιιιιιιι
343 3204 427 3259 illutl:
446 3204 497 3271 Qui
516 3213 588 3257 ornat
607 3204 721 3258 animant
741 3219 827 3269 ruam,
854 3203 943 3273 perdet
965 3200 1038 3256 illam

239 3295 336 3371 (loon.
357 3294 419 3366 xit).
446 3293 522 3362 Qtrod
548 3295 602 3350 nisi
629 3294 662 3348 ‹le
684 3294 736 3348 hae
757 3293 812 3348 rita
840 3292 1037 3363 acciperemus,

240 3402 324 3461 quam
339 3393 448 3458 oportet
469 3399 519 3455 pro
539 3399 623 3456 regno
637 3383 684 3439 Dei
700 3384 824 3457 perdere,
838 3382 909 3454 qaod
919 3384 1039 3455 potuisse

1090 2494 1150 2536 rum
1166 2479 1253 2550 tnagis
1265 2494 1347 2548 qttatn
1362 2494 1517 2536 scrtttouum
1528 2477 1660 2546 judicium
1675 2486 1726 2534 est.

1125 2568 1155 2623 st
1166 2577 1254 2623 autent
1266 2568 1355 2637 [etrum
1368 2569 1437 2640 apri,
1450 2567 1521 2638 quod
1532 2567 1609 2626 lrodie
1621 2578 1670 2633 eet,
1690 2577 1714 2623 et
1726 2584 1784 2622 cros
1795 2568 1822 2620 in
1835 2566 1882 2619 cli-

1090 2659 1187 2713 itanum
1203 2660 1326 2725 emittitur,
1339 2659 1409 2715 Beue
1421 2661 1459 2714 ιιι
1473 2660 1555 2726 restit,
1570 2671 1668 2731 aeternio
1680 2660 1762 2731 acopis
1777 2676 1820 2713 eos
1833 2660 1882 2714 rni-

1091 2750 1168 2806 nt'nne
1183 2749 1266 2818 fidei?
1286 2747 1353 2806 Crat
1373 2751 1400 2805 in
1422 2750 1568 2822 stilponis
1583 2750 1702 2807 futurum
1717 2761 1821 2821 ternpus
1839 2752 1881 2805 ln·

1092 2838 1232 2908 telligilur,
1253 2840 1360 2898 dicente
1372 2839 1477 2897 locuit:
1494 2841 1529 2896 Et
1544 2843 1667 2897 exaudiet
1682 2860 1722 2897 me
1732 2860 1791 2897 crae
1801 2844 1883 2913 justi-

1089 2932 1126 2985 tia
1138 2947 1196 2985 mea
1210 2928 1290 3001 (Gen.
1306 2930 1381 3006 xxx).
1399 2932 1432 2988 tlt
1443 2933 1469 2988 iu
1486 2932 1620 2989 Sarnnciis
1634 2934 1822 3003 phantasmate
1834 2949 1883 3005 py-

1091 3022 1213 3078 thonissa
1225 3023 1345 3093 loquitur
1355 3024 1388 3078 ad
1400 3023 1508 3080 Saulem
1519 3024 1600 3080 :cras
1610 3027 1661 3080 eris
1673 3042 1771 3079 atreum
1784 3024 1808 3096 (l
1817 3025 1880 3095 llus.

1089 3112 1198 3182 aretin).
1220 3112 1294 3169 Talis
1319 3122 1409 3169 autem
1431 3124 1474 3170 est
1495 3131 1609 3171 sensus:
1624 3115 1652 3169 Si
1673 3118 1756 3179 enirn,
1778 3115 1881 3185 inquit,

1089 3205 1267 3275 germinantia
1284 3212 1373 3270 terren,
1389 3221 1448 3273 qum
1458 3207 1496 3260 ml-
1506 3206 1647 3275 presentis
1660 3206 1789 3282 temporis
1803 3223 1881 3261 usum

1090 3294 1279 3352 tantummodo
1297 3294 1444 3364 pertinent,
1459 3303 1486 3348 et
1499 3296 1554 3350 cito
1569 3297 1680 3364 decidua
1696 3295 1757 3367 igne
1769 3310 1882 3354 oerore-

1091 3383 1259 3450 utebantur,
1286 3392 1341 3440 taor
1367 3394 1481 3441 renusta
1514 3386 1604 3455 speeie
1631 3386 1752 3445 omnium
1786 3386 1882 3441 artilex
1947 3440 1959 3455 ,

241 3491 378 3554 martyres
400 3480 508 3546 claruit,
534 3479 700 3535 contrarium
724 3480 776 3533 lroc
800 3460 963 3550 preceptum
986 3479 1038 3533 crit
1052 3451 1074 3513 C
1090 3477 1216 3542 odorum,
1232 3484 1335 3547 qunato
1359 3478 1445 3547 arogis
1468 3494 1527 3544 ros,
1551 3479 1596 3547 qui
1615 3479 1650 3534 ad
1665 3477 1811 3552 imaginem
1835 3481 1882 3534 lici

241 3567 772 3642 iiiisententlmrpnaelietunrest:Qnid
789 3567 1040 3622 orodertinorninier‘
1089 3567 1175 3623 creati
1195 3567 1270 3632 estis,
1299 3575 1326 3622 et
1346 3568 1380 3622 ad
1394 3577 1523 3625 aeternam
1548 3568 1733 3629 hereditatem
1754 3569 1782 3627 in
1807 3571 1883 3629 coelis
1951 3591 1953 3596 ·

241 3672 327 3720 totum
340 3660 816 3726 mundumliceretur,unimnautem
830 3660 1039 3715 ruedetrimen-
1088 3657 1245 3727 pertinetis,
1271 3658 1391 3715 auctoris
1412 3659 1497 3714 rostri
1521 3661 1639 3730 provisio
1666 3661 1693 3716 ia
1719 3662 1883 3719 necessariis

241 3764 299 3809 tttm
311 3751 392 3822 faciat
407 3750 513 3825 (llattle.
527 3751 596 3824 xri).

272 3842 407 3914 Respieite
420 3841 537 3897 volatilia
550 3842 621 3909 cati,
631 3843 755 3915 quoniam
768 3859 821 3898 nort
835 3854 936 3910 terunt,
957 3859 1038 3914 raeque
1125 3838 1153 3892 N
1154 3841 1216 3896 olt’le
1227 3840 1334 3896 solliciti
1343 3858 1411 3911 este,
1423 3841 1538 3898 dicentes
1548 3857 1558 3897 ἔ
1569 3844 1640 3911 Quid
1651 3845 1881 3909 mammillam.

240 3947 357 4002 metunt,
373 3952 455 4007 neque
469 3945 628 4007 rennuentem
645 3937 673 3991 ιιι
693 3937 798 4002 ltorrea,
818 3946 844 3991 et
860 3932 942 3991 Pater
957 3946 1039 3991 uerter
1088 3938 1134 3983 aul
1154 3931 1218 4003 quid
1238 3930 1364 3999 ottoniae,
1385 3941 1432 3989 ant
1453 3950 1506 4004 que
1527 3918 1694 4004 operiemur?
1707 3934 1814 4006 (Bada.)
1826 3935 1881 3988 Na-

241 4028 352 4085 eoeleatie
362 4029 444 4099 parcit
457 4026 513 4082 illa.
529 4025 630 4100 (Hier.)
644 4026 712 4082 Sunt
727 4027 837 4098 quidam
849 4027 897 4098 qui
911 4027 975 4083 dum
991 4042 1037 4082 ro·
1088 4025 1201 4080 tantiam
1219 4026 1291 4095 quael
1312 4041 1365 4079 non
1380 4026 1418 4079 ait
1431 4040 1438 4078 ι
1452 4024 1542 4079 Nolite
1562 4016 1752 4093 qtraerere,'t·oi
1774 4026 1882 4081 solliciti

241 4119 303 4174 lunt
320 4110 451 4173 terroinos
467 4127 575 4188 patrum
590 4117 734 4183 excedere,
750 4125 778 4170 et
791 4117 823 4170 ael
841 4115 895 4171 alta
911 4115 1036 4181 volitare,
1088 4127 1150 4173 esse
1163 4114 1196 4168 de
1213 4114 1274 4168 cilio
1292 4153 1300 4178 ‚
1315 4121 1364 4167 aut
1377 4123 1453 4184 potu,
1468 4121 1515 4166 aut
1532 4114 1699 4177 indumento,
1713 4115 1760 4168 sed
1770 4130 1882 4183 expres·

240 4213 270 4269 in
292 4212 348 4268 ima
367 4219 538 4282 merguntur,
555 4208 675 4264 volatilia
698 4208 819 4264 dieentes
840 4208 903 4264 coeli
928 4207 1037 4281 angelos
1088 4202 1162 4259 sius:
1175 4202 1258 4272 Quid,
1275 4204 1372 4274 inquit,
1387 4203 1559 4270 martdueett‘a,
1578 4213 1624 4261 aut
1635 4205 1699 4275 quid
1715 4205 1817 4272 libatis,
1833 4216 1880 4262 ant

239 4322 322 4372 ease,
347 4314 515 4376 caeterasque
542 4304 571 4360 in
594 4303 641 4361 Dei
668 4302 820 4359 utiniutorio
849 4300 1037 4376 tortitudines,
1089 4293 1154 4366 quid
1166 4294 1322 4353 vestiamini.
1336 4293 1387 4351 titi
1402 4293 1468 4351 milri
1478 4294 1604 4350 videntur
1614 4295 1701 4367 argui,
1717 4297 1773 4365 qrri,
1789 4303 1881 4367 spreto

240 4412 303 4470 quae
322 4398 425 4468 absone
445 4411 510 4452 eura
531 4394 589 4462 sui,
610 4393 660 4449 Dei
680 4393 788 4456 aluntur
807 4391 986 4464 prouidentia.
1008 4390 1038 4451 Si
1087 4386 1160 4449 vieta
1183 4384 1226 4440 vel
1243 4384 1342 4461 vestitu
1360 4385 1509 4452 communi,
1529 4383 1643 4445 inodora
1662 4384 1713 4441 sihi
1728 4384 1770 4439 tel
1788 4391 1880 4440 auste-

239 4487 295 4544 ltoe
310 4486 347 4549 ita
358 4495 401 4543 est
411 4495 441 4542 ut
453 4485 569 4558 intelligi
583 4483 686 4551 rolant,
702 4483 839 4553 quomodo
859 4481 983 4554 sequitur
994 4481 1037 4537 tli-
1088 4477 1161 4536 riora
1184 4494 1240 4550 prm
1254 4478 1298 4541 liis
1316 4493 1378 4535 cum
1393 4478 1491 4549 artibus
1505 4479 1590 4541 ritum
1604 4478 1716 4546 demunt,
1735 4478 1876 4544 alimenta,

239 4584 318 4634 ctam
329 4577 365 4631 ael
379 4576 523 4639 immines:
542 4574 638 4630 Nonne
654 4572 793 4646 conpluris
808 4575 869 4628 eatis
880 4571 955 4626 illie?
967 4570 1038 4627 Sim·
1087 4569 1130 4627 vei
1147 4569 1317 4637 indumenta,
1332 4570 1485 4640 requirunt.

240 4667 353 4738 pliciter
377 4682 442 4741 ergo
467 4666 654 4739 accipiendum
679 4672 731 4722 est.
758 4665 836 4733 Quod
861 4664 885 4727 ei
907 4662 1036 4730 volatilia,
1123 4659 1189 4717 ttae
1202 4662 1272 4716 enim
1289 4662 1378 4716 omnia
1393 4670 1481 4733 penten
1502 4659 1648 4732 inquiram.
1663 4659 1777 4734 (litun)
1798 4659 1879 4716 Scili-

208 4766 213 4777 '
240 4758 346 4831 absque
371 4774 440 4818 cura
459 4756 654 4829 aerumnisque,
671 4756 718 4811 Dei
734 4754 845 4809 aluntur
856 4754 1036 4826 prouidentia,
1088 4759 1132 4806 eet
1144 4751 1242 4822 qtttltus
1252 4767 1318 4808 eura
1330 4750 1481 4807 futurorum
1495 4766 1548 4807 non
1562 4759 1616 4818 est,
1635 4752 1681 4807 secl
1694 4759 1798 4806 tantum
1812 4767 1880 4822 prar-

241 4848 399 4920 quaehodie
414 4856 487 4914 satit,
506 4856 610 4903 eteros
631 4862 684 4901 non
705 4853 797 4912 erant,
815 4861 930 4917 qtrorum
945 4847 1035 4902 anima
1048 4811 1210 4911 Damnatus
1234 4845 1342 4911 intenti,
1367 4853 1397 4899 ιιι
1420 4843 1500 4899 bruta
1527 4842 1667 4916 animalia,
1691 4843 1749 4897 lraec
1770 4850 1879 4897 terrena

239 4939 432 5005 mortaiiaest,
448 4948 551 4996 etcum
570 4954 631 4995 esse
650 4939 827 5005 cessaverint,
849 4952 960 5010 semper
980 4952 1034 4997 non
1087 4951 1195 5007 semper
1221 4944 1361 5007 appetunt.
1389 4935 1426 4991 De
1448 4935 1547 5006 autores
1566 4931 1702 5005 Propheta
1728 4932 1786 4986 ait:
1801 4931 1878 4987 Corri-

238 5040 332 5099 eruot,
347 5041 448 5102 quanto
467 5032 554 5105 magis
576 5031 710 5099 homines,
728 5030 826 5103 quibus
838 5030 978 5093 aeternitas
989 5046 1035 5091 rc·
1085 5027 1172 5098 parati
1185 5037 1246 5081 rum
1253 5023 1582 5098 jameatutneptmtttac
1594 5033 1618 5077 et
1630 5022 1728 5079 similes
1739 5023 1803 5094 sueti
1814 5034 1876 5080 runt

238 5122 424 5196 promittitur?
1085 5115 1139 5171 tttts
1153 5114 1239 5187 (ruat.
1251 5115 1356 5189 xtttu).

268 5210 1035 5285 Naumnosptartseouttttrtttap.)uocesteuortusros
1122 5207 1259 5264 Sdtertim
1277 5204 1360 5260 Pater
1375 5216 1468 5273 uerter,
1484 5207 1877 5279 euialiromniiuat'ndipetir.
1936 5191 1943 5206 ⁸

237 5306 349 5372 valetis,
360 5305 423 5375 quia
437 5306 529 5377 utique
545 5303 676 5361 rationale
687 5304 788 5360 aniraal
798 5305 878 5365 sicuti
889 5314 931 5361 est
941 5306 1034 5371 homo,
1088 5298 1204 5367 Querar
1218 5316 1279 5371 eruo
1292 5299 1406 5370 primum
1422 5317 1530 5371 reorum
1541 5299 1591 5356 Dei
1612 5308 1637 5355 ct
1652 5301 1786 5372 justitiam
1807 5301 1876 5370 ejus,

239 5399 384 5457 sublimius
405 5399 559 5455 ordinatum
577 5407 620 5454 est
633 5398 661 5452 in
676 5412 769 5455 retum
782 5405 888 5464 natura,
904 5411 987 5468 quam
998 5395 1037 5455 ir-
1086 5398 1111 5444 et
1136 5390 1191 5445 ittet
1213 5389 1301 5453 ontnia
1321 5389 1481 5461 adjicientur
1503 5389 1584 5445 volit.
1599 5389 1690 5462 (dap.)
1716 5388 1766 5443 liic
1792 5389 1876 5442 maui-

240 5490 437 5557 rationabilia,
452 5489 684 5545 sicutsuntares.
1086 5479 1232 5549 laetissime
1256 5478 1374 5535 ostetrdit
1397 5494 1451 5534 non
1475 5477 1534 5535 hac
1556 5494 1617 5534 esse
1641 5476 1790 5548 appetenda
1815 5484 1875 5528 tau-
1942 5470 1944 5479 '

277 5579 443 5646 Quiaautem
461 5581 794 5652 oestrumcopitarupoteu
811 5578 926 5651 adjicere
936 5578 971 5633 od
981 5585 1036 5635 tta-
1086 5586 1169 5641 quam
1191 5571 1254 5627 talia
1276 5571 1347 5633 berra
1370 5577 1473 5636 noema,
1497 5578 1526 5625 ut
1537 5578 1690 5641 propterea
1705 5567 1762 5637 ipsa
1776 5567 1876 5623 dcirca*-

237 5686 330 5731 trtront
353 5691 432 5731 suurn
452 5677 569 5731 cuidam
592 5691 685 5738 unum,
707 5683 732 5729 et
752 5674 784 5727 de
804 5674 954 5735 uestimento
972 5672 1036 5744 quid
1088 5680 1149 5721 mm
1162 5666 1231 5720 lene
1248 5664 1348 5728 facere,
1371 5664 1394 5720 si
1407 5664 1473 5735 quid
1493 5662 1618 5726 facimus,
1638 5660 1685 5716 §etl
1708 5667 1798 5713 lainssss
1817 5674 1876 5712 ⁰8⁵ss

237 5765 348 5823 rodiciti
360 5766 443 5822 ertia?
456 5766 485 5821 ld
499 5775 553 5833 est,
568 5765 644 5839 enjus
656 5771 791 5836 potestate
803 5771 886 5834 aupre
897 5763 1037 5821 dominatu
1087 5758 1251 5819 recessuum
1273 5755 1344 5825 Quid
1362 5758 1436 5815 euim
1457 5753 1565 5813 intersit
1587 5755 1658 5811 inter
1679 5752 1779 5807 bonam
1804 5751 1875 5820 quon

236 5862 344 5921 lactum
355 5870 397 5917 est
408 5870 439 5917 ut
454 5862 492 5917 aa.
505 5861 575 5919 hauc
587 5867 721 5915 staturam
735 5870 834 5933 corpus
844 5863 964 5911 restrum
976 5869 1038 5927 per-
1087 5851 1267 5922 appeteadum
1278 5858 1330 5917 est,
1340 5857 1368 5906 et
1379 5846 1561 5905 necessarium
1573 5845 1644 5916 quod
1655 5842 1815 5903 sumendum
1824 5851 1874 5904 eat,

237 5954 408 6019 duceretur,
437 5953 497 6022 eius
512 5949 682 6022 providentia
701 5948 784 6007 etiam
808 5945 902 6003 vestiri
924 5954 1035 6017 potent:
1087 5942 1140 5998 hae
1153 5941 1288 5998 sententia
1302 5938 1461 6006 declararit,
1476 5951 1538 5992 eum
1558 5937 1615 5995 ait:
1628 5933 1744 6000 Querite
1762 5934 1875 6003 prinrnn

237 6062 295 6103 uon
310 6054 403 6103 autent
416 6051 505 6101 restra
522 6057 587 6099 eura
602 6040 703 6099 iactuum
717 6046 760 6095 est
774 6047 805 6093 ut
819 6038 853 6094 ati
864 6037 935 6093 haue
949 6044 1037 6093 statu·
1088 6048 1195 6105 reanum
1215 6030 1264 6089 Dei
1276 6040 1300 6086 et
1308 6031 1442 6102 jucturam
1456 6029 1524 6098 ejus,
1541 6037 1564 6083 et
1577 6027 1632 6082 arc
1648 6027 1735 6085 orrtrria
1748 6023 1876 6094 adjicien·

1089 3750 1255 3818 procurabit,
1270 3758 1298 3805 et
1313 3750 1436 3809 nuditate
1450 3751 1563 3811 interire
1576 3768 1628 3808 non
1640 3754 1776 3825 patietur?
