4509 6850
968 622 1069 679 hlelt
1090 621 1133 676 DF.
1151 619 1322 680 cohaere.

1137 733 1275 802 Amicam
1301 732 1443 788 uardeeiaro
1471 728 1649 787 Kalendarum
1675 743 1756 801 supra
1783 737 1961 801 scriptoram,

606 735 719 794 carot
736 734 841 789 taxa

486 873 526 929 De
535 883 631 939 quartu
644 873 744 928 decima
756 873 819 926 lario
836 858 965 941 paschali.

366 1008 441 1066 Drsc.
455 1005 532 1061 Nurac
541 1003 609 1075 jam,
626 1006 652 1061 ni
666 1004 753 1070 lallor,
771 1005 845 1059 locus
854 1005 957 1074 expetit
966 1012 994 1058 et
1006 1003 1073 1058 ordo
1089 1012 1119 1056 ut

327 1103 364 1158 de
381 1108 480 1172 quarta
493 1099 598 1154 decima
617 1098 682 1153 iruna
699 1098 805 1168 paschae
825 1098 909 1162 dicas,
927 1112 987 1168 quia
1001 1106 1123 1151 uostmm

329 1189 435 1246 l'aseha
454 1190 634 1245 dearonstrat.
659 1187 728 1243 llio.
743 1188 826 1258 igitar
849 1190 886 1242 ita
906 1198 949 1243 est
962 1195 992 1242 ut
1012 1189 1121 1243 asseris.

329 1279 432 1351 Sextus
460 1279 596 1351 sepedicti
626 1278 719 1335 circuli
750 1279 824 1334 lutcus
846 1280 1018 1349 amplectitur
1046 1278 1124 1333 lunas

327 1363 444 1444 ¹tpuarr'tas
463 1371 583 1426 decimas
602 1369 683 1440 primi
704 1370 823 1435 mensis,
842 1369 940 1440 quibus
961 1377 1066 1425 veteres
1081 1383 1124 1426 se-

329 1461 449 1539 eundum
466 1460 552 1532 legem
573 1457 657 1530 hlaysi
676 1459 778 1514 Pascha
795 1460 984 1526 celebrabant;
1005 1460 1124 1529 ipseque

328 1539 443 1608 l'ascbae
463 1540 570 1606 Domini
592 1550 663 1605 diem
685 1551 799 1621 singulis
822 1544 1023 1621 autris'absqae
1049 1550 1122 1606 omni

330 1647 509 1715 ambiguitate
528 1644 717 1699 demonstrant
735 1642 906 1698 Christianis.
926 1643 1048 1714 Namque
1061 1652 1123 1714 post

329 1747 457 1812 quartam
480 1738 612 1793 decimam
636 1737 727 1802 lunam
751 1735 891 1790 Dominica
909 1735 966 1791 dies
992 1736 1122 1801 occurrit,

330 1831 388 1902 ipsa
416 1836 460 1884 est
482 1827 617 1898 paschalis
642 1827 789 1881 bonaiaiee
821 1826 1028 1881 resurrectionis
1054 1827 1122 1882 dies.

328 1921 395 1992 Qirae
416 1920 524 1990 quidem
545 1927 641 1990 quarta
661 1918 764 1972 decima
783 1917 845 1970 bum
861 1917 975 1986 primum
993 1917 1020 1971 ia
1040 1905 1123 1987 mairi-

329 2014 434 2076 aoctio,
451 2013 476 2066 id
493 2021 544 2075 cst,
561 2011 587 2065 in
606 2009 764 2064 duodecima
781 2008 961 2062 lialcrularum
979 2008 1121 2077 Aprilium,

1909 615 1962 675 ill

1175 825 1245 879 sieut
1264 837 1336 892 saepe
1356 824 1524 886 dictumest,
1547 822 1673 892 proprius
1687 830 1729 877 est
1752 823 1872 877 ominium
1888 823 1964 880 beas

1174 923 1339 985 epactarum.
1359 912 1407 966 Sia
1431 919 1521 967 autem
1540 913 1680 981 pauciores
1705 920 1769 967 suat
1790 921 1901 983 epacte,
1924 915 1965 969 di-

1173 1005 1262 1059 mittat
1273 1019 1321 1058 eus
1334 1018 1459 1058 crescere
1473 1018 1522 1073 per
1537 1004 1595 1058 dies
1609 1018 1694 1072 usque
1707 1003 1769 1058 (bum
1780 1012 1906 1074 quianam
1919 1006 1966 1060 tle-

1174 1096 1274 1151 eimum
1290 1096 1422 1166 impleant
1434 1111 1592 1159 numerum;
1608 1105 1635 1150 et
1649 1095 1686 1150 ibi
1699 1111 1728 1151 se
1746 1096 1837 1151 lunam
1854 1097 1965 1154 Paschae

1174 1198 1300 1262 quartam
1318 1190 1451 1245 decimam
1467 1188 1568 1244 babere
1580 1204 1634 1243 aou
1650 1188 1763 1244 dubitet.
1780 1189 1864 1244 Porro
1872 1190 1965 1260 plures

1174 1284 1352 1354 quiardeaario
1373 1297 1487 1340 nuarcro
1509 1283 1532 1338 si
1555 1283 1680 1338 babaerit
1708 1293 1834 1354 epactas,
1863 1294 1891 1340 et
1915 1286 1965 1340 has

1174 1391 1261 1447 usqrre
1273 1377 1308 1432 ad
1320 1377 1487 1431 tricesimum
1500 1389 1652 1438 uulnerum,
1669 1375 1696 1429 id
1710 1383 1759 1438 est,
1775 1376 1859 1447 ipsius
1870 1376 1964 1432 termi-

1174 1483 1240 1523 num
1260 1469 1372 1533 mensis,
1389 1483 1437 1538 per
1457 1467 1515 1522 dies
1525 1479 1649 1521 crescere
1665 1466 1746 1522 sinat.
1767 1466 1800 1521 Et
1813 1467 1880 1522 sica
1895 1481 1964 1522 nora

1174 1561 1237 1614 traua
1258 1560 1397 1625 inchoans,
1424 1570 1611 1628 atqueaeque
1631 1559 1665 1612 ad
1686 1566 1810 1628 quartam
1833 1560 1965 1615 decimam

1175 1651 1318 1706 exordiae
1331 1666 1503 1721 percenseas,
1520 1651 1591 1705 diem
1607 1650 1677 1706 rotis
1689 1650 1862 1721 paschalibus
1874 1661 1965 1721 aptum

1175 1746 1227 1802 rite
1240 1747 1365 1816 reperiet.
1385 1744 1481 1801 Sedet
1497 1747 1549 1801 boe
1567 1745 1714 1801 notandum
1729 1746 1791 1815 grtia
1807 1757 1906 1815 quarta
1921 1746 1968 1800 de-

1176 1834 1245 1889 cima
1259 1835 1338 1898 luna,
1353 1836 1376 1889 si
1391 1835 1543 1890 communis
1557 1842 1599 1890 est
1612 1849 1716 1898 aurius,
1732 1836 1857 1890 undecim
1871 1836 1967 1890 diebus

1175 1925 1266 1994 prius;
1288 1926 1310 1979 si
1323 1941 1387 1981 rero
1400 1926 1585 1989 embolismus,
1606 1927 1697 1981 decem
1714 1935 1742 1981 et
1761 1940 1858 1981 norem
1873 1927 1969 1982 diebus

1176 2018 1282 2074 tardius
1292 2034 1373 2088 quam
1384 2019 1553 2090 praeoedeute
1566 2034 1637 2073 anno
1650 2019 1795 2073 transierat
1808 2032 1916 2089 semper
1925 2034 1969 2074 rc-

329 2105 454 2159 ultimum
476 2097 608 2157 vicesimo·
627 2102 689 2155 anai
704 2101 738 2154 ab
752 2100 816 2154 hiae
832 2100 885 2164 die,
905 2101 931 2154 id
951 2108 1004 2165 est,
1026 2109 1123 2170 quinta
1139 2097 1162 2158 B
1176 2109 1234 2167 dire
1249 2112 1398 2180 consuevit,
1421 2117 1534 2180 excepto
1549 2125 1602 2164 arno
1621 2110 1753 2164 duntaxat
1770 2109 1858 2180 primo
1876 2110 1969 2164 circuli

330 2194 435 2250 tleciraa
458 2193 640 2247 Kalendarum
661 2191 807 2255 liniarum,
828 2203 905 2244 staura
928 2206 1041 2260 uespere
1064 2205 1126 2260 pro-

329 2299 437 2340 oessuur
449 2284 475 2338 ia
490 2285 570 2339 terris
581 2283 710 2337 ostendit.
726 2282 829 2348 eribus
841 2281 964 2336 terminis
979 2297 1027 2351 per
1039 2297 1125 2337 aarms

330 2375 415 2444 denos
440 2385 468 2430 et
492 2389 614 2430 novenos
633 2373 711 2444 legali
737 2381 858 2442 tempore
871 2373 1012 2442 paschalis
1032 2374 1127 2427 obscr-

330 2467 431 2522 mutia
447 2467 585 2522 discursus
608 2472 716 2519 coastat
735 2479 795 2519 esse
814 2464 1034 2533 comprehensas.
1050 2461 1083 2518 Et
1103 2465 1126 2519 si

332 2559 392 2615 fleri
402 2559 491 2630 possit
504 2565 534 2613 ut
549 2559 644 2613 eadem
662 2558 787 2612 omnibus
801 2556 880 2611 arlais
894 2556 999 2611 sabbati
1010 2557 1052 2610 die
1063 2555 1127 2610 luna

329 2645 428 2724 quana
453 2651 558 2707 decima
583 2650 750 2721 contigisset,
775 2649 840 2704 nibil
866 2658 966 2704 nostra
990 2649 1126 2728 paschalis

330 2743 512 2799 observantia,
525 2752 632 2811 tempas
646 2755 661 2794 a
677 2740 755 2810 legali
767 2739 943 2809 discreparet.
956 2738 1023 2792 Nam
1037 2747 1064 2794 et
1074 2738 1126 2808 ipsi

328 2835 407 2908 lauta
430 2831 497 2904 legis
515 2832 605 2887 edicta
619 2847 727 2901 semper
741 2839 837 2900 ‹prrarta
850 2830 953 2884 decima
968 2829 1029 2882 luna
1045 2829 1127 2897 primi

331 2914 435 2980 mensis
447 2923 481 2977 ad
495 2937 635 2993 vesperam
651 2919 822 2975 immolantes
836 2929 864 2974 et
877 2918 1050 2974 comedentes
1065 2919 1126 2988 agai

331 3013 464 3078 immolati
478 3028 605 3077 comem,
623 3011 835 3083 sanguinemque
854 3010 926 3064 illius
945 3010 978 3063 a'd
995 3008 1126 3078 repellen-

332 3107 397 3162 rlum
419 3107 658 3190 exterminatorem
681 3104 781 3159 nostris
799 3102 922 3174 postibus
944 3109 1126 3171 aspergentes,

333 3197 359 3254 id
375 3206 431 3263 est,
445 3198 572 3268 baptismi
586 3205 614 3251 et
629 3194 796 3264 paschalium
812 3194 981 3250 celebrantes
995 3192 1126 3248 solemnia

333 3288 491 3352 missarum,
509 3288 657 3359 spiritalem
673 3299 861 3357 superaremus
876 3285 1034 3357 AEgyptam,
1047 3296 1128 3355 atque

1174 2185 1421 2257 decennovennalis
1440 2216 1529 2268 anno,
1558 2201 1586 2255 ia
1607 2216 1681 2271 quo,
1701 2210 1812 2272 propter
1837 2201 1970 2256 rationem

1175 2294 1262 2349 saltus
1278 2294 1397 2356 lunaris,
1413 2294 1555 2349 duodecim
1570 2294 1666 2350 diebus
1681 2294 1843 2348 annotinum
1857 2307 1967 2350 cursum

1176 2401 1338 2458 percurrere
1351 2386 1428 2439 solet.
1446 2385 1594 2452 Quaerenda
1606 2392 1649 2440 ost
1658 2384 1742 2455 igitur
1754 2385 1882 2439 natiaitas
1900 2383 1970 2440 lauat

1178 2487 1282 2550 quartae
1303 2473 1414 2533 decimae
1429 2475 1463 2529 ab
1480 2484 1577 2531 octaro
1598 2475 1690 2530 iditum
1714 2475 1869 2530 Martiarum
1885 2489 1970 2544 usque

1178 2571 1204 2626 ia
1218 2567 1310 2624 Nonas
1320 2567 1431 2638 Aprilis,
1442 2582 1501 2637 quae
1515 2567 1595 2638 primi
1606 2566 1708 2623 mensis
1720 2579 1850 2622 aororum
1862 2565 1971 2621 initium

1177 2660 1304 2715 ostendit.
1320 2658 1341 2712 A
1355 2658 1515 2714 duodecimo
1527 2673 1593 2712 vero
1604 2656 1663 2711 ilai.
1679 2656 1780 2727 Aprilis
1794 2671 1878 2726 usque
1889 2671 1971 2727 quar·

1178 2759 1236 2806 tum
1252 2750 1384 2804 decianam
1403 2747 1463 2802 lial.
1484 2747 1561 2810 hiaii,
1584 2750 1610 2802 iu
1629 2763 1791 2818 quacunque
1805 2755 1903 2817 quauta
1923 2749 1970 2804 de-

1178 2841 1249 2895 eima
1269 2839 1331 2894 laaa
1353 2837 1511 2903 accurrerit,
1533 2838 1591 2908 ipsa
1612 2837 1645 2891 ad
1659 2837 1869 2893 celebrationem
1883 2840 1970 2894 sancti

1176 2929 1289 2986 Paselree
1303 2935 1440 3001 perducet.

1438 3025 1552 3118 carue
1571 3061 1699 3116 uxama.

1390 3168 1456 3223 lteat
1475 3167 1549 3223 atiud
1567 3179 1760 3241 argumentum.

1207 3281 1263 3336 ‚Est
1280 3281 1362 3335 etiam
1381 3280 1433 3334 alia
1452 3281 1523 3334 ratio
1545 3281 1662 3351 giralitcr
1682 3280 1816 3336 terminus
1834 3280 1969 3351 paschatis

334 3377 510 3435 illucescente
538 3395 615 3434 urarre
639 3379 665 3433 ia
694 3378 756 3432 ham
778 3378 871 3448 qrriata
899 3378 1001 3434 decima
1027 3377 1129 3435 mensis
1180 3373 1295 3430 inveniri
1306 3371 1401 3446 possit.
1416 3373 1527 3429 hlartius
1541 3374 1623 3429 habet
1637 3373 1776 3445 regulares
1790 3373 1900 3448 triginta
1912 3389 1970 3439 sex,

334 3476 578 3549 ejusdempriarum
587 3493 742 3549 azyaaorata
753 3476 823 3529 diem
834 3476 1006 3537 intraremus,
1015 3485 1129 3545 septem·
1142 3450 1165 3512 C
1179 3465 1281 3536 Aprilis
1291 3466 1400 3536 triginta
1412 3466 1541 3537 quinque·
1556 3464 1584 3520 Si
1597 3466 1637 3519 vis
1651 3466 1773 3521 invenire
1787 3466 1931 3521 terminum
1943 3466 1970 3520 in

335 3584 387 3639 qaue
415 3566 475 3622 dies
502 3566 623 3636 ejusdcm
650 3566 818 3622 celebritatis
847 3566 981 3636 legitimos
1005 3582 1019 3619 a
1051 3582 1130 3622 mane

335 3660 421 3733 quinti
439 3661 536 3716 decimi
552 3660 604 3715 ‹tiiai
618 3675 703 3729 usqae
718 3660 743 3713 ia
758 3674 899 3728 uesperam
916 3658 1035 3713 uicesimi
1049 3659 1129 3729 primi

335 3755 438 3823 mensis
453 3754 548 3823 ipsius,
564 3753 590 3807 id
611 3762 669 3817 est,
686 3769 700 3805 a
718 3752 857 3806 Doirriaico
872 3750 984 3805 l’aselrm
1003 3764 1087 3819 usaue
1101 3750 1128 3804 ia

338 3842 506 3921 Dominicuat
535 3852 660 3900 octauum
690 3844 802 3898 Paschae
835 3842 925 3897 debita
955 3841 1129 3897 ueneratione

338 3936 544 4013 compleremus.
563 3940 615 3995 sea
631 3940 759 4010 qrrorriaar
775 3938 844 3993 luam
858 3939 916 3993 dies
934 3938 1028 3992 eadem
1043 3936 1131 3991 direr-

338 4048 378 4090 tts
395 4034 557 4111 septimarum
573 4034 726 4088 ilcrtalritar
744 4033 770 4087 ia
795 4031 887 4097 lerias,
909 4032 935 4087 id
953 4041 1010 4095 est,
1035 4039 1064 4085 ut
1083 4031 1129 4101 tpri

340 4133 445 4195 propter
456 4124 683 4180 resurrectionem
700 4124 783 4179 aostri
794 4123 982 4193 Redernptoris
997 4122 1023 4178 ia
1038 4121 1130 4193 Douri-

342 4217 425 4273 uicum
436 4218 510 4275 dictu
526 4216 636 4273 Paschae
652 4218 758 4272 initium
774 4232 912 4271 reservare
924 4216 1062 4278 doceruur,
1081 4212 1131 4267 ali-

340 4310 441 4375 amites
459 4292 552 4363 nostra
572 4308 704 4365 insibilas
719 4302 836 4378 saptiam
852 4315 912 4377 post
926 4306 1051 4377 legalium
1067 4318 1131 4374 azy·

341 4408 441 4457 thorum
461 4398 602 4453 exordium
616 4400 660 4454 die
673 4408 762 4454 sirrrrat
779 4398 941 4467 ingressum.
959 4394 1017 4449 Non
1039 4408 1129 4449 taurea

339 4498 457 4563 unquam
468 4490 609 4560 corrtiugat
620 4499 648 4543 at
659 4505 710 4543 aoa
723 4497 813 4544 austra
826 4489 982 4543 solemnitas
994 4486 1131 4558 paschalis

334 4574 453 4651 aliipreur
467 4578 593 4647 legalium
605 4576 716 4655 Paschae
727 4570 843 4643 itteram,
859 4594 929 4649 saepe
942 4587 1031 4634 autem
1043 4578 1131 4632 orrrnis

328 4662 404 4726 ¹'tttra
421 4687 452 4726 se
467 4670 674 4739 coarplcetatur.

604 4800 718 4857 cauea
742 4800 860 4855 uasat.
953 4768 955 4773 ’
994 4858 996 4861 ,

404 4898 597 4981 Argumentum
611 4911 643 4964 de
658 4913 748 4965 cerdera
764 4911 827 4965 lurra
842 4923 935 4982 peraeta
948 4913 1057 4966 decima.

362 5022 446 5079 oisc.
467 5023 534 5077 Crura
554 5033 658 5093 quiante
674 5025 786 5079 decimae
803 5026 873 5079 liturae
892 5026 1023 5080 rationem
1041 5025 1132 5089 danes,

1181 3556 1278 3614 Alartio
1295 3567 1342 3612 aut
1359 3558 1466 3628 Aprile,
1481 3558 1613 3613 subtrahe
1624 3559 1658 3613 de
1674 3559 1741 3628 ipsis
1754 3557 1924 3630 regularibus
1945 3560 1972 3613 iu

1181 3664 1234 3719 quo
1257 3664 1349 3705 nacuse
1374 3665 1390 3703 e
1414 3650 1518 3704 duobus
1535 3657 1694 3718 computare
1710 3650 1750 3705 ris
1769 3658 1893 3720 quacum
1912 3665 1972 3720 quae

1180 3740 1275 3796 eodem
1289 3756 1359 3795 anuo
1373 3741 1473 3806 currit;
1490 3740 1549 3795 etsi
1562 3740 1623 3809 plus
1636 3740 1746 3811 triginta
1760 3740 1897 3808 habueris,
1908 3742 1972 3798 tolle

1181 3834 1262 3890 etiam
1280 3833 1405 3902 triginta;
1420 3842 1446 3887 et
1460 3832 1554 3903 ‹ptraaiti
1575 3831 1770 3901 superfuerint,
1788 3831 1899 3887 totidem
1915 3833 1972 3888 (lies

1182 3925 1251 3979 inira
1271 3926 1494 3993 ipsaruureusem
1510 3922 1623 3976 lrabebis
1635 3921 1790 3976 terminum.
1809 3921 1889 3979 Verbi
1907 3936 1972 3994 gra-

1181 4016 1219 4070 tia
1238 4034 1244 4069 ι
1263 4030 1334 4070 aaao
1352 4014 1475 4084 prasenti
1498 4015 1631 4069 terminus
1644 4012 1781 4083 paschalis
1800 4012 1852 4068 luit
1875 4024 1973 4084 qiuarto

1181 4100 1251 4161 Nou.
1265 4106 1385 4182 llprilis;¹
1396 4105 1498 4159 mensis
1507 4102 1609 4174 Aprilis
1621 4104 1702 4158 habet
1713 4102 1849 4175 regulares
1861 4103 1972 4176 triginta

1181 4198 1299 4267 quinque
1316 4215 1322 4249 :
1339 4196 1400 4250 tollo
1413 4210 1446 4249 ex
1460 4194 1502 4249 bis
1518 4202 1640 4264 epactam
1654 4209 1713 4263 qum
1728 4195 1778 4249 boc
1790 4208 1862 4249 auno
1881 4200 1932 4261 est,
1947 4192 1973 4247 id

1178 4298 1223 4345 est
1240 4296 1306 4353 tres,
1323 4286 1349 4343 ‘ct
1366 4298 1506 4343 remanent
1526 4289 1636 4360 triginta
1656 4290 1726 4354 duo;
1745 4289 1836 4344 recide
1852 4289 1971 4359 triginta,

1179 4390 1208 4438 et
1223 4391 1327 4437 restant
1340 4382 1393 4435 altro
1407 4400 1412 4433 ε
1428 4384 1546 4438 secunda
1565 4383 1608 4437 die
1621 4382 1722 4437 merrsis
1737 4380 1837 4452 Aprilis
1855 4381 1905 4457 luit
1920 4390 1974 4439 ter-

1181 4475 1271 4530 minus
1284 4472 1427 4543 paschalia.
1444 4474 1510 4528 ltem
1521 4490 1593 4529 auno
1602 4472 1704 4541 inituro,
1717 4476 1826 4545 quando
1838 4477 1972 4531 tertniuas

1181 4552 1316 4636 paschalis
1325 4566 1378 4618 erit
1389 4580 1417 4618 ur
1429 4563 1488 4619 llal.
1504 4562 1613 4633 Aprilis,
1626 4564 1663 4618 ita
1673 4574 1832 4635 arguruento
1845 4560 1974 4636 eeajicles

1182 4657 1256 4713 illam
1273 4677 1278 4711 :
1297 4656 1409 4712 hiantius
1430 4658 1512 4712 babet
1526 4656 1665 4728 regrrlares
1684 4657 1795 4725 triginta
1810 4672 1874 4722 sex;
1897 4658 1975 4713 aaliar

1184 4752 1271 4807 abeis
1286 4759 1408 4823 epactam
1428 4750 1513 4820 ipsius
1531 4750 1605 4815 aristi,
1627 4750 1677 4804 boc
1696 4759 1737 4803 est
1756 4751 1972 4828 quatuordeeim,

1186 4852 1326 4898 remaneat
1339 4842 1433 4911 viginti
1451 4841 1504 4896 dao
1520 4859 1526 4894 :
1544 4841 1670 4896 uicesima
1686 4840 1729 4895 die
1744 4841 1861 4896 secaada
1873 4841 1975 4899 mensis

1160 4916 1163 4923 ¹
1185 4935 1272 4989 hiartii
1286 4935 1338 4989 erit
1349 4934 1481 4987 terminus
1497 4931 1631 5002 paschalis
1641 4946 1712 4985 anno
1725 4929 1825 4985 laturo.
1841 4930 1869 4986 Si
1884 4939 1975 4987 autem

1185 5024 1279 5078 leriam
1298 5030 1457 5092 argumento
1479 5019 1708 5090 comprehendere
1726 5019 1794 5075 velis
1811 5020 1837 5075 ia
1853 5035 1906 5090 qaa
1922 5028 1977 5074 ter-

304 5118 467 5187 exspecta
496 5114 758 5185 arrod‘argameatis
784 5132 843 5170 carn
868 5117 1027 5185 coiarprobes
1052 5125 1133 5184 attpre

305 5210 495 5267 <toarni-ines.
517 5208 586 5268 blac.
615 5209 735 5275 licitique
763 5208 921 5277 artrrltiplicia
944 5209 1005 5262 iude
1025 5214 1134 5261 [astant

306 5298 511 5367 ἔΙΐτόιιιιιιιιιιιι.
529 5296 562 5351 Sc
574 5299 579 5347 l
593 5299 710 5366 priaraaa
721 5306 827 5371 oportet
838 5297 1028 5352 trailralataacra
1042 5313 1134 5366 gatiam-

305 5388 388 5444 ‘itte
411 5388 531 5456 peritam
555 5399 666 5458 «paulas
686 5391 804 5444 ‹leciruas
824 5390 901 5442 luaas
922 5391 1000 5457 prinu
1023 5391 1135 5447 rarerrsis.

307 5469 408 5533 Sicut
429 5489 457 5534 ct
473 5488 582 5547 epactas
602 5479 672 5532 laice
689 5497 807 5543 tertianas,
830 5480 948 5533 t'et‘ructc
967 5492 1133 5532 araicararttar.

306 5554 390 5627 Seii
405 5581 436 5626 et
452 5572 474 5625 si
490 5572 550 5639 atris
567 5573 614 5625 bas
626 5588 733 5640 tparaqae
747 5581 905 5641 argumento
925 5571 1046 5623 iuuentae
1062 5578 1135 5622 dosa-

304 5650 427 5731 (ierat,
445 5664 536 5719 videa
551 5674 616 5734 prat
631 5667 686 5718 siut
708 5675 807 5733 epactae
832 5663 942 5719 lua'aras
957 5664 1019 5717 atrrri
1044 5660 1133 5729 turpas-

306 5754 448 5827 ellaripue
463 5769 620 5828 caarrpatare
642 5759 764 5813 uoluerit.
784 5760 816 5813 Et
836 5759 858 5814 si
873 5761 979 5830 attidem
1002 5768 1134 5828 ‹puratum-

306 5828 428 5903 ιιἓιτὶιιι
450 5847 492 5902 ecl
515 5849 668 5917 ipaimicciar
694 5858 765 5912 sarrit,
791 5850 932 5904 urrdecima
955 5848 1136 5903 Aualeadarum

310 5922 475 5999 Apritimn
493 5938 533 5991 ael
549 5941 706 5994 ‹latirdeciraa
721 5939 902 5995 lialeadaraun
918 5942 1074 5995 caruaulcm
1094 5940 1138 5994 die
1190 5933 1260 5987 stitit
1280 5940 1340 5986 lette
1356 5926 1825 6000 111101111151111111118Λβ11115ι1111181)
1841 5928 1979 5999 19811ῑῦ1111

311 6022 469 6085 (ittartam
486 6031 616 6085 tleeirrnaur
633 6033 722 6086 irritata
738 6033 830 6088 tertiae
846 6039 998 6102 cognoseat.
1015 6032 1081 6097 Oraia
1096 6029 1137 6083 ai·
1190 6032 1292 6092 5011111111
1317 6021 1400 6091 ipsius
1425 6026 1524 6077 tttettsis
1553 6031 1579 6075 el
1603 6028 1811 6076 iohtutrenlent
1836 6019 1978 6089 septimum

468 6120 606 6183 Parnoi.
635 6120 730 6184 evit.
1742 6110 1783 6172 93

1186 5118 1274 5171 eritius
1292 5116 1427 5186 pasclmlis
1452 5125 1568 5180 constet,
1593 5130 1669 5169 sume
1691 5114 1829 5184 regulares
1857 5114 1977 5183 ipsoram

1185 5209 1318 5263 anensium
1337 5207 1435 5261 albae
1451 5207 1612 5275 dispositos,
1630 5212 1657 5259 et
1676 5205 1788 5260 sicsine
1802 5219 1895 5259 errore
1912 5202 1978 5258 illud

1187 5278 1319 5371 reperies.
1338 5297 1407 5363 Quia
1432 5296 1545 5351 hlartius
1568 5295 1651 5351 habet
1679 5292 1816 5367 regulares
1837 5303 1975 5363 qaratuor,

1187 5392 1287 5457 Aprilis
1300 5405 1364 5443 roro
1385 5397 1502 5457 septem,
1520 5397 1590 5453 tene,
1606 5388 1739 5458 conjunge
1757 5386 1817 5440 illos
1830 5385 1864 5439 ad
1882 5400 1978 5440 nurne-

1189 5500 1247 5537 rum
1262 5484 1366 5537 diorum
1378 5480 1478 5535 mensis
1489 5480 1560 5534 illias
1570 5481 1603 5535 de
1614 5494 1668 5551 quo
1679 5478 1802 5548 inquiris,
1815 5491 1883 5546 quos
1893 5476 1977 5531 hahet

1189 5574 1315 5645 rrsqarcad
1327 5571 1470 5628 teuaiaum
1480 5569 1648 5641 paschalem,
1656 5567 1773 5637 jangeet
1782 5574 1978 5623 concurrentes

1190 5666 1288 5728 simul,
1303 5663 1404 5734 partire
1418 5661 1509 5715 oauria
1525 5675 1574 5731 per
1586 5647 1767 5728 septenarium
1780 5672 1938 5723 numerum,
1951 5665 1980 5713 et

1188 5762 1253 5824 qitot
1270 5750 1445 5812 rcaraaserit‚
1460 5748 1521 5803 talis
1537 5747 1604 5803 lcria
1621 5747 1692 5814 orit;
1714 5747 1737 5801 si
1751 5754 1841 5801 autem
1856 5746 1922 5801 nibil
1935 5761 1979 5802 re·

1190 5844 1331 5907 manserit,
1349 5843 1491 5897 sabbatum
1508 5850 1559 5895 est.
1581 5838 1662 5894 Verbi
1685 5838 1798 5911 gratia:
1818 5854 1889 5895 anno
1909 5854 1980 5910 pre·
