4509 6850
304 633 352 693 stt
642 632 671 685 B.
691 628 817 684 ututur
837 626 945 682 tiebat
965 620 1122 680 tumultu.
1144 621 1297 678 tibuunt.
1316 617 1457 676 ornabit
1476 619 1565 676 PARS
1581 621 1601 675 i.

304 751 497 813 manducaret,
527 754 557 801 ut
578 744 738 815 probaretur
760 741 782 794 si
810 737 956 806 compleret
977 735 1028 790 hoc
1055 749 1088 788 an
1105 733 1210 793 ASara
1229 734 1339 797 riserit,
1368 733 1428 788 irleo
1444 749 1506 788 oum
1521 734 1822 792 risumrocatumesse

304 857 367 895 suun.
398 836 509 909 (Albin.)
535 834 627 890 Credit
653 831 725 886 enim
750 843 780 883 se
804 827 888 882 illium
912 826 1090 888 liabiturum,
1143 822 1240 876 ialsusn
1255 832 1306 876 cst.
1324 822 1469 882 tillircro,
1491 824 1562 891 quud
1585 824 1676 879 riserit
1697 825 1822 882 Abralssr

305 947 352 1001 per
367 930 444 998 crrjns
456 926 656 999 generationem
667 920 792 975 omnibus
802 917 927 989 gentibus
937 914 1091 970 benedictio
1142 921 1170 966 ct
1185 927 1235 967 nos
1248 912 1405 981 probamus.
1420 911 1566 982 Postquam
1579 914 1651 970 enirn
1667 917 1702 970 nd
1720 917 1809 972 risum

308 1026 399 1079 tritura
411 1026 494 1082 essct,
510 1026 537 1072 et
551 1016 578 1069 in
592 1013 669 1082 cujus
691 1010 836 1080 nepotibus
857 1005 994 1063 castitatis
1007 1011 1035 1057 et
1049 1016 1093 1056 so-
1142 1011 1255 1056 rocatus
1267 1011 1309 1057 εει
1320 1001 1391 1057 filius
1404 1001 1463 1070 ojus
1474 1001 1562 1069 isaac,
1578 1012 1640 1060 trino
1660 1005 1776 1076 legimus
1797 1007 1822 1062 si

305 1109 429 1165 brietatis
443 1109 551 1162 unicum
567 1104 714 1159 mansisset
728 1098 876 1169 exemplar.
890 1095 966 1152 Unde
979 1102 1004 1148 et
1020 1094 1046 1146 in
1060 1105 1092 1144 ea
1144 1089 1250 1144 Soram.
1276 1089 1421 1146 Sciendum
1446 1100 1538 1147 autem
1565 1095 1636 1162 qnod
1662 1108 1781 1164 quarum
1800 1096 1822 1152 qq

304 1212 380 1272 parte
394 1199 516 1268 corporis
532 1198 638 1267 signum
649 1192 710 1247 iidei
725 1190 838 1260 accepit,
851 1187 923 1242 unde
938 1185 1010 1239 filius
1021 1182 1092 1244 lidei,
1145 1189 1306 1238 testamento
1329 1184 1432 1252 absque
1456 1184 1513 1238 ullo
1539 1185 1672 1241 uelamine
1695 1187 1822 1252 nominib

306 1307 359 1349 uon
378 1291 469 1347 carnis
481 1329 488 1353 ,
502 1286 659 1342 nosciturus
678 1289 748 1336 erat.
765 1279 820 1334 Nec
836 1286 958 1333 truncata
972 1273 1094 1344 oorporIs
1144 1276 1287 1339 antequam
1301 1279 1488 1336 nascerentur,
1511 1273 1600 1326 russati
1619 1282 1683 1326 sunt
1699 1290 1707 1326 z
1721 1273 1822 1328 lsmaoi

310 1390 384 1450 parte
398 1376 557 1439 deirumior,
573 1374 621 1429 sod
636 1371 689 1426 ilde
703 1371 730 1423 in
746 1369 829 1423 ileum
841 1365 995 1437 gloriosior.
1011 1363 1095 1432 igitur
1145 1360 1271 1416 Salomon
1283 1371 1311 1415 et
1323 1361 1421 1417 iosias.
1434 1362 1506 1432 Lege
1521 1360 1685 1433 Scripturas.

310 1485 359 1540 pro
373 1469 427 1524 ileo
440 1465 539 1536 aliquid
553 1461 677 1534 perdere,
689 1458 794 1512 lucrum
808 1467 861 1519 est,
880 1468 934 1509 non
955 1453 1093 1508 danrnum.
1181 1448 1351 1519 dixitquead
1364 1450 1465 1504 orum:
1480 1448 1586 1505 Utinam
1597 1450 1696 1506 luuacl
1708 1452 1780 1506 uiam
1791 1467 1822 1508 ea

308 1567 348 1616 tta
363 1555 498 1613 Abraham
512 1552 573 1609 ildei
589 1566 644 1607 suae
663 1549 770 1619 signum
793 1545 952 1615 accipiens,
979 1557 1033 1597 non
1049 1542 1096 1597 de-
1145 1537 1180 1591 Et
1200 1539 1237 1591 ait
1251 1538 1322 1593 licus
1337 1540 1371 1593 ad
1388 1540 1540 1595 Attalium:
1555 1539 1623 1596 Sura
1639 1557 1707 1596 ocor
1723 1552 1774 1596 tus
1787 1559 1822 1614 pa

319 1655 442 1703 orroatus
456 1652 507 1707 est,
520 1621 568 1697 sed
582 1639 749 1695 melioratus.
766 1633 795 1690 Si
808 1633 880 1689 enim
891 1631 977 1686 Adam
987 1638 1097 1700 pactum
1145 1627 1248 1695 filium,
1268 1629 1420 1700 vocabisque
1439 1647 1533 1684 rrourcu
1553 1631 1611 1699 ejus
1632 1629 1725 1699 isaac,
1740 1641 1767 1688 es
1781 1649 1822 1688 sss

311 1737 358 1797 bei
374 1732 548 1795 custodisset,
568 1744 621 1784 non
636 1726 772 1782 Abrabam
786 1722 838 1778 hoc
855 1729 963 1792 pactum
976 1720 1097 1789 accepis·
1146 1716 1186 1770 ilii
1203 1728 1307 1787 pactum
1329 1735 1415 1772 mcum
1431 1720 1459 1773 iu
1479 1718 1563 1789 sudus
1582 1723 1822 1791 sempiternum,s

307 1834 360 1881 εει.
384 1822 439 1877 Sed
461 1820 524 1889 quia
549 1817 594 1873 ille
616 1818 644 1871 in
666 1816 717 1870 hoc
741 1813 864 1869 membro
885 1809 991 1880 culpam
1006 1808 1098 1864 inobe-
1146 1815 1203 1884 ujus
1214 1827 1270 1886 pou
1283 1832 1352 1869 cum.
1367 1813 1452 1886 Super
1462 1815 1560 1870 lcumel
1572 1833 1672 1888 quoque
1680 1816 1810 1874 erosdisi

308 1914 417 1970 uicatim
431 1912 520 1982 primo
535 1907 645 1978 agnovit
660 1945 668 1971 ,
682 1903 774 1960 decuit
786 1911 817 1958 ut
829 1902 880 1957 iste
895 1902 922 1956 in
937 1900 989 1956 hoc
1010 1913 1097 1954 mem·
1147 1906 1298 1960 benedicam
1319 1908 1359 1972 ei,
1380 1917 1404 1961 et
1423 1909 1523 1978 capeio
1542 1918 1567 1962 ct
1586 1907 1769 1978 multiplicabo
1780 1923 1822 1964 sss

309 2009 358 2062 bro
384 2006 491 2076 siqnum
516 2001 676 2058 obedientie
713 1998 833 2058 secundo
869 1996 1040 2066 accepisset,
1066 2002 1097 2049 ut
1148 1997 1293 2052 lluodccim
1313 1998 1393 2053 duces
1414 1999 1561 2069 qcucraiit,
1582 2008 1607 2052 ct
1622 1999 1725 2068 inciam
1739 1997 1818 2056 iilsss

309 2098 498 2154 ostenderetur
511 2093 670 2151 obedientes
685 2091 848 2159 quandoque
870 2101 1015 2159 generasse
1028 2086 1098 2140 illios
1112 2074 1136 2133 Β
1150 2097 1201 2143 rem
1215 2105 1355 2159 mapsam·
1369 2100 1473 2159 pactum
1489 2106 1547 2144 acro
1561 2106 1648 2144 mcum
1661 2098 1780 2145 statssss
1791 2101 1822 2146 st

309 2188 343 2242 ml
357 2187 451 2251 rimus,
466 2181 605 2239 dumolim
627 2179 852 2251 praevaricatores
878 2184 1041 2248 generarunt
1063 2175 1098 2229 ad
1151 2196 1227 2250 quem
1247 2182 1332 2250 pariet
1353 2181 1399 2234 ribi
1421 2182 1490 2236 Sara
1513 2192 1626 2253 tenpore
1643 2183 1695 2235 ista
1713 2182 1743 2235 iu
1763 2197 1822 2238 ssrn

312 2284 437 2332 mortem.
1150 2266 1271 2336 lienique
1285 2267 1318 2322 de
1333 2268 1461 2334 ismaele,
1476 2269 1522 2338 qui
1537 2279 1628 2339 typum
1643 2280 1716 2325 tenet
1730 2269 1822 2342 populi

347 2366 468 2435 dixitque
493 2361 619 2416 Dominus
641 2358 676 2413 ad
697 2352 830 2413 Abrabam
847 2372 856 2411 .·
882 2354 962 2412 Sorai
991 2370 1100 2410 uxorem
1151 2370 1229 2421 rum,
1243 2355 1311 2410 bene
1326 2356 1427 2411 dictum
1442 2366 1503 2421 est,
1520 2358 1591 2426 quod
1606 2365 1752 2428 augeretur
1763 2365 1794 2414 ει
1808 2373 1822 2414 s

312 2469 384 2513 tuum
399 2474 450 2510 nou
463 2454 565 2509 cocciis
577 2451 669 2515 Sorai,
683 2450 729 2505 scd
743 2447 850 2515 Soram,
865 2458 889 2502 et
903 2446 1052 2502 benedicam
1065 2447 1099 2511 ei,
1152 2452 1261 2497 caretur
1281 2443 1374 2509 valde,
1389 2445 1584 2515 duodecimque
1598 2446 1681 2502 duces
1693 2461 1822 2518 generare

311 2558 335 2601 et
352 2561 384 2601 eo
401 2530 448 2598 tila
465 2542 534 2596 dabo
556 2541 603 2594 tibi
622 2539 717 2609 filium,
744 2539 788 2593 cui
811 2536 992 2591 benedicturus
1017 2548 1100 2589 sum:
1153 2531 1296 2587 inuititudo
1316 2533 1463 2588 carnalium
1483 2531 1652 2604 ludaeorum,
1675 2550 1708 2588 es
1728 2533 1822 2592 duodo

312 2638 411 2707 critque
422 2634 451 2688 iu
463 2611 592 2698 uotiuum,
603 2639 627 2685 ct
640 2646 711 2701 repes
721 2626 877 2699 populorum
891 2629 1008 2683 orientur
1017 2643 1049 2680 cs
1060 2643 1100 2680 eo.
1153 2623 1282 2679 triorchis
1294 2624 1401 2694 genita,
1422 2625 1450 2678 in
1469 2625 1609 2680 duodecim
1628 2624 1714 2679 trihus
1732 2624 1822 2712 dispas

314 2727 363 2783 llic
374 2723 430 2794 jam
450 2722 603 2778 declaratur
616 2719 762 2791 promissio
774 2719 807 2773 de
821 2718 964 2773 vocatione
978 2717 1099 2787 qentimn
1154 2705 1267 2769 Pactum
1286 2729 1352 2769 rero
1366 2714 1471 2769 Domini
1487 2730 1548 2770 curu
1562 2714 1636 2769 isaac
1650 2724 1705 2780 ost,
1721 2715 1774 2770 boo
1785 2727 1822 2774 ost

314 2816 430 2873 inlsaac
444 2813 529 2867 iillum
546 2810 744 2883 promissionis,
761 2807 854 2873 idest,
870 2808 966 2878 qratia,
983 2822 1036 2861 non
1050 2822 1102 2859 na·
1153 2806 1342 2874 credentium,
1369 2823 1449 2877 quem
1474 2814 1561 2862 mater
1586 2806 1704 2862 Ecclesia
1733 2805 1822 2878 perd

317 2915 375 2960 tura
391 2943 399 2970 ,
422 2902 486 2974 quia
501 2903 533 2957 de
547 2899 626 2955 senili
640 2907 718 2968 patre
732 2907 760 2953 ει
782 2898 868 2953 sterili
883 2906 981 2961 matre,
997 2904 1025 2951 et
1038 2896 1103 2967 quia
1154 2900 1318 2969 baptismum
1337 2901 1489 2971 generauit,
1501 2901 1581 2971 cique
1597 2899 1685 2954 tedas
1703 2899 1822 2966 constitu

316 2995 367 3051 lroc
383 3009 436 3048 non
457 3007 506 3062 per
520 2990 721 3060 generationem
737 2989 783 3059 qui
804 2997 847 3044 est
868 2987 978 3055 Ismael,
995 2988 1042 3043 scd
1055 3002 1104 3057 per
1154 2989 1363 3066 sempiternum,
1385 2990 1448 3059 quia
1467 2998 1574 3046 selerne
1593 2989 1655 3043 vitre
1674 2987 1812 3059 possessio

317 3085 546 3157 regenerationem
572 3082 691 3137 iutururu
715 3089 784 3147 erat,
806 3080 888 3135 idest
903 3079 1002 3136 ibidem
1020 3080 1104 3150 impe-
1155 3079 1331 3151 promittitur,
1356 3079 1402 3149 qui
1426 3096 1486 3134 cum
1508 3081 1597 3150 capite
1616 3095 1665 3134 suo
1685 3077 1822 3136 Cirr-istos

318 3187 375 3232 rata
388 3186 429 3232 εει
447 3173 642 3239 circumcisio,
666 3171 773 3241 quando
792 3171 825 3225 dc
852 3170 920 3226 Sara
938 3171 1104 3242 promittitur
1154 3185 1261 3242 semper
1279 3159 1427 3241 possidebit
1447 3187 1569 3242 regnum.
1590 3170 1685 3224 dimus
1703 3184 1769 3240 erpo
1786 3167 1823 3226 sit

319 3265 390 3320 silius
399 3266 427 3319 in
441 3271 503 3334 typo
515 3259 653 3325 Ecclesia,
662 3277 715 3315 nou
724 3261 833 3331 quando
845 3260 940 3318 ismael
952 3261 999 3330 qui
1012 3271 1103 3331 typum
1155 3269 1247 3339 genuit
1268 3267 1336 3322 Sara
1356 3266 1449 3332 isaac,
1465 3266 1600 3337 significat
1621 3274 1741 3335 ternpore
1761 3277 1822 3338 nugs

320 3357 404 3411 tenuit
416 3354 579 3408 ludaeoruru.
595 3352 693 3406 Errant
706 3351 753 3421 qui
766 3359 862 3421 putant
877 3353 993 3421 primum
1008 3351 1103 3405 Saram
1156 3358 1215 3422 nis,
1232 3358 1259 3412 in
1275 3357 1373 3428 quibus
1392 3354 1493 3411 Christi
1513 3355 1623 3427 sanquis
1642 3353 1730 3416 lusus,
1751 3359 1780 3410 et
1796 3351 1822 3408 bt

318 3464 368 3520 per
383 3461 465 3501 irrrmn
481 3462 494 3498 r
513 3444 643 3512 scriptum
671 3443 753 3498 luisse
767 3452 793 3499 et
808 3453 900 3513 postca
917 3444 943 3498 ei
961 3444 1077 3498 alterum
1092 3460 1105 3496 r
1118 3414 1141 3479 C
1157 3467 1242 3524 genus
1253 3452 1287 3505 ad
1301 3451 1384 3504 virum
1398 3457 1577 3505 restauratum
1588 3456 1639 3503 ess,

319 3537 450 3598 additum,
465 3542 493 3590 et
508 3535 570 3605 quia
583 3533 679 3604 capud
692 3532 802 3590 Graecos
817 3533 990 3590 centenarius
1012 3549 1107 3588 nume·
1457 3559 1572 3616 CAPUT
1588 3558 1647 3614 xx·

322 3642 367 3681 rus
383 3634 445 3689 cst,
470 3640 552 3695 super
566 3623 674 3680 nostrine
686 3622 744 3694 ejus
759 3622 858 3680 multas
878 3624 992 3695 ineptias
1015 3624 1105 3694 suspi-

321 3726 425 3783 cantur,
440 3731 502 3771 cum
518 3714 609 3784 utique
622 3725 759 3786 utcunque
782 3713 877 3770 uolunt
896 3714 922 3769 ei
946 3712 1106 3768 uocabulum
1356 3719 1556 3775 vernaculorum
1568 3719 1660 3773 domes
1674 3735 1744 3789 quc.

321 3814 529 3872 consalutatum,
552 3821 605 3861 11011
619 3803 760 3871 Gl'aecilm,
775 3803 821 3860 sed
836 3802 974 3859 chmm
991 3804 1107 3860 debeant
1192 3816 1308 3888 Cumque
1318 3816 1410 3886 [infirm
1424 3824 1489 3869 met
1499 3830 1583 3868 gpmw
1594 3814 1721 3884 loquuti,
1732 3828 1792 3867 m
1801 3828 1822 3869 fl

322 3904 386 3955 dare
405 3897 560 3961 rationem,
586 3913 647 3953 eum
662 3896 747 3967 ipsum
762 3911 860 3952 nomen
882 3894 1045 3954 liebraicum
1059 3900 1105 3954 sit.
1157 3907 1195 3962 uic
1210 3905 1282 3962 pm
1297 3907 1329 3960 ab
1342 3905 1487 3960 Atratum.
1504 3904 1574 3959 Talis
1590 3913 1677 3958 aurem
1690 3902 1822 3959 Abram

1157 3650 1329 3708 circumcisio
1345 3651 1456 3704 Airaiur
1471 3661 1495 3706 et
1509 3649 1630 3705 ismaelis
1643 3647 1775 3730 fibicius,
1788 3654 1817 3703 st

324 3994 404 4046 cuno
426 3996 516 4043 autern
539 3988 567 4042 in
591 3989 677 4042 alters
698 3987 788 4058 lingua
805 3988 959 4059 quempiam
985 4004 1105 4056 vocans,
1157 3996 1206 4051 lem
1227 3996 1311 4064 filium
1330 4012 1423 4060 suum,
1442 4004 1466 4049 ct
1483 4010 1571 4048 omncs
1593 3991 1746 4048 vernaculos
1765 3990 1822 4047 dou

324 4076 509 4149 etymologiam
523 4075 645 4132 vocabuli
660 4080 742 4132 sumit
762 4091 796 4131 ex
821 4076 916 4133 altera.
932 4076 1008 4132 Sarai
1025 4078 1108 4150 igitur
1158 4087 1339 4157 uniuersosque
1353 4102 1418 4157 quos
1431 4094 1545 4150 emerat,
1559 4095 1666 4138 cunctos
1680 4098 1767 4137 mores
1777 4096 1813 4137 ss

322 4172 436 4235 primum
451 4175 545 4221 uocata
561 4175 603 4221 est
619 4181 668 4237 per
679 4167 720 4221 riu
733 4174 779 4233 tv,
795 4178 866 4227 resa
880 4207 888 4232 ,
901 4167 945 4221 iod
957 4175 978 4221 l.
996 4166 1107 4224 Sublato
1158 4177 1220 4231 viiic
1245 4177 1337 4232 domus
1360 4193 1434 4241 cure,
1458 4185 1482 4229 et
1507 4174 1669 4229 circumcidit
1695 4188 1802 4229 comen

323 4274 387 4329 erpo
397 4258 450 4320 iod,
465 4258 491 4312 id
505 4266 549 4311 est
561 4258 570 4310 i
582 4257 726 4323 elemento,
740 4257 831 4312 addita
848 4266 891 4313 εει
904 4257 992 4314 littera
1008 4270 1028 4318 η
1048 4274 1108 4327 quae
1159 4283 1248 4320 eorum
1270 4268 1358 4321 cratim
1380 4267 1407 4320 iu
1421 4268 1477 4337 ipsa
1493 4266 1553 4329 die,
1570 4267 1636 4319 sicut
1650 4272 1811 4335 preceperat

323 4362 370 4416 per
381 4362 397 4398 a
410 4345 518 4416 legitur,
529 4353 557 4399 ct
567 4353 662 4398 vocata
677 4352 719 4399 εει
731 4344 818 4400 Sorou
830 4356 905 4406 m
921 4346 1008 4403 Causa
1018 4356 1107 4402 autem
1158 4348 1240 4423 igitur
1253 4354 1468 4425 quandoquidem
1480 4355 1507 4409 in
1521 4354 1570 4408 hos
1582 4352 1741 4408 devenimus
1751 4350 1822 4409 looot

323 4437 359 4490 ita
377 4435 495 4489 nominis
509 4435 644 4489 immutati
656 4435 714 4490 lraeo
728 4442 781 4501 est,
792 4435 863 4505 quod
877 4445 955 4492 antea
968 4438 1108 4494 dicebatur
1160 4461 1220 4501 rece
1236 4446 1313 4510 uoto,
1336 4447 1358 4501 si
1378 4445 1547 4514 omnipotens
1569 4444 1655 4507 Deris,
1676 4440 1724 4511 qui
1737 4438 1802 4496 cccli
1816 4454 1822 4495 ι

322 4526 439 4596 princeps
464 4541 537 4592 meu,
557 4526 637 4582 arrius
656 4529 840 4584 tantummodo
861 4529 958 4585 domus
982 4532 1109 4586 materia-
1159 4535 1326 4590 dominatum
1349 4541 1438 4599 tenet,
1457 4533 1548 4587 rolens
1562 4540 1754 4587 testamentum
1768 4544 1822 4603 pon

324 4617 431 4685 ruilras;
449 4626 542 4688 postca
564 4634 629 4674 uero
654 4619 752 4675 dicitur
776 4620 898 4677 absolute
922 4621 1061 4693 princeps,
1082 4623 1109 4677 id
1159 4628 1218 4682 viro
1232 4634 1341 4691 saneto,
1358 4626 1384 4679 in
1398 4626 1449 4679 hoc
1463 4639 1594 4678 summam
1617 4621 1686 4677 tanti
1706 4620 1812 4691 negotii

323 4720 364 4763 ost
378 4718 509 4785 ἄρχουσα.
524 4711 651 4766 Omnium
674 4712 773 4782 quippe
799 4713 918 4784 gentium
940 4713 1030 4767 iutura
1051 4711 1107 4781 jam
1122 4748 1147 4807 D
1160 4716 1222 4783 bat,
1235 4727 1264 4770 ut
1277 4715 1436 4786 praeputium
1450 4716 1540 4771 carnis
1553 4714 1625 4786 ojus,
1640 4713 1687 4770 sed
1699 4724 1728 4767 ot
1739 4710 1822 4773 luten

323 4800 447 4868 princeps
462 4809 513 4854 est.
529 4800 642 4867 Quidam
658 4803 775 4871 pessime
790 4803 1033 4872 suspicanturantc
1046 4818 1106 4857 earn
1160 4806 1266 4860 soboles
1285 4805 1533 4859 circumcideretur.
1557 4803 1616 4857 Erit
1637 4805 1724 4869 euim,
1746 4800 1823 4873 inqui

324 4886 421 4955 lepram
435 4886 519 4942 fuisse
532 4890 674 4943 vocitatam
689 4930 696 4956 ,
710 4900 738 4946 et
750 4900 843 4960 postea
856 4890 997 4962 principem
1011 4933 1019 4959 ,
1043 4909 1105 4949 crim
1160 4906 1274 4949 meritum
1286 4910 1371 4949 meum
1382 4911 1461 4965 super
1473 4910 1576 4948 caruem
1590 4903 1673 4947 tuam.
1685 4892 1744 4950 iloo
1756 4892 1822 4951 inec

325 4976 397 5044 lepra
417 4978 618 5042 saraatlrnras
635 4979 750 5046 dicatur,
779 4995 839 5050 quse
859 4979 887 5034 iu
906 4990 998 5037 nostro
1015 4983 1107 5055 linqua
1161 4988 1222 5042 coeli
1237 5003 1269 5041 ac
1285 4995 1363 5040 tcrrae
1377 4986 1670 5056 Dominus,ei,quem
1689 5000 1705 5041 ε
1722 4986 1822 5043 εειιειΙι

324 5067 430 5136 quidem
448 5068 555 5122 ridetur
579 5068 678 5123 babere
695 5069 812 5138 aliquam
837 5069 1058 5138 similitudinem,
1079 5075 1106 5129 in
1161 5078 1230 5133 libus
1253 5078 1338 5131 solum
1361 5076 1511 5147 delegerat,
1535 5077 1629 5133 aeterni
1654 5076 1812 5133 testamenti

325 5156 437 5212 llebraeo
451 5167 541 5213 autem
556 5159 664 5229 penitus
680 5167 722 5214 εει
741 5160 858 5216 diversa.
881 5158 1015 5217 scribitur
1034 5164 1106 5217 enim
1161 5167 1327 5221 conterebat.
1350 5165 1413 5220 limo
1432 5167 1503 5221 onim
1518 5174 1581 5221 sunt
1594 5166 1652 5221 sola
1667 5166 1693 5219 in
1708 5165 1810 5235 quibus

324 5261 372 5318 per
407 5258 428 5305 n
462 5257 490 5303 et
520 5259 598 5315 ιτιε,
633 5249 705 5319 quod
738 5250 851 5305 multum
881 5267 898 5306 a
924 5253 1108 5324 superioribus
1158 5264 1186 5310 et
1210 5258 1334 5312 doctores
1355 5254 1503 5327 Synagogae
1523 5265 1677 5311 sanctorum
1697 5254 1815 5326 gloriam

324 5337 410 5392 tribus
424 5336 532 5404 litteris,
548 5338 575 5393 isl
599 5348 650 5406 est,
665 5350 741 5407 Ν,
757 5341 855 5411 quibus
868 5339 936 5397 Sara
960 5343 1106 5410 scribitur,
1158 5345 1256 5400 Audite
1269 5359 1334 5414 crgo
1348 5345 1482 5414 quomodo
1495 5343 1594 5399 Paulus
1608 5344 1702 5399 doctor
1716 5343 1822 5415 gentius

323 5429 475 5499 discrepare
487 5429 659 5486 manifestum
670 5442 721 5487 est.
1160 5445 1186 5491 et
1208 5436 1321 5490 ueritate
1341 5435 1374 5489 de
1388 5434 1603 5490 circumcisionis
1618 5433 1766 5504 mysterio,
1779 5430 1822 5489 ctu

358 5518 392 5572 Et
407 5519 499 5573 cecidit
514 5520 647 5575 Abrabam
661 5538 738 5592 super
749 5521 842 5593 facicm
856 5539 942 5589 suum,
955 5535 979 5579 ct
994 5525 1060 5592 risit,
1083 5535 1108 5579 et
1160 5525 1268 5580 clesiam
1283 5521 1370 5578 docet.
1393 5521 1497 5588 Videte,
1513 5523 1616 5592 inquit,
1635 5510 1822 5585 concisionem,

321 5610 389 5664 dixit
404 5612 431 5665 iu
446 5612 523 5667 corde
541 5626 610 5667 suo:
625 5609 655 5667 Si
671 5615 820 5669 ceuteuurio
836 5626 962 5679 ¹irascetur
974 5617 1046 5687 filius
1060 5619 1072 5672 i
1084 5629 1106 5671 et
1160 5618 1225 5672 dreis
1240 5616 1369 5686 loquens,
1393 5616 1438 5686 qui
1459 5615 1638 5670 conciduntur
1652 5615 1678 5668 iu
1693 5627 1787 5670 carne.
1805 5612 1822 5668 il

322 5701 345 5753 si
359 5699 428 5755 Suro
442 5704 620 5774 uouapcuorr'u
642 5705 726 5775 pariet
739 5705 752 5758 i
765 5715 793 5760 et
809 5706 872 5776 quia
890 5712 950 5776 post
970 5705 1106 5776 paululum
1158 5723 1256 5763 strutus.
1274 5707 1326 5770 ait,
1341 5706 1513 5767 circumcisio,
1528 5706 1571 5775 qui
1586 5705 1679 5773 spiritu
1693 5702 1749 5758 Deo
1761 5718 1822 5757 sess

323 5790 461 5858 sequitur,
483 5791 517 5846 Et
530 5793 633 5848 coculis
648 5809 740 5849 uomcu
754 5795 813 5864 ejus
824 5794 919 5862 issue,
931 5795 1036 5851 diuersa
1050 5798 1108 5866 opi·
1160 5810 1211 5848 nou
1232 5795 1259 5847 iu
1275 5810 1352 5846 carue
1372 5791 1498 5859 fiduciam
1518 5792 1642 5846 liniemus
1657 5790 1667 5848 i
1679 5788 1797 5861 ruripp.
1808 5806 1822 5847 s:

323 5882 368 5935 uio
390 5890 448 5938 est.
476 5884 523 5937 sod
556 5900 608 5938 una
634 5886 783 5959 ιτυμεληία
800 5900 885 5956 quare
908 5886 1057 5957 appellatus
1072 5888 1108 5942 sit
1159 5898 1212 5936 utra
1224 5881 1299 5936 Pauli
1312 5883 1344 5936 dc
1357 5882 1563 5936 circumcisione
1576 5879 1718 5936 sententia.
1732 5878 1822 5937 Audis

323 5968 406 6023 isaac.
433 5969 627 6040 iuterpretatur
648 5974 720 6029 enim
750 5973 827 6027 risus.
852 5974 904 6029 Alit
931 5976 1021 6031 dicunt
1045 5977 1107 6047 quia
1161 5973 1221 6028 Nou
1241 5976 1308 6028 cuim
1327 5975 1371 6044 qui
1386 5976 1412 6027 in
1428 5972 1689 6045 manifestolttdcrus
1710 5972 1822 6042 est,ittt
