4509 6850
297 633 349 690 929
377 681 380 686 ,
786 626 961 683 colluunt.
982 624 1015 681 tu
1036 624 1254 681 utilitAEtttt.
1275 656 1309 666 —
1329 622 1393 680 titt.
1414 627 1459 682 lll.
1885 635 1939 690 950

296 745 387 799 ladam
415 744 492 809 dicit,
515 744 576 813 quia
596 744 652 812 ipsc
666 743 783 807 tenebat,
809 757 842 797 nc
866 758 896 797 se
919 751 1030 812 possent
1057 740 1092 796 ah
1105 745 1132 805 Α
1144 740 1344 812 blasphemum,
1358 742 1529 814 exigentibus
1540 744 1653 808 meritis,
1669 746 1738 801 sicut
1753 762 1891 818 auuqoatu
1904 750 1939 807 ad

295 836 342 889 iilo
363 834 467 891 viribus
488 835 543 889 sois
567 833 690 888 homiues
706 848 815 899 eruere,
838 833 886 886 sed
907 847 957 901 per
977 833 1092 903 gratiam
1145 832 1344 899 remissionem,
1359 834 1395 887 ita
1409 848 1459 889 nee
1472 834 1505 888 ad
1517 834 1589 904 ipsos
1604 825 1691 907 digaae
1706 836 1871 906 poeaiteotiae
1884 839 1941 895 iro-

295 926 358 988 Doi;
375 940 439 979 vasa
465 926 533 994 ejus,
559 924 682 978 homines
706 924 740 977 ab
762 938 794 978 eo
818 923 961 992 deceptos;
982 922 1091 977 domum
1143 932 1205 979 ctos
1228 938 1288 978 esse
1310 935 1504 993 perventurum
1527 943 1533 977 :
1553 925 1630 994 juata
1655 928 1706 982 hoc
1727 928 1798 994 qood
1818 927 1941 986 mannes

296 1018 364 1085 ejus,
380 1017 518 1078 mondum,
537 1015 582 1084 qui
607 1015 633 1068 in
659 1014 776 1084 ntaligao
790 1014 896 1082 positos
915 1020 976 1067 est:
995 1012 1022 1066 ln
1037 1026 1092 1082 quo
1143 1014 1307 1084 evangelista
1330 1015 1363 1069 de
1382 1015 1542 1083 quibusdam
1567 1016 1741 1087 blasphemie
1762 1035 1818 1077 suae
1840 1022 1941 1079 merito

297 1107 427 1176 usquead
443 1106 592 1161 Salvatoris
605 1105 748 1159 adveutum
768 1103 838 1157 male
858 1110 955 1172 pacato
969 1102 1092 1171 potieba·
1142 1106 1286 1160 exsecutis
1298 1106 1475 1162 veracissime
1492 1108 1621 1176 scripsit:
1638 1108 1781 1180 Propterea
1794 1127 1847 1165 non
1868 1123 1942 1182 pote·

296 1200 477 1268 turimperio,
497 1214 558 1252 cum
585 1198 611 1251 in
632 1197 759 1252 cordibus
784 1195 933 1251 infidelium
954 1196 1014 1250 sine
1036 1195 1091 1250 ulla
1142 1204 1202 1246 rarat
1225 1195 1341 1260 credere,
1356 1197 1419 1267 quia
1443 1197 1538 1250 iterum
1562 1198 1629 1251 dixit
1652 1198 1766 1253 isaias:
1791 1201 1942 1259 Eacecaoit

295 1292 508 1348 contradictione
540 1291 705 1360 quiescebat.
731 1288 858 1359 lllligavit
877 1296 968 1342 auteur
993 1286 1091 1344 torrem

295 1380 435 1445 Dominus,
461 1382 561 1446 idest,
586 1381 620 1434 ab
645 1380 793 1435 electorum
814 1378 970 1434 seductione
984 1391 1092 1447 compe-

294 1473 364 1527 scuit
377 1472 524 1528 diabolum.
537 1473 570 1527 Et
584 1482 649 1539 tona
670 1473 781 1528 domum
803 1469 861 1538 etus
882 1470 1003 1540 diripuit,
1027 1469 1091 1539 quia

293 1573 402 1634 ereptos
415 1579 431 1618 a
447 1565 547 1620 diaboli
561 1564 664 1634 laqueis
676 1578 723 1620 eos
737 1579 807 1634 quos
818 1578 882 1619 snos
893 1577 953 1619 esse
965 1562 1092 1634 previdit

293 1656 420 1711 Ecclesia
434 1672 489 1712 soae
502 1657 631 1712 memhris
645 1657 784 1722 adunavit,
798 1671 831 1710 ac
844 1672 893 1728 per
906 1656 1049 1712 distinctas
1061 1654 1089 1712 ln

292 1761 324 1801 ea
336 1747 473 1801 variantur
483 1749 615 1819 graduum
627 1748 772 1818 dignitates
784 1746 930 1802 ordinavit.
944 1747 991 1802 l'el
1003 1756 1088 1815 certe,

292 1837 402 1891 doutuut
416 1838 476 1908 ejus
490 1839 613 1908 diripuit,
625 1839 688 1907 qaia
701 1853 795 1893 omnes
806 1837 898 1892 muudi
913 1844 1014 1908 partes,
1027 1838 1089 1908 qul·

291 1926 343 1979 bus
366 1926 431 1981 olim
456 1928 543 1983 hostis
568 1927 759 1983 dominabatur
787 1927 929 1997 antiquos,
959 1927 1090 1998 apostolis

291 2020 528 2090 apostolorumque
554 2021 771 2086 successorihus,
796 2029 826 2075 ut
850 2020 877 2074 ia
903 2034 952 2074 sua
974 2021 1089 2090 quisque

1143 1283 1232 1339 oeulos
1254 1302 1357 1352 earam,
1380 1297 1403 1341 et
1423 1287 1555 1343 induravit
1581 1306 1626 1343 car
1648 1306 1760 1346 eoram:
1776 1302 1804 1346 at
1828 1310 1881 1349 non
1906 1295 1943 1350 ei·

1142 1372 1220 1428 deaut
1238 1375 1331 1441 oculis,
1345 1386 1369 1429 et
1381 1376 1525 1449 intelligant
1539 1380 1626 1444 corde,
1642 1390 1666 1434 et
1678 1397 1730 1435 non
1744 1393 1939 1454 convertantur,

1141 1472 1165 1517 et
1184 1480 1274 1518 sanem
1298 1464 1357 1520 illas
1379 1465 1447 1538 (isa.
1470 1468 1518 1538 vr).
1545 1467 1608 1523 Sola
1630 1485 1694 1541 ergo
1721 1472 1889 1544 blasphemia
1909 1476 1939 1531 iu

1143 1554 1273 1625 Spiritum
1289 1567 1422 1624 salictum,
1435 1559 1498 1630 quia
1512 1561 1628 1631 quisque
1645 1563 1861 1622 insimilitudine
1879 1567 1939 1623 dia·

1141 1643 1197 1701 holi
1220 1655 1248 1702 ct
1268 1648 1425 1717 angelorum
1448 1650 1507 1720 ejus
1530 1662 1623 1708 oorrtra
1646 1656 1839 1711 conscientiam
1860 1674 1939 1715 suant

1141 1736 1312 1805 majestatem
1330 1738 1443 1796 Deitatis
1466 1757 1622 1815 oppugnare
1647 1761 1700 1800 non
1722 1750 1853 1818 trepidat,
1883 1765 1938 1806 non

1142 1827 1224 1882 habet
1242 1830 1431 1887 remissionem
1447 1834 1474 1887 lu
1488 1843 1630 1902 aeteruum,
1645 1838 1692 1893 sed
1707 1852 1769 1894 reos
1780 1843 1833 1895 crit
1843 1843 1939 1899 aeterni

1142 1917 1259 1975 delicti:
1281 1922 1353 1977 sicot
1371 1925 1537 1996 evangelista
1562 1928 1668 1985 ilar-cus
1693 1940 1785 2000 aperte
1806 1932 1937 2004 declarat,

1142 2010 1199 2078 qui,
1217 2012 1305 2080 posito
1321 2013 1373 2068 hoc
1392 2014 1498 2070 Domini
1515 2018 1678 2085 testimonio,
1699 2021 1838 2091 subjunxit
1854 2032 1938 2096 atque

290 2109 432 2178 provincia
449 2120 589 2167 revocatos
609 2114 644 2167 ab
661 2126 755 2166 errore
768 2111 880 2182 populos
893 2110 927 2165 ad
942 2110 1013 2165 viam
1026 2112 1090 2166 vitae
1103 2094 1128 2153 Β
1142 2099 1191 2166 ³5²»
1212 2101 1345 2167 Qv⁰itft¹m
1358 2105 1488 2171 dictim,
1512 2106 1641 2177 Spiritum
1663 2111 1828 2166 {liminium
1849 2114 1937 2171 natea

290 2208 475 2267 converteret,
487 2203 633 2258 distribuit.
647 2202 772 2258 Ostendit
784 2216 849 2273 ergo
862 2216 910 2271 per
920 2202 1086 2273 parabolam,
1141 2191 1210 2247 Nam
1228 2209 1316 2264 neque
1331 2196 1359 2250 hi
1374 2197 1420 2265 (tui
1436 2196 1567 2266 Spiritum
1589 2209 1713 2256 sanctum
1733 2217 1787 2258 nou
1801 2218 1874 2272 esse,
1891 2221 1940 2264 aa·

196 2365 201 2371 .
290 2289 407 2358 sedjam
422 2292 684 2359 manifestissimam,
704 2293 919 2363 hominusquod
938 2308 991 2348 non
1007 2293 1089 2350 eorde
1139 2285 1253 2356 quodssi
1272 2287 1344 2342 bunc
1357 2302 1417 2343 esse
1430 2289 1552 2358 quidem,
1565 2292 1611 2346 sed
1632 2291 1717 2349 mom
1739 2309 1875 2362 nonense,
1890 2312 1940 2354 ne-

290 2378 385 2445 lallax,
402 2382 560 2450 operatione
573 2398 633 2438 cum
650 2381 825 2445 demonibus,
843 2389 873 2436 ut
887 2381 1090 2438 calumniaban-
1139 2373 1331 2445 aoeqoiuonc
1343 2376 1427 2432 Deam
1440 2380 1548 2448 quidem
1566 2396 1637 2447 esse,
1656 2384 1703 2438 sed
1722 2382 1804 2439 Patre
1816 2385 1958 2458 Filioque·

291 2475 347 2534 tor,
367 2470 414 2526 sed
436 2471 540 2526 diversa
555 2487 667 2542 prorsus
684 2480 766 2542 atque
784 2471 898 2528 adversa
910 2472 1010 2528 virtum
1021 2474 1090 2529 atot-
1138 2464 1284 2534 minorem,
1303 2469 1418 2523 credant
1434 2468 1651 2538 et'cooliteatur,
1666 2473 1798 2542 quianon
1815 2476 1940 2536 invideo·

289 2561 400 2627 uitatis,
428 2561 551 2618 homines
574 2578 590 2617 a
612 2562 780 2618 daemonibus
805 2562 949 2627 liberaret,
974 2562 1089 2633 ideoque
1139 2555 1178 2609 ¹1²
1192 2556 1336 2623 dltbssliea»
1361 2558 1409 2613 ⁵011
1422 2558 1541 2614 humana
1559 2559 1713 2629 58¹¹0i³¹¹li³
1729 2563 1804 2619 “⁰⁰¹¹
1822 2564 1938 2636 taurus,

290 2655 392 2724 grande
407 2655 495 2711 scelus
510 2655 722 2721 committerent,
742 2656 788 2726 qui
809 2656 861 2711 hoc
881 2642 953 2727 qu⁰0d
966 2656 1013 2711 Dei
1028 2670 1089 2713 essa
1139 2647 1192 2702 hoc
1221 2647 1414 2705 irremissibilis
1452 2650 1626 2721 blasphemiae
1650 2654 1765 2711 crimine
1801 2664 1936 2716 tenentur.

290 2756 486 2816 cognoverant,
503 2747 601 2803 diaboli
616 2763 677 2803 esse
690 2747 853 2802 clamabant.
1140 2740 1197 2804 0¹¹³
1210 2740 1320 2810 Ρΐθβΐῑθ
1335 2740 1471 2810 bilheil)es
1485 2741 1499 2797 J
1503 2742 1595 2797 ¹¹¹¹ae0¹
1595 2758 1652 2811 ⁰¹¹¹·
1663 2746 1815 2817 ‘uillisque
1828 2749 1938 2818 Similsss
1958 2800 1961 2805 ·

326 2838 379 2904 Qat‘
390 2857 441 2894 non
456 2847 494 2894 est
508 2856 620 2904 mecum,
637 2849 728 2893 contra
742 2855 782 2892 me
795 2849 852 2904 est,·
865 2839 944 2909 etqui
963 2855 1015 2893 non
1027 2855 1090 2894 can·
1140 2831 1247 2886 inlidi&
1257 2840 1333 2902 Ρθῦῑθ
1348 2834 1469 2903 misumi
1482 2835 1653 2907 miliesmem
1664 2837 1865 2910 blasphflfflffllh
1878 2842 1938 2899 ³1⁰⁰

289 2940 378 3001 gregat
397 2946 509 2996 meram,
528 2931 638 3000 spargit.
654 2928 712 2983 Non
727 2936 804 2998 potet
818 2928 963 2999 quisquam
985 2927 1019 2982 de
1033 2927 1089 2982 hae-
1139 2919 1193 2975 fine
1208 2922 1344 2991 peribunt.

290 3022 383 3075 reticis
405 3021 507 3077 dietum
522 3029 549 3075 et
567 3019 757 3085 schismaticis,
773 3034 929 3089 quanquam
953 3026 981 3073 et
1001 3018 1087 3073 itaer
1122 3089 1126 3098 Ι
1174 3011 1209 3065 Et
1223 3014 1371 3085 quicunque
1383 3014 1480 3070 dicerit
1494 3016 1599 3072 uerbum
1615 3029 1707 3074 eontra
1719 3021 1809 3091 'tilium
1823 3024 1938 3082 bominis

289 3110 427 3181 super-duo
454 3112 539 3181 possit
562 3110 694 3182 intelligi;
722 3111 770 3165 sed
797 3125 832 3165 ex
860 3108 1088 3178 consequentibus
1139 3102 1284 3174 rearmatur
1296 3104 1330 3159 ei.
1352 3105 1392 3160 Ae
1410 3105 1433 3161 ui
1455 3105 1515 3161 aliis
1528 3107 1620 3164 vcrbIs
1639 3109 1741 3166 diceret
1755 3125 1763 3165 ι
1776 3111 1937 3186 Quicunque

289 3208 418 3270 textuque
443 3201 577 3255 sermonis
603 3200 637 3254 ad
660 3199 795 3254 diabolum
817 3197 945 3263 reiertar,
968 3206 996 3253 et
1015 3199 1087 3269 qood
1138 3195 1261 3276 convicia
1287 3197 1388 3253 dixerit
1409 3206 1504 3255 contra
1532 3215 1591 3269 me,
1614 3201 1818 3260 scandalizatus,
1837 3206 1937 3278 quippe

286 3303 343 3344 uon
375 3291 479 3361 possint
509 3304 591 3360 opera
620 3289 755 3345 Belzeboh
785 3287 935 3344 salvatoris
959 3288 1087 3359 operibus
1138 3279 1304 3355 caroe'mea,
1320 3297 1349 3344 et
1366 3302 1410 3343 me
1424 3289 1560 3356 homiaem
1577 3299 1681 3349 tautum
1699 3294 1846 3361 arbitrans,
1860 3296 1934 3366 qnod

287 3381 451 3451 eoruparari.
467 3380 513 3437 llle
526 3381 600 3451 eupit
614 3380 719 3436 animas
732 3380 872 3435 hominum
886 3387 978 3434 tenere
1001 3378 1087 3450 eapti-
1139 3377 1210 3435 lllius
1228 3379 1279 3434 sim
1301 3378 1370 3435 tauri
1384 3389 1412 3437 et
1429 3380 1527 3439 iratres
1547 3382 1663 3440 habeam
1682 3382 1824 3452 iacobum,
1842 3393 1870 3442 et
1883 3383 1932 3442 Jo-

287 3486 347 3536 vas,
360 3471 489 3526 hominos
501 3471 636 3537 liberare3
654 3470 698 3527 ille
711 3471 839 3542 predicat
851 3470 933 3535 idola,
947 3470 992 3525 bic
1005 3445 1122 3526 unitasC
1138 3469 1216 3539 seph,
1238 3477 1266 3523 ct
1290 3467 1399 3537 iudam,
1417 3479 1444 3526 et
1461 3472 1544 3528 homo
1559 3482 1678 3540 vorator,
1705 3482 1734 3528 et
1754 3473 1809 3529 vini
1828 3483 1937 3545 potator

286 3564 336 3619 hei
348 3563 488 3630 notitianr;
506 3564 550 3618 ille
565 3564 648 3618 trabit
662 3564 697 3619 ad
718 3564 795 3629 vitia,
810 3563 854 3619 hle
866 3563 900 3618 ad
913 3562 1029 3618 virtutes
1042 3577 1086 3618 re·
1138 3557 1199 3625 sim,
1216 3558 1277 3613 talis
1289 3560 1380 3630 opinio
1393 3568 1475 3630 atque
1494 3561 1673 3632 blasphemia,
1688 3578 1844 3634 quanquam
1856 3565 1936 3636 culpa

286 3660 389 3708 vocat:
407 3654 543 3723 quomodo
566 3668 631 3723 ergo
654 3660 767 3724 possunt
791 3652 892 3708 habere
914 3651 1086 3708 concordiam
1137 3666 1190 3705 aaa
1203 3659 1297 3706 careat
1309 3652 1420 3716 erroris,
1434 3662 1524 3708 tamen
1538 3653 1738 3709 hahetveniam
1748 3662 1861 3727 propter
1874 3671 1936 3713 cor-

287 3744 361 3798 intcr
376 3757 416 3807 se,
428 3757 543 3811 quarum
557 3757 640 3811 opera
653 3742 737 3798 divisa
752 3743 831 3797 sont?
1136 3740 1210 3810 poris
1223 3741 1365 3798 vilitatem.
1380 3741 1448 3800 Nam
1463 3743 1490 3798 in
1503 3759 1537 3798 co
1554 3744 1626 3814 quod
1639 3745 1770 3814 sequitur.

323 3833 388 3888 ldeo
406 3833 465 3886 dieo
489 3833 570 3898 robis,
588 3849 663 3886 omae
680 3843 813 3902 peecatum
826 3843 851 3888 et
866 3831 1026 3904 blasphemia
1044 3849 1087 3889 re·
1173 3830 1225 3896 Qut
1248 3843 1335 3887 autent
1348 3832 1445 3889 dixerit
1468 3843 1561 3889 contro
1583 3833 1712 3906 Spiritum
1733 3848 1865 3907 sanctuar,
1881 3855 1934 3895 noa

288 3926 405 3981 mittetur
422 3925 580 3977 ltonriniias.
604 3923 701 3979 Omnia
723 3929 834 3993 peecata
859 3932 886 3981 et
912 3924 1086 3995 blasphemia
1137 3923 1327 3987 remitteturei,
1342 3942 1424 3996 neque
1444 3929 1472 3980 ia
1493 3926 1763 3998 decretalemque
1786 3931 1814 3983 iu
1832 3931 1932 4000 saturo.

286 4032 342 4072 non
355 4015 454 4086 passim
469 4015 641 4070 dimittuntur
659 4015 784 4070 omnibus
801 4014 966 4083 hominihus,
982 4016 1028 4071 sed
1043 4016 1087 4071 bis
1137 4011 1239 4085 (Grep.)
1257 4015 1297 4068 Ex
1319 4016 1361 4071 his
1377 4017 1468 4071 verbis
1487 4017 1591 4070 bomini
1612 4017 1693 4072 dator
1712 4018 1824 4089 intelligi
1848 4035 1931 4089 quas·

287 4110 333 4179 qul
344 4109 451 4180 dignam
466 4123 515 4177 pro
535 4107 634 4161 erratis
649 4107 706 4162 sois
721 4106 748 4160 iu
764 4106 817 4160 hac
829 4107 883 4160 vita
897 4107 1086 4177 poenitentiam
1136 4104 1197 4157 dam
1211 4103 1303 4172 culpas
1320 4103 1347 4158 in
1370 4105 1422 4158 hoc
1443 4105 1551 4172 saeculo,
1566 4106 1697 4175 quasdam
1716 4122 1781 4162 vero
1796 4108 1823 4162 ln
1842 4108 1933 4167 tuturo

285 4199 404 4270 egerint.
419 4197 512 4268 Neque
527 4198 613 4252 ullum
631 4198 713 4252 babet
731 4196 820 4251 laeum
841 4211 932 4266 pravae
956 4195 1086 4251 assertio-
1136 4191 1232 4247 laxari.
1256 4192 1332 4260 Quod
1345 4194 1417 4248 enim
1437 4194 1470 4250 de
1490 4209 1544 4249 oao
1558 4203 1683 4265 negatur,
1706 4212 1876 4269 consequens
1891 4199 1933 4254 ln·

286 4292 329 4347 nis
347 4290 389 4345 vel
412 4289 588 4353 Novatianos,
604 4295 635 4341 ut
648 4286 842 4356 poeaitentihos
853 4287 892 4340 eis
906 4286 952 4356 qui
970 4287 997 4340 in
1014 4300 1086 4340 mar·
1136 4283 1258 4338 tellectos
1273 4291 1346 4353 patet
1365 4283 1429 4353 quia
1450 4284 1482 4339 de
1500 4284 1661 4355 quibasdam
1688 4289 1853 4344 conceditur.
1878 4289 1933 4347 Sed

287 4381 359 4452 tyrio
375 4397 424 4436 suo
439 4381 507 4451 lapsi
523 4387 587 4434 suat
606 4377 712 4432 veniam
727 4383 806 4446 neget
819 4391 879 4432 esse
897 4376 1084 4443 tribuendam
1136 4381 1226 4427 tamea
1241 4373 1293 4428 hoc
1305 4374 1337 4429 de
1344 4374 1442 4445 parvis
1457 4375 1630 4446 minimisque
1648 4380 1765 4449 peccatis
1782 4379 1840 4435 lieri
1851 4395 1933 4451 passe

285 4473 329 4528 vel
352 4471 491 4543 Origenes,
507 4480 536 4526 ut
554 4475 660 4525 asserat
679 4476 740 4538 post
763 4468 895 4537 judicium
919 4465 1084 4533 universale,
1135 4466 1300 4521 credendum
1322 4473 1364 4521 est
1381 4483 1387 4519 :
1405 4466 1476 4522 sicot
1495 4476 1538 4523 est
1560 4467 1685 4524 assiduus
1705 4470 1808 4527 otiosos
1829 4486 1931 4541 sernia,
2006 4510 2012 4519 κ

286 4566 433 4619 transactis
452 4564 516 4619 licet
541 4560 700 4618 saecolorum
721 4559 903 4615 voluminibus
923 4558 1084 4626 innumeris,
1135 4557 1330 4612 immoderatas
1344 4557 1425 4624 risos,
1436 4566 1463 4613 et
1477 4567 1616 4629 peecatum
1631 4574 1703 4615 carae
1717 4562 1755 4615 rei
1770 4561 1930 4620 lamiliaris:

286 4665 399 4711 coactos
419 4663 574 4725 peccatores
594 4667 625 4707 ac
647 4651 820 4721 blasphemos
832 4650 940 4706 veniam
960 4657 1084 4720 peecato-
1135 4663 1195 4720 quae
1213 4648 1260 4703 vix
1274 4649 1332 4704 sine
1344 4648 1423 4721 culpa
1443 4650 1485 4706 vel
1507 4651 1541 4706 ab
1561 4650 1626 4721 ipsis
1639 4651 1730 4722 agitur
1752 4654 1798 4722 qui
1822 4654 1931 4725 culpam

286 4761 348 4799 rom
372 4760 433 4799 csse
449 4752 653 4808 consecuturos,
675 4751 757 4812 atque
780 4742 814 4796 ad
839 4758 952 4813 regnum
973 4741 1087 4799 eoeleste‘
1135 4739 1251 4809 qualiter
1272 4739 1404 4796 declinari
1427 4741 1524 4796 debeat
1537 4742 1645 4796 seiont:
1662 4751 1709 4797 aut
1727 4743 1754 4798 in
1774 4760 1827 4799 non
1842 4745 1931 4814 gravi·

284 4835 488 4909 perducendas:
507 4835 583 4906 crrjus
602 4849 722 4889 errorem
739 4834 880 4903 sequentia
900 4849 1008 4904 quoque
1028 4834 1081 4891 bo·
1134 4830 1184 4886 bus
1205 4830 1291 4902 culpis
1315 4845 1408 4886 errore
1437 4832 1617 4901 ignorantiam
1642 4849 1703 4903 quae
1727 4843 1825 4890 cuncta
1848 4835 1931 4892 etiam

285 4924 354 4979 mini
372 4925 452 4980 verba
465 4934 590 4995 arguunt.

323 5019 439 5088 Spiritus
465 5029 552 5071 autem
580 5018 740 5088 blasphemia
769 5033 822 5071 non
850 5019 1003 5073 remittetur.
1031 5019 1082 5087 Qui

284 5128 352 5183 ergo
371 5108 514 5165 marrileste
526 5109 678 5180 intelligens
687 5123 769 5178 opem
785 5109 844 5175 hei,
860 5125 921 5164 cum
936 5109 969 5164 de
983 5109 1083 5166 virtute

284 5217 386 5274 negare
405 5219 457 5257 aon
471 5202 568 5271 possit,
587 5201 740 5256 stiruulatos
754 5201 866 5267 invidia,
881 5202 1080 5267 calumniatum

284 5304 313 5351 et
325 5293 463 5349 Christum
480 5293 582 5363 lieiquc
595 5293 723 5359 Verbum,
739 5299 767 5347 et
783 5308 865 5362 opera
885 5292 1003 5364 Spiritus
1018 5309 1081 5350 san·

284 5389 323 5446 cti
338 5388 403 5445 dicit
414 5402 474 5443 esse
488 5385 640 5451 belzebub,
653 5386 697 5440 isti
716 5401 769 5440 nou
791 5385 941 5440 dimittetur
955 5401 1043 5458 neque
1053 5387 1081 5441 in

284 5478 412 5549 prasenti
425 5477 533 5543 saeculo,
545 5491 632 5548 neque
645 5477 671 5530 in
685 5475 785 5530 loturo.
798 5474 856 5531 Non
869 5477 940 5546 qood
953 5492 1083 5548 negemus

284 5579 312 5625 et
325 5569 363 5636 ei,
377 5568 398 5624 si
409 5570 601 5641 poenlteatiam
616 5584 696 5639 agere
707 5568 832 5633 valuerit,
844 5583 923 5639 passe
934 5569 1033 5624 dimitti
1047 5569 1082 5623 ah

285 5677 320 5718 eo
339 5662 385 5733 qui
400 5663 454 5716 uait
472 5680 560 5718 omnes
573 5664 689 5717 immines
702 5660 788 5716 saiaos
802 5661 871 5730 lieri,
890 5670 914 5714 et
927 5662 956 5715 in
968 5661 1083 5731 equitia·

284 5770 346 5810 aem
366 5756 481 5810 veritatis
506 5757 592 5811 uenire
617 5755 680 5826 (Tit.
697 5755 728 5825 t),
745 5754 791 5810 sed
804 5752 876 5824 qood
895 5753 946 5823 ipsi
957 5751 1042 5820 judici
1056 5759 1084 5810 et

1133 4929 1194 4991 post
1221 4930 1336 4977 nrortem
1351 4932 1474 4992 gravant,
1497 4923 1520 4977 si
1541 4924 1629 4979 aditae
1654 4925 1679 4978 in
1705 4925 1756 4981 hac
1766 4925 1822 4980 vita
1834 4925 1931 4997 positis

1134 5014 1245 5069 minime
1267 5013 1368 5070 suerint
1393 5014 1523 5069 relaxata.
1544 5014 1600 5071 lloe
1620 5023 1710 5070 tamen
1735 5015 1874 5072 sciendum
1890 5025 1932 5073 est

1134 5105 1198 5176 quia
1211 5104 1275 5170 illic,
1294 5106 1389 5160 saltem
1404 5105 1437 5161 de
1452 5105 1581 5172 minimis,
1604 5106 1641 5162 nil
1665 5107 1779 5179 quisquc
1793 5109 1932 5180 purgatio·

1135 5199 1177 5253 uis
1191 5196 1334 5262 obtinebit,
1358 5197 1409 5251 uisi
1425 5198 1504 5253 honis
1524 5200 1576 5253 hoc
1597 5200 1702 5255 actibus
1720 5201 1747 5255 ia
1767 5201 1819 5257 hac
1842 5202 1930 5258 adhuc

1134 5291 1190 5344 vita
1209 5289 1324 5360 positos,
1338 5296 1369 5342 ut
1383 5289 1437 5344 illie
1453 5291 1585 5358 obtineat,
1598 5301 1796 5361 promereatur.

1171 5382 1223 5436 Aut
1239 5380 1318 5453 tacite
1331 5380 1450 5435 arborem
1465 5381 1558 5436 honam
1573 5391 1599 5437 et
1616 5384 1730 5454 [metam
1750 5383 1808 5454 ejas
1823 5383 1929 5439 donum.

1135 5469 1188 5524 ilat
1199 5470 1277 5539 [acite
1297 5469 1416 5524 arborem
1436 5469 1534 5525 maiam
1559 5477 1583 5526 et
1603 5472 1717 5540 fractum
1738 5471 1795 5542 ejus
1818 5471 1928 5527 molum.

1135 5560 1179 5615 Ea
1201 5560 1329 5632 tractibus
1348 5562 1476 5633 siquidem
1495 5563 1575 5618 mbos
1590 5563 1749 5634 agnoscitur.
1765 5562 1932 5636 constringit

1136 5669 1183 5710 eos
1205 5653 1376 5726 syllogismo,
1399 5668 1481 5724 qoem
1502 5652 1590 5711 Gracci
1612 5663 1709 5708 vocant
1722 5652 1836 5727 iilnppa‘
1862 5652 1929 5726 tall„

1133 5747 1278 5822 rtpdaroat,
1301 5765 1351 5805 nos
1384 5747 1567 5803 inevitabilem
1596 5763 1740 5817 possumus
1770 5746 1928 5819 appellare:

285 5833 409 5916 largitori
423 5847 507 5902 veniae
522 5841 1085 5920 credentes,quiseetpoeaitentiamsenr·
1134 5841 1180 5911 qui
1203 5841 1383 5911 interrogatos
1408 5840 1473 5895 hinc
1498 5839 1562 5894 iude
1590 5837 1743 5902 concludit,
1764 5846 1791 5893 et
1815 5838 1931 5907 otroqae'

285 5951 336 6010 per
348 5948 534 6009 acceptorum,
550 5946 577 5994 et
594 5938 664 5993 hanc
685 5935 881 6007 blasphemiam
894 5949 1026 6005 nusquam
1044 5935 1085 5991 di·
1133 5947 1218 5988 corno
1240 5932 1348 6002 premit.
1364 5930 1405 5999 Si,
1430 5930 1527 6000 lnquit,
1543 5928 1668 5985 diabolos
1682 5929 1770 5986 nialus
1787 5937 1839 5995 est,
1859 5929 1931 5985 lrana

290 6027 329 6083 cit
348 6042 409 6084 esse
430 6030 623 6102 poeuitendam,
647 6028 789 6085 credamus
811 6027 883 6083 hunc
895 6025 1085 6096 blasphemia
1133 6039 1215 6094 opera
1241 6021 1329 6080 lacere
1342 6039 1396 6079 aon
1411 6030 1514 6093 potest;
1529 6022 1553 6077 sl
1570 6029 1659 6076 autent
1681 6021 1842 6090 bonoopera
1856 6024 1931 6085 suut,
