4509 6850
304 684 360 743 225
831 674 876 731 nti
894 672 1067 733 inuolutis
1086 672 1115 729 S.
1135 671 1270 732 cunels.
1290 703 1325 715 -
1342 672 1408 729 lte:
1426 672 1447 727 l.

913 785 1172 852 necessario
1195 788 1369 851 FIGURAE.

341 979 408 1037 lime
432 976 514 1051 igitur
544 972 643 1046 pagina
667 970 930 1043 quinquagenarium
961 972 1199 1035 numerumAra,
1220 968 1283 1039 quia
1299 975 1355 1023 tota
1376 968 1446 1022 ratio
1462 966 1534 1023 illius
1548 967 1725 1037 spiritualiter
1745 973 1821 1029 cruci
1833 984 1951 1045 aptatur.

305 1071 440 1136 eontinet,
455 1068 484 1124 iu
504 1065 626 1137 quinique
645 1061 668 1117 ll
684 1062 782 1118 litteris
796 1077 954 1131 expressum
978 1078 985 1115 ε
1000 1075 1062 1130 quae
1077 1068 1106 1116 et
1157 1057 1226 1113 llam
1238 1056 1357 1113 servitus
1368 1057 1485 1114 indebita
1497 1056 1679 1114 israelitarum
1693 1061 1719 1115 in
1736 1061 1781 1116 illo
1796 1064 1950 1136 relaxatur,

306 1162 414 1221 denarii
437 1169 514 1216 notat
535 1170 681 1219 summam,
693 1162 722 1210 et
733 1152 823 1210 crucis
838 1151 966 1221 exprimit
981 1151 1105 1224 liguram,
1157 1156 1185 1204 et
1196 1163 1245 1220 per
1255 1163 1366 1205 erucem
1380 1148 1487 1220 generis
1501 1148 1611 1204 burnani
1625 1151 1770 1221 captivitas
1784 1163 1812 1209 ct
1822 1159 1950 1228 servitos,

306 1256 335 1312 in
357 1252 437 1324 euius
458 1251 591 1306 bonorem
604 1256 689 1302 totum
709 1259 778 1315 opus
792 1243 929 1299 conditur.
943 1241 993 1297 llic
1002 1240 1106 1311 jubilaei
1157 1256 1211 1312 qua
1222 1248 1334 1311 peccato
1345 1241 1470 1311 nequiter
1482 1247 1563 1310 atque
1578 1240 1656 1297 idolis
1676 1245 1820 1314 serviebat,
1834 1248 1953 1309 destrui·
2004 1291 2008 1300 ·

306 1353 386 1404 tenet
402 1341 617 1404 observantiam,
632 1345 660 1393 et
680 1351 753 1391 verae
778 1333 958 1399 remissionis,
979 1348 1039 1403 quae
1058 1346 1107 1403 per
1158 1339 1212 1398 tur,
1228 1340 1255 1387 ct
1266 1347 1337 1387 verm
1360 1332 1492 1400 libertati,
1511 1348 1562 1403 qua
1579 1333 1635 1391 Deo
1653 1336 1702 1392 soli
1716 1341 1843 1409 servitur,
1858 1344 1952 1412 borna,

307 1450 422 1495 cmcem
438 1442 496 1489 toto
512 1429 572 1486 orbi
593 1426 761 1492 maceditnr,
791 1423 872 1479 index
889 1432 958 1478 est:
984 1422 1029 1478 bic
1046 1429 1108 1492 post
1158 1421 1205 1493 qui
1218 1422 1251 1476 ad
1264 1421 1409 1492 imaginem
1421 1423 1467 1477 Dei
1479 1432 1588 1479 creatus
1598 1434 1651 1492 est,
1668 1428 1799 1486 redditur.
1811 1433 1839 1488 ln
1851 1435 1954 1507 jubileo

310 1528 395 1603 typici
407 1525 520 1583 Ριιειιιε
533 1519 744 1578 celebrationem
757 1524 785 1572 et
795 1516 878 1571 occisi
889 1515 952 1587 agni
965 1513 1106 1582 solemnia,
1159 1528 1267 1584 quoquc
1282 1514 1316 1568 ad
1331 1514 1472 1584 antiquam
1487 1530 1670 1584 possessorem
1694 1521 1802 1578 vendita
1818 1528 1953 1594 possessio

309 1618 498 1687 transitusque
508 1611 614 1668 bomini
626 1610 654 1665 in
667 1609 794 1681 AEgypto,
809 1607 1014 1663 celeberrimam
1025 1605 1105 1664 lesti-
1159 1606 1316 1673 revertitur,
1332 1616 1360 1663 et
1382 1608 1409 1664 in
1424 1610 1550 1679 passione
1564 1610 1672 1668 Domini
1687 1615 1789 1674 bomini
1802 1624 1878 1692 prior
1891 1641 1954 1696 pos-

309 1710 427 1766 vitatem
443 1705 511 1777 legis
521 1704 592 1759 datae
606 1701 633 1756 in
645 1708 739 1755 moute
753 1697 828 1754 Sinai
848 1698 925 1754 testis
941 1706 999 1766 est;
1010 1707 1109 1770 etpost
1160 1695 1255 1762 sessio,
1273 1695 1300 1750 id
1315 1705 1369 1763 est,
1382 1698 1524 1768 paradisus
1537 1699 1668 1769 redditur,
1684 1719 1766 1774 quam
1780 1722 1830 1777 per
1844 1726 1954 1781 pomum

309 1816 410 1857 verum
419 1796 524 1854 Pascha
538 1793 655 1867 agnique
671 1791 773 1848 Cbristi
788 1790 1010 1856 immolationem,
1025 1791 1109 1849 Para·
1159 1786 1273 1841 vetitum
1296 1787 1353 1858 lpse
1368 1787 1439 1843 male
1459 1798 1686 1857 commutaverat,
1707 1810 1799 1853 escam
1819 1803 1956 1872 accipiens

309 1893 380 1949 cleti
398 1905 481 1961 super
499 1885 636 1960 apostolos
664 1885 740 1941 missi
767 1884 969 1941 demonstrator
983 1894 1041 1953 est;
1063 1886 1109 1942 bic
1160 1885 1189 1932 et
1210 1876 1293 1934 vitam
1317 1879 1443 1951 perdens.
1467 1881 1506 1937 lbi
1533 1882 1632 1954 quippe
1657 1897 1822 1960 praeceptum
1832 1901 1875 1948 εει
1892 1895 1957 1953 ultis

310 1986 459 2042 sabbatum
484 1980 660 2039 sabbatorum
688 1986 750 2049 post
772 1978 980 2049 completionem
1006 1988 1108 2051 septem
1160 1968 1340 2037 lsrael,utse
1360 1972 1529 2028 abstinerent
1548 1975 1767 2048 amraliopere,
1788 1983 1875 2039 ethic
1891 2002 1956 2042 con·

285 2073 544 2132 'hebdomadarum
570 2068 687 2126 monade
701 2067 793 2124 addita
808 2069 944 2140 designat,
960 2078 988 2125 et
1000 2078 1109 2125 aeternae
1160 2077 1267 2118 cessum
1289 2064 1391 2119 51110ῑί8
1411 2064 1470 2130 Del,
1493 2072 1524 2119 11ῑ
1537 2075 1782 2126 l'itcenlatetretta
1797 2074 1955 2144 cupiditate.
1994 2097 1997 2102 ·

312 2164 431 2237 requiei,
446 2178 507 2234 unae
526 2175 590 2217 vere
610 2174 663 2214 una
691 2166 742 2222 est,
759 2158 857 2230 gaudia
870 2159 1047 2224 demonstrat,
1062 2158 1109 2213 ubi
1160 2151 1381 2225 clangebantque
1407 2154 1522 2210 buccina
1550 2155 1597 2212 lilii
1612 2157 1694 2213 lsrael
1718 2159 1745 2216 in
1762 2161 1819 2232 ipso
1834 2164 1956 2235 jubileo,

311 2266 390 2311 terra
414 2266 559 2326 eorporum
586 2259 742 2306 nostmmm
765 2263 830 2304 vere
857 2264 935 2304 strum
962 2248 1111 2305 celebrabit
1160 2245 1276 2315 septimo
1295 2260 1400 2313 mense,
1430 2244 1536 2302 decima
1554 2248 1598 2305 die
1621 2251 1735 2319 mensis,
1758 2256 1958 2326 propitiationis

311 2346 458 2403 sabbatam
474 2342 560 2413 :qnia
578 2340 651 2397 nulla
663 2339 807 2411 praesentis
819 2341 881 2395 vitae
900 2340 997 2395 damna
1012 2338 1109 2394 sentiet
1124 2347 1148 2408 Β
1163 2342 1284 2405 tempore
1307 2335 1335 2391 in
1360 2337 1488 2392 uniuersa
1503 2347 1576 2395 terra
1589 2355 1652 2409 sua,
1672 2351 1699 2398 et
1718 2347 1957 2406 sanctificaverunt

311 2438 387 2495 ultra
410 2435 543 2501 laborum,
567 2432 613 2489 sed
639 2432 667 2488 in
691 2430 815 2487 laudibus
836 2439 946 2486 aeterrrm
969 2429 1110 2485 Trinitatis
1161 2427 1416 2499 quinquagesimum
1428 2445 1539 2498 annum,
1549 2439 1577 2486 ct
1591 2446 1756 2492 rocaverunt
1769 2440 1957 2499 remissionem

310 2542 395 2585 saum
420 2524 559 2582 exercebit
578 2521 695 2579 odicium
719 2538 726 2577 :
751 2521 882 2591 quiasuae
901 2519 1111 2589 incorruptionis
1161 2520 1268 2576 cunctis
1291 2521 1489 2577 habitatoribus
1518 2530 1599 2579 terrae
1624 2540 1689 2581 sure.
1724 2527 1959 2604 insonueruntque

309 2618 443 2693 gaudebit
466 2632 495 2673 sc
520 2615 622 2673 nullum
640 2616 741 2671 babere
766 2616 921 2671 terminum.
940 2615 1111 2687 Quapropter
1162 2612 1227 2667 tuba
1249 2613 1452 2683 praedicationis
1476 2614 1593 2684 apostoli
1614 2623 1642 2671 et
1659 2618 1749 2674 caetrrri
1766 2622 1957 2690 praedicatores

309 2708 552 2779 meritoquaeritur
570 2708 705 2778 quomodo
723 2706 1111 2777 quinquagenariusnumems
1161 2702 1313 2775 Evangelii,
1329 2703 1450 2774 Spiritus
1463 2705 1550 2761 sancti
1567 2707 1653 2777 gratia
1673 2709 1779 2779 repleti,
1793 2710 1880 2785 legem
1899 2716 1957 2786 spi-

310 2814 348 2856 ex
365 2813 481 2854 numero
504 2795 719 2868 quadragenario
743 2804 847 2866 surgat.
872 2796 1111 2868 Quadragenarius
1162 2792 1300 2849 ritualiter
1310 2794 1530 2866 interpretantes,
1541 2804 1569 2850 et
1581 2796 1709 2855 docentes
1718 2799 1746 2855 in
1757 2809 1814 2857 toto
1824 2804 1889 2859 orbe
1899 2820 1957 2877 poe-

310 2890 407 2961 itaque
429 2897 473 2946 est
488 2903 619 2944 numerus
633 2903 667 2943 ex
688 2886 743 2953 bis,
760 2888 805 2957 qui
826 2896 960 2942 vocantur
972 2887 1112 2959 impariter
1162 2885 1305 2941 nitentiam
1318 2895 1346 2941 et
1360 2886 1547 2944 remissionem
1569 2896 1742 2959 peccatomm
1760 2894 1885 2965 accipere
1909 2913 1958 2968 per

310 2993 405 3052 pares,
419 2977 467 3050 qni
479 2977 610 3034 dividitur
623 2976 651 3032 in
674 2990 766 3047 aequas
778 2984 880 3047 partes,
893 2976 1025 3047 cujusque
1047 2992 1112 3046 pars
1163 2990 1262 3031 nomen
1274 2975 1375 3031 Christi
1391 2994 1496 3043 omnes,
1512 2978 1557 3049 qui
1570 2981 1685 3035 credunt
1698 2982 1725 3035 in
1741 2998 1814 3038 eum.
1834 2982 1958 3043 Ostendit

310 3070 424 3127 toalias
443 3083 535 3140 equas
549 3067 631 3125 dividi
643 3074 744 3139 potest,
759 3081 811 3122 nec
831 3082 884 3122 non
906 3076 934 3121 et
948 3076 1040 3137 partes
1050 3081 1113 3138 par·
1163 3082 1273 3139 quoqne
1296 3068 1354 3138 ipse
1367 3066 1491 3122 Salvator·
1505 3069 1557 3124 lroe
1570 3085 1642 3124 verae
1658 3071 1825 3129 remissionis
1838 3082 1956 3147 tempus,

314 3159 383 3216 hum
394 3157 562 3225 dividuntur,
576 3157 624 3214 sed
639 3172 693 3213 non
707 3172 793 3228 usque
805 3158 840 3212 ad
852 3156 984 3212 unitatem
1000 3172 1112 3228 pregre·
1163 3158 1272 3229 quando
1286 3156 1419 3212 Nazareth
1438 3159 1551 3213 verricus
1565 3159 1592 3213 in
1615 3175 1749 3233 synagoga
1763 3162 1867 3232 legebat
1882 3167 1958 3236 eapi-

311 3249 398 3306 ditnr.
409 3247 533 3320 AEpualis
545 3248 591 3305 illa
603 3248 701 3306 divisio
711 3256 765 3304 est.
774 3247 908 3320 Ergoeius
919 3248 1051 3304 medietas
1064 3264 1110 3322 rr,
1163 3246 1250 3303 tulum
1264 3245 1298 3302 de
1307 3246 1375 3301 isaia
1391 3247 1522 3318 propbeta
1535 3247 1569 3302 ad
1588 3261 1617 3303 se
1630 3249 1769 3318 pertinens
1792 3252 1830 3307 ita
1841 3252 1934 3310 dicens
1949 3270 1958 3309 :

311 3350 412 3414 quarta
427 3355 492 3413 pars
503 3356 530 3408 x,
541 3340 637 3412 quinta
650 3354 715 3411 pars
727 3354 789 3407 vut,
804 3350 901 3395 octava
915 3354 979 3410 pars
989 3355 1015 3404 v,
1029 3341 1112 3396 deei-
1164 3333 1280 3406 Spiritrre
1299 3335 1405 3391 Donrr’rri
1419 3352 1497 3407 saper
1517 3353 1568 3403 me,
1583 3353 1613 3391 eo
1632 3338 1702 3408 quod
1715 3341 1791 3394 trualt
1812 3358 1863 3408 me,
1880 3360 1959 3399 eror-

310 3449 357 3491 ιιι
380 3449 446 3506 pm
466 3448 504 3500 rr,
535 3433 664 3490 vieesima
689 3449 720 3500 rr,
744 3432 954 3505 quadragesima
975 3449 995 3489 r.
1022 3432 1111 3490 linum
1162 3423 1277 3498 peditare
1301 3426 1459 3498 pauperihus
1479 3427 1549 3482 misit
1572 3443 1612 3495 nte
1629 3428 1775 3496 predicare
1797 3433 1903 3503 ruptiels
1919 3450 1959 3489 re·

312 3526 388 3582 urim
406 3533 436 3582 et
448 3540 479 3593 u,
491 3533 519 3582 et
531 3540 568 3591 ιι,
590 3533 618 3582 ει
630 3541 657 3592 ι,
677 3533 705 3581 ει
719 3539 782 3591 vrrr,
793 3531 822 3581 et
834 3540 862 3592 x,
878 3533 906 3580 ει
917 3540 965 3590 xx,
978 3524 1113 3595 quinqua·
1162 3518 1324 3585 morionem,
1347 3526 1371 3572 et
1392 3518 1468 3573 ceeia
1489 3519 1584 3587 denar,
1607 3519 1739 3576 dimittere
1759 3522 1906 3595 confractor
1929 3526 1959 3581 r'rr

312 3617 390 3688 ginta
403 3615 518 3672 famant.
532 3613 587 3672 Sed
599 3616 652 3671 boe
664 3614 862 3671 incrementum
878 3614 990 3670 minoris
1005 3615 1111 3673 numeri
1163 3608 1351 3673 temlfflomms
1366 3607 1511 3678 Pfss'dl'mrt
1535 3625 1634 3664 chelm
1654 3609 1760 3666 Domini
1783 3623 1917 3686 occeptum
1932 3626 1959 3673 et

314 3713 343 3768 in
360 3707 492 3780 maiorem
519 3709 584 3781 quid
605 3707 677 3764 aliud
700 3707 845 3781 significat,
859 3722 939 3778 quarn
957 3706 1146 3786 prolectumc
1162 3697 1232 3753 diem
1253 3699 1443 3754 retributionis.
1462 3699 1570 3754 Annum
1586 3709 1676 3757 autern
1692 3711 1834 3775 acceptum
1844 3716 1872 3762 et
1884 3706 1957 3765 dem

314 3799 457 3856 nostram?
478 3797 658 3853 Praediximus
687 3812 764 3868 ergo,
789 3797 861 3868 quod
879 3797 1111 3869 quadragenarius
1163 3792 1358 3857 retributionis,
1375 3807 1457 3848 omne
1468 3793 1671 3864 praedicationis
1684 3794 1754 3866 ejus,
1768 3813 1821 3867 quo
1832 3799 1860 3855 in
1875 3815 1957 3857 carno

314 3904 447 3946 numerus
463 3890 535 3945 lranc
555 3888 732 3958 temporalem
749 3889 833 3943 vitam
848 3897 1047 3959 etpraescntem
1062 3889 1111 3944 dc·
1162 3888 1353 3948 venaturam,
1370 3891 1476 3964 tempus
1492 3883 1621 3956 intellige,
1635 3888 1743 3956 quando
1756 3891 1836 3946 caecis
1851 3890 1895 3945 lux
1909 3906 1956 3949 ve-

314 3982 421 4054 signet3
433 3979 683 4052 quinqumenarius
696 3993 761 4034 vero
774 3979 894 4048 quietem
905 3978 1003 4034 lotura,
1016 3979 1113 4050 patriae
1162 3991 1205 4041 ra,
1216 3991 1275 4047 pue
1287 3973 1418 4030 illuminor
1430 3991 1531 4030 omnem
1544 3977 1675 4032 hominem
1688 3981 1832 4035 sementem
1846 3983 1873 4037 in
1887 3984 1957 4038 lasso

314 4079 455 4129 staterae
462 4069 564 4144 gaudia
571 4069 748 4125 demonstret.
757 4067 827 4136 Quid
835 4067 908 4124 aliud
916 4068 1050 4138 nobisper
1062 4070 1113 4124 hos
1161 4067 1300 4134 mundum,
1316 4067 1350 4124 ad
1371 4068 1588 4139 cognoscendum
1604 4071 1746 4126 veritatem
1761 4072 1844 4129 verbo
1858 4082 1886 4130 et
1907 4075 1958 4129 mi·

314 4161 385 4219 daos
406 4175 536 4218 nunteros
556 4159 717 4225 insinuatur,
736 4159 787 4215 nisi
798 4168 828 4214 ut
838 4159 909 4215 banc
921 4160 1003 4214 vitam
1018 4168 1112 4216 sancta
1163 4159 1264 4215 raculis
1281 4159 1388 4229 aperuit
1410 4159 1509 4225 visum,
1533 4167 1562 4214 et
1575 4159 1602 4214 iu
1617 4175 1698 4216 eruce
1713 4161 1833 4217 moriens
1856 4163 1959 4219 dimisit

314 4251 495 4308 warcrsione
517 4251 658 4316 ducentes,
681 4248 848 4305 orationibus
860 4258 887 4304 et
909 4247 1011 4320 vigiliis
1031 4257 1112 4319 atque
1162 4251 1283 4320 captivos
1295 4248 1503 4320 eonlraetosque
1517 4251 1544 4306 in
1560 4251 1758 4318 remissionem,
1778 4254 1841 4323 quia
1854 4255 1958 4311 destrar-

313 4345 425 4420 jejuniis
438 4345 584 4412 instantes,
603 4341 797 4399 misericordiae
815 4355 923 4412 quoque
942 4339 1072 4410 operibus
1085 4347 1113 4395 et
1162 4344 1210 4398 etia
1237 4342 1348 4398 vinculis
1370 4344 1625 4415 earnemcarnem
1650 4345 1677 4400 ia
1696 4343 1793 4415 glorio,
1815 4347 1957 4402 ascendens

316 4434 675 4508 ebemsvuisiamdanter,
689 4432 769 4504 plena
784 4430 849 4497 fide,
861 4445 909 4502 spe
920 4430 1037 4502 integra,
1050 4443 1113 4501 per·
1162 4433 1292 4502 captivom
1318 4432 1394 4487 duait
1416 4433 1602 4503 captivitatem,
1620 4433 1691 4487 dedit
1713 4431 1780 4487 horta
1798 4432 1956 4489 hominihus.

317 4528 388 4585 lecta
407 4529 541 4585 charitate
563 4526 598 4583 ad
608 4526 683 4583 illam
706 4526 806 4597 quein
820 4525 1112 4594 eoelisexspeetatnos
1162 4522 1240 4592 Quod
1258 4530 1350 4578 antem
1374 4525 1432 4578 hmo
1448 4523 1603 4579 testimonia
1627 4524 1661 4578 ad
1680 4523 1768 4594 ipsum
1790 4525 1956 4594 pertineant,

315 4620 434 4692 patriam
448 4632 645 4692 properemus:
660 4617 706 4673 nbi
725 4617 804 4688 quies
815 4625 917 4672 aeterna
937 4614 1040 4685 absque
1058 4614 1112 4670 ullo
1163 4609 1279 4671 testatur
1300 4615 1466 4686 evangelista
1487 4614 1663 4680 haereseum
1680 4612 1817 4688 subiungit
1834 4615 1957 4674 Salvato-

315 4710 412 4769 laborc
425 4711 596 4783 possidetur;
611 4709 656 4766 ubi
673 4723 768 4765 verum
779 4708 908 4779 gaudium
922 4708 981 4762 sine
995 4705 1049 4761 ulla
1063 4707 1112 4761 tri-
1162 4722 1221 4763 rem
1234 4706 1288 4763 boc
1302 4705 1373 4763 idem
1384 4704 1554 4761 auditoribus
1565 4706 1622 4761 suis
1634 4704 1783 4762 ahirnrassc
1795 4707 1833 4762 ita
1845 4709 1956 4765 dieensr

316 4802 393 4859 11ῑίὓᾶ
404 4803 576 4866 continauri
596 4799 643 4856 ubl
657 4798 788 4871 quidquid
798 4797 862 4854 b⁰⁰l
872 4798 917 4855 hic
927 4812 960 4852 0¹
973 4804 1049 4866 parte
1062 4796 1112 4851 311·
1163 4802 1346 4875 Captantem
1371 4801 1457 4856 dicere
1476 4800 1511 4856 ud
1531 4799 1603 4866 illos,
1626 4802 1688 4872 puio
1701 4801 1778 4856 lrodie
1793 4800 1899 4873 impleto
1917 4813 1956 4858 eet

316 4908 372 4965 dtu
395 4893 579 4964 llefoellimub
601 4899 687 4948 10111111
711 4899 794 4961 atque
824 4891 958 4962 integrum
984 4890 1043 4944 sine
1058 4889 1111 4948 liue
1163 4896 1219 4951 lroee
1233 4892 1372 4964 Scriptura
1385 4893 1413 4947 ie
1437 4891 1545 4947 aeritur
1560 4895 1661 4948 restria.
1681 4892 1715 4947 Et
1730 4910 1820 4948 omnes
1839 4895 1956 4950 testimo·

315 4984 484 5058 procetur.
507 4982 594 5040 Porto
612 4990 703 5040 autom
714 4982 843 5038 debilius
855 4997 986 5038 numems
1004 4988 1112 5037 610110·
1162 4990 1236 5044 niem
1251 4985 1415 5054 illidebant,
1430 4993 1455 5040 et
1467 4983 1632 5040 mirchontar
1646 4986 1674 5040 irt
1693 4985 1775 5040 oerhia
1792 4987 1886 5057 gratie
1897 5004 1957 5059 gete

316 5078 359 5135 ris
368 5085 451 5147 atque
462 5075 736 5145 meaturaesignilleat
747 5073 901 5131 scientiam.
913 5073 983 5129 Nam
992 5071 1112 5129 Trinitas
1124 5080 1152 5141 Ι)
1163 5079 1337 5152 procedebant
1351 5078 1384 5134 de
1394 5093 1439 5133 ore
1451 5076 1520 5148 ejas.

316 5168 452 5225 creatoris
464 5175 516 5223 eal·
540 5166 718 5237 Septentrius
740 5174 832 5222 aulem
856 5178 986 5220 numerus
999 5171 1109 5220 01111111·
1199 5172 1361 5229 Continetur
1371 5179 1463 5225 autern
1478 5170 1505 5224 in
1520 5166 1675 5239 quinquell
1690 5169 1761 5225 notis
1776 5185 1847 5226 nnus
1859 5185 1956 5228 versus

318 5274 378 5314 rana
397 5260 499 5316 indicat
520 5267 632 5332 pmpter
654 5259 737 5314 vitam
760 5265 789 5313 et
809 5273 917 5328 eorpus.
939 5256 1007 5311 Nam
1020 5257 1047 5312 in
1066 5254 1110 5311 illa
1165 5263 1363 5337 quinquaginta
1383 5261 1536 5316 litterarum
1550 5259 1620 5315 hic:

317 5349 371 5403 tria
384 5358 459 5416 sunt,
478 5351 551 5407 unde
563 5350 646 5404 etiam
669 5356 728 5405 toto
748 5350 840 5416 corde,
857 5356 913 5404 tota
932 5348 1032 5414 anima,
1053 5356 1110 5403 tota
1226 5355 1341 5417 Quinque
1350 5353 1420 5416 iurat
1431 5353 1501 5416 aplce
1512 5358 1550 5403 ast
1558 5362 1627 5403 sacra
1636 5350 1731 5414 dicere,
1742 5351 1775 5401 de
1782 5363 1857 5402 muco
1869 5359 1896 5404 et
1905 5353 1958 5405 bare

317 5452 411 5499 mente
425 5441 578 5514 diligendas
590 5442 726 5508 melleus,
743 5443 770 5496 in
784 5455 899 5512 corpore
911 5447 1001 5495 autem
1021 5439 1108 5494 mani-
1790 5416 1864 5475 ¹¹²²m
1876 5421 1924 5478 ⁰⁸⁸·

317 5533 464 5589 latissima
473 5541 591 5603 quatuor
602 5539 745 5604 apparent,
755 5531 978 5602 quibusconstat,
989 5531 1110 5586 elemen-
1163 5539 1213 5596 per
1227 5522 1346 5596 singulas
1361 5531 1441 5578 natas
1460 5523 1537 5579 denis
1549 5521 1647 5577 litteris
1661 5519 1828 5591 supputatis,
1842 5520 1890 5576 sed
1904 5521 1956 5578 boc

318 5633 360 5679 ta.
383 5621 458 5678 Bene
481 5637 547 5694 ergo
566 5637 697 5679 numerus
722 5622 774 5678 ista
798 5621 954 5694 signilieans
975 5621 1003 5675 in
1022 5622 1111 5678 eureis
1163 5618 1191 5674 in
1208 5614 1441 5688 pronuntiatione.
1462 5612 1597 5670 Ceterum
1621 5621 1712 5668 autem
1734 5611 1761 5666 in
1785 5611 1887 5682 scripto
1914 5628 1955 5680 ur,

316 5715 482 5784 exprimitur
494 5722 571 5781 nota,
594 5715 657 5784 quia
668 5714 696 5769 in
710 5712 755 5769 illa
775 5728 825 5784 per
833 5711 1009 5767 mediatorem
1023 5711 1112 5768 belet
1162 5718 1313 5785 grammata
1333 5708 1480 5779 unicuique
1499 5717 1571 5764 uotae
1584 5706 1758 5778 deputantur.
1774 5703 1843 5758 Nam
1866 5703 1956 5761 media

317 5806 460 5863 bominum
483 5805 653 5862 reconciliati
675 5813 703 5862 et
717 5805 861 5860 coadunati
883 5819 976 5860 sumus
994 5804 1111 5859 creatori
1161 5800 1438 5872 litterasingularum
1458 5807 1582 5855 notamm
1604 5795 1754 5852 communis
1782 5803 1825 5850 est
1847 5793 1957 5864 unique

317 5906 425 5964 nostro,
438 5904 467 5955 et
476 5898 504 5953 in
523 5897 594 5954 idios
605 5897 758 5968 adoptionis
771 5906 873 5954 aeterno
886 5897 962 5952 Patri
974 5897 1108 5952 translati.
1162 5892 1275 5961 tramiti,
1289 5900 1317 5949 et
1330 5891 1356 5948 ei
1368 5891 1415 5963 qui
1430 5890 1610 5957 dextrorsum,
1624 5893 1651 5943 et
1666 5887 1693 5943 ei
1703 5885 1750 5958 qui
1766 5884 1955 5943 sinistrorsum

315 5984 566 6060 Rectequejabilaei
580 6003 709 6048 uumerus
722 5988 883 6059 exprimitur
897 5988 925 6045 ln
935 5987 1024 6046 crucis
1039 5987 1108 6058 ligu-
