4509 6850
765 620 812 675 ’ΠΕ
830 617 1001 674 Ltbbttttts
1022 618 1050 671 S.
1072 615 1206 672 lellGlS.
1224 642 1260 653 -·
1274 614 1339 669 ilfi.
1358 615 1379 669 l.

846 757 1101 823 bbcbhhl'flo
1124 756 1294 823 Fle'ttAE.

317 954 349 1009 ln
375 953 426 1007 hac
452 951 533 1019 igitur
554 950 650 1018 pagina
677 964 743 1002 crux
768 958 861 1003 sancta
882 963 931 1018 per
945 947 1062 1001 merirum
1076 947 1102 1005 Α
1116 940 1229 997 aliorum
1244 941 1325 994 sitam
1339 938 1428 993 serbis
1442 947 1521 1007 atque
1539 934 1668 1005 exemplis
1683 934 1709 988 in
1724 932 1819 1015 melius
1832 951 1896 990 con-

265 1046 367 1107 tendit,
391 1050 509 1113 quatuor
535 1038 735 1112 qtradrangulas
753 1040 854 1093 formas
876 1040 948 1093 eirca
977 1039 1060 1092 latera
1105 1038 1219 1089 'vertere
1240 1031 1410 1101 satagebant,
1431 1037 1565 1097 quatenus
1587 1026 1667 1100 digna
1693 1025 1898 1083 conrersationc

267 1138 328 1207 ejus
357 1132 462 1204 positas
474 1129 600 1184 habens:
622 1128 655 1182 ad
676 1126 871 1183 ostendendum
894 1128 986 1196 utiqne
1005 1141 1061 1180 coe·
1113 1126 1197 1179 beirna
1210 1122 1311 1178 habere
1322 1128 1491 1175 mererentur
1501 1115 1839 1187 habitatorem,ipsumque
1848 1116 1901 1172 sibi

263 1225 349 1281 lestis
378 1218 485 1276 aedilicii
511 1225 686 1281 structuram,
710 1216 838 1271 Ecclesiae
862 1216 986 1271 videlicet
1013 1216 1060 1269 liei
1112 1228 1174 1269 esse
1189 1211 1322 1268 sentirent
1344 1211 1428 1265 Deum
1443 1207 1598 1279 propitium,
1620 1205 1759 1276 subcujus
1779 1206 1903 1262 domina·

265 1316 336 1378 riri,
350 1327 411 1383 qum
425 1321 453 1366 et
466 1309 562 1365 domus
575 1291 634 1377 ejus
649 1316 702 1373 est,
716 1306 840 1361 columna
864 1316 892 1361 et
905 1305 1059 1361 firmameu-
1114 1309 1186 1364 tione
1204 1306 1284 1377 positi
1302 1311 1486 1375 cognorerunt
1498 1302 1720 1374 omnipotentem.
1746 1300 1819 1357 Bene
1837 1318 1902 1373 ergo

266 1413 328 1460 tum
343 1401 476 1457 veritatis.
500 1392 695 1467 Adbancergo
710 1397 817 1451 domum
835 1396 969 1465 pertinent
983 1395 1061 1451 electi
1113 1399 1141 1453 in
1161 1400 1229 1454 fibro
1253 1399 1356 1469 llegum
1379 1405 1568 1467 scriptumest
1589 1395 1684 1451 deilia
1702 1395 1784 1466 typici
1809 1395 1902 1467 templi

267 1493 370 1565 angeli,
391 1505 507 1562 quorum
524 1489 603 1545 nobis
617 1488 764 1544 similitudo
785 1488 811 1541 in
825 1487 913 1542 futura
926 1487 980 1541 vita
990 1502 1060 1557 prte-
1112 1491 1300 1555 aedisseotione,
1313 1489 1384 1559 quod
1394 1486 1553 1559 preceperit
1562 1501 1609 1541 rex
1622 1493 1653 1541 ut
1663 1485 1788 1544 tollerent
1801 1485 1904 1558 lapides

267 1583 399 1644 mittitur,
420 1578 526 1633 dicente
541 1577 654 1632 Domino
670 1575 730 1630 :llli
744 1584 832 1630 autem
851 1576 897 1644 qui
916 1576 990 1647 digni
1015 1577 1062 1630 ha·
1112 1581 1239 1652 grandes,
1263 1578 1366 1648 lapides
1380 1578 1515 1649 pretiosos
1537 1576 1564 1630 in
1584 1575 1787 1632 fundamentum
1800 1576 1901 1644 templi,

268 1666 478 1727 bemursaeouto
491 1666 538 1721 illo
548 1676 576 1721 et
586 1666 785 1722 resurrectione
794 1681 826 1720 ex
841 1667 965 1732 mortuis,
976 1679 1062 1737 neque
1112 1679 1141 1726 et
1153 1671 1317 1742 quadrarent
1328 1685 1385 1725 eos.
1403 1667 1518 1739 Lapides
1532 1682 1596 1738 ergo
1605 1667 1716 1738 pretiosi
1730 1676 1792 1722 suut
1814 1669 1902 1722 sarrcti

266 1761 387 1824 nubum,
413 1772 500 1829 neque
526 1758 628 1812 ducunt
653 1771 761 1822 uxores,
785 1771 872 1826 neque
896 1758 967 1812 enim
992 1756 1062 1811 ultra
1112 1761 1174 1825 riri,
1203 1761 1249 1830 qni
1264 1760 1369 1814 moritis
1389 1765 1452 1814 sunt
1468 1757 1604 1828 preclari,
1627 1757 1674 1826 qui
1694 1758 1762 1813 benc
1775 1757 1903 1847 quadrari

265 1852 339 1905 mori
369 1846 739 1918 poterunt:aequalcsenim
757 1845 945 1916 angelissunt,
972 1845 1061 1900 etlilii
1110 1851 1251 1921 jubemur,
1281 1866 1314 1905 ac
1335 1852 1375 1905 sic
1390 1849 1417 1903 in
1435 1848 1610 1903 fundamento
1635 1847 1709 1917 poni.
1735 1848 1793 1916 Qua
1828 1856 1903 1907 atum

266 1950 333 1996 suut
348 1940 408 2004 Dei,
424 1954 486 1995 cum
498 1938 553 1993 sint
572 1936 620 1991 lilii
633 1935 850 1991 resurrectionis.
863 1935 905 1990 Ad
919 1936 988 1991 hauc
1000 1951 1062 2006 per·
1113 1955 1228 2009 uarnpue
1242 1955 1322 1994 omne
1341 1951 1502 2008 quocunque
1518 1938 1728 1993 vertiturlixum
1747 1847 1902 2085 fecere

267 2027 656 2099 unetipsemediatorliciet
672 2026 821 2092 immitium,
844 2026 925 2081 homo
938 2025 1062 2081 Christus
1111 2033 1210 2087 suerit.
1235 2031 1284 2085 Cui
1297 2031 1425 2085 nimirum
1441 2029 1533 2100 figurae
1548 2030 1736 2086 assimilantur
1790 2013 1828 2086 'da
1849 2031 1904 2085 ele·

268 2120 359 2186 lesus,
373 2122 432 2192 ipso
445 2125 600 2184 attestante,
610 2134 671 2173 cum
683 2119 725 2172 ait
737 2137 744 2171 ι
758 2117 855 2172 Solvite
865 2118 988 2189 tempium
1001 2120 1060 2186 hoc,
1111 2130 1226 2181 storum,
1248 2136 1308 2190 quae
1325 2121 1362 2174 ita
1376 2120 1403 2174 in
1422 2118 1484 2174 fidei
1502 2118 1631 2174 firmitate
1644 2100 1904 2186 consistere¹didice2

268 2224 293 2266 et
317 2215 346 2265 r'rr
367 2211 450 2265 tribas
467 2209 557 2264 diebus
584 2208 701 2263 excitabo
722 2208 799 2262 illud.
825 2208 903 2274 Quod
923 2224 1060 2279 exponens
1111 2218 1187 2274 runt,
1209 2220 1238 2264 ut
1266 2209 1338 2263 nulla
1362 2209 1562 2263 occurrentium
1586 2208 1758 2274 adversitate,
1784 2201 1904 2279 necips'a

267 2301 438 2373 evangelista
452 2300 611 2370 subjunxit:
626 2297 683 2352 lfec
701 2308 787 2352 aetem
805 2298 906 2352 dicebat
921 2300 953 2353 de
965 2299 1061 2371 templo
1075 2298 1099 2357 B
1113 2301 1197 2355 etiam
1219 2307 1309 2352 morte
1324 2313 1338 2351 a
1353 2298 1394 2352 sui
1410 2297 1574 2352 rectitudine
1587 2305 1676 2353 status
1698 2298 1804 2367 possint
1828 2295 1905 2352 iueliss

267 2394 389 2461 corporis
400 2392 449 2445 mi.
466 2389 536 2445 Dicit
546 2398 635 2443 antem
645 2387 789 2458 Apostolus
797 2386 830 2442 de
841 2389 919 2443 nobis
929 2403 937 2442 ε
949 2389 1061 2444 Nescitis
1111 2389 1171 2442 nari
1186 2407 1192 2440 z
1208 2386 1302 2457 quales
1315 2387 1439 2441 videlicet
1462 2385 1589 2441 doctores
1609 2385 1728 2442 Ecclesia
1751 2401 1805 2442 non
1817 2387 1904 2443 solum

269 2483 335 2553 puin
353 2480 477 2551 tempium
490 2478 540 2533 Dei
552 2479 623 2543 eatis,
642 2488 666 2531 et
677 2479 785 2546 spiritur
798 2478 845 2532 bet
861 2478 961 2533 habitat
980 2483 1007 2534 irr
1019 2497 1062 2536 oe-
1111 2479 1146 2533 de
1164 2478 1266 2543 ludaea,
1289 2492 1383 2530 recurri
1397 2478 1479 2530 etiam
1494 2476 1663 2548 degentibus
1683 2477 1822 2547 perplures
1847 2491 1903 2531 sus·

267 2573 319 2625 eir.
342 2570 371 2625 Si
384 2584 450 2641 ergo
463 2569 508 2623 ille
519 2569 647 2639 templum
662 2569 710 2625 liei
723 2584 771 2639 per
784 2580 950 2640 assumptam
965 2572 1061 2627 buma-
1112 2568 1192 2639 oepit.
1212 2567 1296 2623 Recte
1309 2566 1417 2637 qiddem
1438 2568 1465 2620 iu
1483 2574 1575 2622 sancta
1589 2582 1670 2622 cruce
1694 2567 1751 2622 hmc
1761 2567 1905 2623 aedificatio

269 2664 385 2717 nicaen
401 2660 488 2716 ectus
502 2671 552 2725 err,
575 2667 603 2715 et
618 2675 667 2715 nos
682 2660 810 2730 temptam
825 2660 872 2715 bet
894 2663 1061 2731 pernunti-
1112 2656 1323 2721 demonstratur,
1351 2656 1414 2725 quta
1442 2656 1468 2709 in
1491 2656 1560 2725 ipsa,
1594 2657 1620 2711 id
1644 2666 1695 2721 est,
1723 2657 1751 2712 in
1776 2658 1904 2728 passione

270 2760 374 2807 tantem
397 2752 520 2821 spiritum
533 2752 592 2821 elus
602 2748 745 2816 efficimur,
767 2758 873 2805 constat
885 2751 977 2821 utique
998 2754 1061 2823 quja
1111 2746 1213 2812 Christi
1234 2755 1290 2800 tota
1311 2746 1432 2801 Ecclesia
1459 2746 1591 2802 catholica
1617 2746 1740 2814 lundata,
1770 2734 1903 2804 fabricata

269 2844 386 2913 figuram
401 2843 521 2896 omnium
536 2841 1061 2913 nostrumetipsiusridelicetDomini,
1112 2838 1241 2909 perfecte,
1267 2847 1349 2909 atque
1375 2839 1500 2895 dedicata
1521 2848 1574 2904 est,
1600 2854 1651 2895 nec
1681 2840 1734 2896 hoc
1760 2840 1904 2897 aedifidum

269 2942 297 2989 ct
312 2935 497 2990 membrorum
510 2931 568 3003 ejus
593 2948 714 3004 quernos
727 2948 833 2999 sumus,
851 2933 980 3004 templum
996 2934 1062 2991 illud
1113 2943 1235 2998 unquam
1253 2930 1359 2984 reniret
1373 2928 1408 2984 ad
1420 2929 1557 2996 ellectum,
1580 2930 1633 2985 nisi
1643 2944 1693 2999 per
1707 2928 1822 2985 Crucem
1836 2930 1903 2987 libe·

271 3023 417 3078 materiale
437 3023 534 3089 tenuit,
560 3023 633 3093 quod
651 3021 780 3079 Salomon
801 3038 848 3078 rex
866 3023 1014 3079 'aedificavit
1034 3024 1063 3079 in
1113 3028 1220 3075 raretur
1230 3035 1316 3089 genus
1330 3022 1487 3090 humanum,
1502 3035 1552 3077 nec
1564 3020 1649 3091 ipsius
1663 3020 1813 3078 sacerdotis
1823 3022 1904 3094 digne

269 3113 466 3179 llierusalem3
486 3113 533 3169 sed
555 3114 638 3185 ipsius
659 3122 788 3184 tanquam
813 3114 910 3185 lapidis
926 3114 1063 3186 angularia
1112 3111 1294 3182 compleretur
1315 3109 1443 3177 officinm,
1478 3112 1530 3167 nisi
1551 3112 1608 3183 ipse
1626 3113 1753 3169 sacerdos
1775 3113 1802 3168 in
1821 3128 1904 3169 cruce

268 3204 445 3274 singohriter
453 3203 531 3260 electi
550 3211 578 3259 et
590 3204 699 3274 pretiosi
712 3204 741 3259 in
753 3201 928 3259 fundamenta
943 3203 1063 3272 firrtdati;
1113 3200 1192 3265 fleret
1205 3200 1379 3256 sacrificium.

269 3296 360 3353 nostri
380 3305 470 3351 autem
486 3302 615 3364 unquam
628 3292 747 3363 lapidum
760 3292 883 3349 virorum
896 3292 1062 3364 supemdili-
1149 3290 1178 3346 lu
1198 3291 1256 3362 ipsa
1275 3298 1365 3347 autem
1380 3306 1461 3347 cmcc
1487 3292 1642 3349 continetur
1657 3294 1703 3350 hic
1720 3304 1815 3351 tersus
1837 3296 1904 3351 scri·

268 3397 398 3443 catomm
425 3400 506 3457 super
531 3383 735 3442 fundamentum
752 3383 936 3454 apostolorum
953 3394 983 3440 et
999 3398 1063 3456 pro·
1113 3394 1198 3457 ptus:
1819 3389 1821 3395 '

268 3480 429 3551 puetarum,
447 3478 499 3533 hoc
514 3486 570 3543 est,
595 3492 678 3548 super
697 3476 784 3547 ipsum
803 3477 955 3533 bominum.
986 3478 1063 3545 Quor
1175 3499 1338 3563 inuramus
1351 3498 1808 3552 nomiarcmmnmmennans.
1857 3559 1859 3564 ,

266 3566 394 3622 ostendit
403 3566 545 3638 Apostolus
558 3567 650 3623 diceus
663 3585 670 3620 :
683 3564 896 3623 Fundamentum
907 3569 977 3623 erim
989 3570 1063 3624 eliud

266 3670 351 3710 uma
372 3664 454 3724 potest
467 3671 562 3725 ponere
577 3666 673 3727 preter
690 3655 719 3710 r'd
737 3656 807 3727 quod
820 3657 933 3728 potitum
945 3667 992 3724 ert,
1017 3643 1098 3731 qatC

267 3754 312 3798 ω
326 3740 443 3798 “mm
453 3743 541 3798 Μ’
554 3744 605 3812 ⁰¹¹¹
615 3754 757 3815 ΜΡΝ
774 3756 847 3802 ‘⁰⁰¹⁰
859 3746 1062 3804 smmum
1111 3798 1164 3854 est,
1176 3796 1206 3843 ut
1220 3788 1346 3843 finalibus
1355 3783 1454 3843 litteris
1468 3786 1502 3841 ad
1517 3786 1665 3858 inceptivas
1689 3803 1738 3858 per
1750 3789 1904 3846 anfractum

266 3834 372 3890 mus
388 3833 493 3890 ”mim
507 3836 697 3904 mmmm
714 3837 806 3906 “lum
820 3837 890 3893 siem
903 3839 942 3892 ³st
955 3838 1060 3907 Pem'
1112 3873 1233 3943 redeant,
1260 3878 1306 3933 sed
1324 3889 1419 3932 omnes
1440 3877 1468 3931 in
1484 3876 1579 3932 dextro
1595 3877 1692 3949 angulo
1705 3893 1755 3934 suo
1778 3880 1904 3952 superins

267 3922 340 3978 Μ’
356 3924 480 3978 mm
502 3926 550 3979 'ub
570 3926 633 3980 “⁸¹⁰
653 3943 745 3981 ''m‘'
762 3928 853 3983 dmm
875 3929 1062 3985 'mmmmm
1112 3969 1281 4043 incipientes,
1303 3985 1352 4041 per
1363 3970 1503 4025 sinistrum
1522 3984 1602 4040 supra
1621 3969 1655 4024 ad
1678 3970 1818 4026 sinistrum
1833 3969 1904 4026 infra

1112 4061 1140 4116 in
1163 4060 1257 4116 decem
1272 4069 1299 4115 et
1314 4074 1410 4115 novem
1427 4058 1524 4114 litteris
1545 4059 1721 4123 descendunt,
1748 4067 1842 4130 postea
1857 4060 1903 4114 ite·

1112 4168 1173 4208 rum
1196 4153 1223 4207 iu
1238 4153 1334 4207 dextro
1358 4151 1457 4223 angulo
1483 4151 1607 4221 superius
1633 4151 1788 4206 avicesima
1813 4149 1909 4205 littera

1111 4245 1280 4314 incipientes,
1304 4253 1332 4298 et
1359 4242 1546 4299 descendendo
1572 4256 1620 4312 per
1646 4244 1770 4297 dextrum
1791 4239 1905 4319 inferius

1111 4337 1240 4392 radentes
1258 4322 1294 4389 ad
1305 4336 1445 4391 sinistrum
1460 4349 1546 4404 usque
1558 4332 1629 4388 infra
1642 4335 1734 4389 decem
1755 4341 1783 4388 et
1796 4340 1900 4403 septem

1111 4426 1208 4480 litteris
1233 4425 1406 4496 pertingunt:
1420 4423 1501 4480 etsie
1524 4424 1709 4495 unusquisque
1722 4437 1817 4479 rcrsus
1838 4438 1905 4494 qua·

1112 4525 1174 4571 tuor
1187 4523 1387 4586 tetragonorum
1401 4514 1511 4585 triginta
1523 4529 1571 4570 sex
1587 4515 1693 4570 litteras
1707 4515 1836 4580 continet,
1852 4514 1901 4585 qui

1112 4607 1205 4675 utique
1216 4621 1344 4661 numerus
1358 4612 1400 4659 est
1422 4604 1556 4674 tetragoni
1573 4604 1647 4675 plani
1662 4612 1689 4660 et
1700 4606 1799 4660 senarii
1815 4605 1841 4661 iu
1855 4620 1900 4660 se-

1112 4697 1227 4766 metipso
1241 4695 1462 4767 multiplicatione
1480 4695 1608 4764 confecti,
1632 4697 1702 4754 sicut
1716 4697 1743 4752 in
1761 4697 1899 4771 sequenti·

1112 4788 1162 4843 bus
1181 4786 1434 4842 demonstrabimus.
1464 4787 1511 4843 Est
1532 4796 1622 4844 autem
1634 4803 1739 4844 ‘sersus
1753 4786 1799 4845 hle
1813 4795 1898 4845 tetra-

1148 3606 1177 3661 ln
1208 3605 1355 3675 tetragonis
1376 3618 1440 3660 nero
1456 3604 1529 3659 circa
1551 3619 1659 3659 crucem
1684 3605 1780 3675 positis
1810 3621 1904 3684 sersus

1113 3696 1271 3766 conscripti,
1297 3709 1351 3750 non
1365 3710 1417 3764 ,per
1430 3695 1572 3750 circuitum
1588 3696 1698 3764 penitus
1716 3706 1824 3767 gyrant,
1851 3697 1904 3754 boc

234 4080 238 4085 θ
265 4029 328 4084 qno
347 4023 462 4078 oporteat
484 4032 531 4070 nos
550 4015 634 4071 salros
653 4016 722 4086 fieri.
751 4017 784 4073 Et
805 4019 893 4075 item:
914 4019 1060 4088 ddqttem,

267 4102 376 4169 inquit,
395 4104 544 4158 accedentes
558 4104 670 4174 fcpr‘dem
682 4107 776 4172 tieem,
799 4107 831 4161 ab
845 4108 991 4164 hominibus
1003 4111 1063 4181 ‹ytri-

268 4195 336 4246 dem
350 4192 526 4262 reprobatam,
541 4211 557 4247 o
572 4194 626 4250 Deo
636 4205 723 4250 netem
738 4195 849 4251 electum
863 4207 887 4252 et
904 4198 1063 4267 fronoriyicc·

266 4294 341 4344 tum,
369 4290 394 4335 et
413 4283 462 4353 ipsi
475 4291 599 4354 trapeam
620 4284 717 4355 lapidea
740 4287 791 4340 oroi
816 4288 1062 4358 superedificomiai

265 4369 368 4424 domes
380 4371 522 4442 spiritualia
535 4373 563 4426 in
578 4373 753 4429 secerdotium
767 4387 897 4442 mactem,
926 4377 1062 4445 offerentes

265 4459 424 4532 spiritualer
437 4461 535 4516 tantm
558 4449 727 4533 acceptabiles
740 4462 793 4518 lieo
815 4481 862 4535 per
877 4463 968 4519 lesam
988 4463 1064 4519 ctri-

267 4562 356 4605 strrm.
379 4548 495 4606 Possunt
506 4566 571 4624 ergo
592 4550 672 4621 hujus
685 4544 849 4609 fundamenti
866 4553 946 4623 primi
961 4552 1062 4625 lapides

266 4640 467 4698 ac-fundationi
484 4642 596 4708 habiles,
616 4645 777 4722 patriarche
793 4654 821 4701 et
835 4645 982 4716 prophete,
997 4660 1062 4715 apo·

264 4728 378 4785 stellet
404 4740 542 4802 martyres
565 4749 618 4788 non
641 4733 789 4805 incongrue
816 4735 911 4806 accipi,
931 4735 976 4806 qui
1004 4737 1061 4791 sire

265 4819 455 4890 pcedieendo,
470 4823 526 4877 sire
539 4824 684 4892 operando,
696 4824 754 4879 sire
763 4824 903 4894 patiendo,
920 4825 983 4880 fidei
999 4824 1061 4888 fune
1165 4879 1170 4891 ,
1579 4879 1608 4891 ..

266 4908 398 4964 camena
413 4904 635 4992 nobisjecerdm,
648 4922 675 4968 et
690 4927 805 4985 quorum
819 4913 1008 4969 auctoritatem
1031 4915 1060 4969 in
1111 4894 1172 4950 ⁸⁰⁰¹
1187 4878 1282 4934 subtus
1297 4879 1420 4934 demum
1433 4893 1517 4934 ⁰⁰m⁰
1528 4885 1609 4950 ⁹⁰⁵¹„
1626 4897 1632 4933 ³

265 4999 406 5065 electrina,
426 5001 548 5071 exempla
569 5002 599 5058 in
611 5003 727 5066 actibus,
753 5003 930 5059 imitationem
946 5005 973 5058 in
995 5004 1061 5060 tole·
1074 5000 1102 5059 Ι)
1177 5012 1214 5065 Te
1223 4997 1417 5077 patriarcharum
1429 5013 1556 5064 laudabilis
1568 5015 1729 5077 actiosigmt.

267 5086 360 5142 ”⁰²5²
378 5097 487 5188 ‘mn
511 5092 590 5146 ¹⁰³¹*
608 5091 726 5147 “denum
750 5092 882 5193 wilm·
902 5091 969 5146 Nam
993 5091 1063 5147 ⁸³⁰¹st
1151 5119 1252 5177 Subtus
1263 5121 1404 5176 sinistrum
1415 5136 1480 5177 vero
1494 5121 1574 5190 positi
1590 5120 1722 5190 tetragoni
1739 5120 1791 5177 iste
1802 5131 1862 5176 est:

267 5176 386 5244 apostoli
407 5185 435 5232 et
448 5187 582 5252 martyres
595 5190 656 5251 post
665 5180 821 5237 saltatoris
836 5182 1059 5249 incarnationem,

230 5276 254 5291 ⁸
267 5267 426 5337 passionem
446 5260 480 5323 et'
488 5271 715 5326 resurrectionem
728 5280 809 5341 atque
823 5272 1008 5328 ascensionem
1033 5270 1060 5326 in

269 5356 355 5412 ooelos
372 5367 521 5428 perfetum
536 5361 628 5416 orbem
653 5363 793 5433 spirituale
806 5363 947 5419 edificium
965 5363 1060 5419 domus
1149 5335 1183 5389 Μ
1203 5335 1261 5405 ‘3¹¹⁵
1277 5349 1394 5404 ‘lumine’
1420 5335 1465 5405 ‘¹¹¹³
1481 5349 1561 5404 ⁸¹¹pf³
1574 5334 1698 5390 dmum
1712 5349 1794 5389 Μ’
1811 5334 1901 5389 “⁰⁰³⁸

271 5445 318 5500 liei
340 5447 480 5505 Christum
497 5450 677 5522 predicando,
706 5452 763 5508 sire
783 5454 864 5509 etiam
889 5469 937 5525 pro
951 5439 1060 5512 Christo
1113 5426 1217 5492 mim
1234 5432 1286 5488 ω’
1306 5423 1422 5479 ¹²¹i⁸⁰⁵²
1436 5438 1549 5480 *mum

269 5537 412 5594 moriendo
425 5538 549 5595 fabricati
571 5553 645 5607 sunt,
675 5543 712 5597 ita
726 5551 787 5597 ante
799 5545 944 5598 adrentum
957 5541 1014 5610 elus
1031 5545 1059 5601 in
1175 5534 1270 5597 limen
1281 5531 1441 5597 ⁸i⁰si0¹¹0¹¹m
1453 5535 1535 5598 pandit
1546 5546 1586 5584 ω·
1597 5548 1643 5587 tiit
1653 5545 1752 5598 “⁰92⁸-

270 5643 353 5684 carne
372 5631 536 5701 patriarcba
548 5643 628 5703 atque
640 5634 778 5704 prophete
800 5635 827 5689 in
837 5635 930 5704 priore
945 5633 1053 5705 populo,
1148 5639 1234 5713 Supra
1247 5642 1386 5701 sinistrum
1400 5658 1464 5700 vero
1479 5646 1558 5702 talis:

268 5727 299 5773 ct
326 5720 353 5773 in
373 5719 417 5775 his
439 5720 607 5819 regionibus
622 5722 762 5817 inquibus
786 5723 929 5798 degebant,
951 5737 1058 5794 semper
1174 5731 1772 5813 alermumetipsecborusefusoluremaore,
1857 5796 1860 5800 A

1176 5230 1300 5293 etebsque
1313 5231 1484 5293 prophetarum
1495 5231 1577 5282 dirino
1586 5228 1674 5280 famine
1685 5231 1761 5294 iussa.

919 5891 981 5907 -Ἀ

453 6060 705 6125 νηιοι.ονιι.
1687 6045 1703 6103 i
