4509 6850
303 651 361 709 213
824 638 867 693 DE
885 634 1056 693 roboreos
1074 632 1104 689 S'.
1122 631 1258 690 ouocts.
1278 662 1314 674 -
1329 631 1395 688 oto.
1413 631 1434 686 l.

903 746 1160 811 oocbuubtlo
1182 746 1357 810 FIGURAE.

1009 877 1236 891 ἡ

341 948 482 1018 Scriptum
497 952 540 999 est
559 942 587 996 in
599 938 668 995 isaia
684 954 691 991 :
708 935 866 1007 Epredietur
876 938 951 1007 sirpo
966 937 998 990 de
1012 937 1100 991 radice
1114 936 1139 996 Α
1152 949 1214 1004 qne,
1239 941 1270 988 ut
1294 930 1433 988 seientiam
1448 930 1546 986 babeat
1569 931 1639 986 bona
1658 929 1757 1001 eligere
1773 937 1800 985 et
1819 931 1890 986 moto
1901 947 1944 988 re.

306 1022 391 1083 leste,
406 1027 430 1071 tt
444 1016 494 1087 pos
515 1014 548 1067 de
562 1011 676 1081 permine
692 1007 749 1076 ejus
770 1005 907 1069 orrendet;
923 1017 947 1060 et
961 1009 1100 1077 requiescet
1154 1004 1279 1073 probare,
1303 1004 1462 1057 diverterea
1476 998 1563 1064 malo,
1577 1010 1603 1057 et
1617 998 1707 1056 lacere
1721 1000 1840 1066 bonum;
1867 1004 1944 1071 senui

306 1107 385 1159 snper
399 1102 461 1142 eum
476 1083 590 1154 Spiritus
613 1078 729 1141 Domini,
751 1077 857 1146 spiritur
876 1077 1011 1145 sopientioe
1024 1086 1049 1130 et
1062 1077 1103 1130 in·
1154 1090 1246 1143 pacem
1261 1084 1288 1126 et
1301 1072 1391 1126 odium
1410 1085 1546 1139 spernere.
1565 1070 1594 1125 ln
1608 1078 1734 1139 quartum
1754 1078 1784 1126 nt
1801 1069 1879 1125 lortis
1897 1071 1942 1137 sit,

305 1161 448 1221 tollentur,
473 1154 581 1225 spiritur
606 1147 708 1204 contilii
733 1157 757 1201 et
781 1144 961 1216 fortitudinis,
994 1147 1102 1215 spiritus
1153 1144 1232 1198 lirnro
1245 1142 1358 1211 justine
1379 1141 1506 1196 incedens
1530 1140 1625 1210 gradu,
1650 1147 1678 1194 et
1699 1155 1753 1195 non
1777 1141 1898 1223 patiatur
1914 1158 1945 1198 se

308 1228 425 1289 scientior
443 1235 468 1281 et
489 1223 602 1294 pietntt’t,
624 1228 647 1273 et
665 1215 770 1287 replebit
792 1232 851 1270 eunt
871 1214 978 1284 spiritur
1000 1215 1102 1269 timorit
1153 1213 1214 1268 ullis·
1232 1212 1369 1281 corrumpi
1392 1211 1528 1281 prosperis
1545 1220 1626 1279 utpute
1644 1210 1704 1265 ullis
1721 1209 1790 1266 uilior
1811 1212 1942 1268 adversis.

306 1297 427 1354 Domini.
444 1289 616 1365 Septilormis
630 1288 713 1357 igitur
723 1286 810 1354 gratia
824 1285 943 1355 Spiritus
956 1285 1042 1340 saneti
1054 1299 1103 1354 per
1153 1283 1181 1337 ln
1196 1285 1319 1353 quintum
1342 1297 1407 1336 nero
1431 1282 1553 1352 predum,
1579 1288 1610 1335 ut
1632 1282 1722 1336 omnin
1746 1295 1810 1335 sero
1831 1282 1946 1338 oonsilio

308 1367 471 1445 prophetam
484 1368 686 1422 annumeratur,
700 1370 760 1425 qtrae
773 1370 854 1424 super
866 1354 960 1409 dorem
973 1354 1048 1409 illurn
1059 1356 1104 1425 ju-
1153 1362 1224 1421 apat.
1247 1361 1275 1408 et
1290 1353 1437 1407 seecundum
1455 1352 1482 1405 id
1505 1351 1578 1421 quod
1600 1350 1739 1421 Scriptura
1759 1350 1848 1405 divion
1867 1353 1947 1408 tlocet

307 1436 477 1497 candissimo
491 1432 662 1502 repubescere
675 1427 781 1485 dicitur,
799 1426 844 1494 qui
858 1425 884 1479 io
897 1425 1018 1480 Cuntieis
1035 1441 1103 1482 can·
1153 1422 1282 1478 obediens
1295 1422 1388 1485 luciut,
1411 1420 1504 1484 idest,
1525 1429 1553 1473 ut
1568 1421 1687 1475 dimittat
1701 1421 1791 1475 debita
1814 1422 1946 1490 proximis

307 1511 429 1565 ticorutn
445 1518 551 1570 uponste
565 1501 648 1555 dicit:
666 1496 723 1567 lt'po
735 1497 786 1619 got
800 1495 885 1565 eoorpi
899 1506 923 1548 et
942 1494 1028 1548 lilium
1041 1512 1104 1549 eon·
1153 1493 1221 1556 suis,
1237 1501 1369 1564 quatenus
1379 1491 1557 1545 dimittotsibi
1569 1490 1640 1545 Deus
1652 1499 1763 1561 peecata
1778 1504 1841 1555 stta;
1866 1493 1947 1549 mise

308 1579 431 1635 sollium.
450 1573 560 1643 virgam
574 1576 718 1640 quoquest
754 1581 840 1628 orem,
856 1566 888 1620 de
902 1580 956 1635 quo
969 1565 1102 1635 propbeta
1154 1570 1247 1618 rentum
1257 1562 1377 1625 ulterius,
1392 1570 1422 1615 ut
1433 1562 1474 1616 sui
1488 1561 1613 1616 misertus
1626 1562 1662 1617 sit
1676 1563 1761 1624 Deus;
1779 1561 1862 1617 iaciat
1877 1562 1947 1618 ami-

306 1646 446 1707 nnmrit,
459 1640 544 1698 ludaei
558 1642 645 1711 ipsum
660 1636 802 1692 Dominum
815 1636 908 1690 dieunt
922 1651 971 1704 pro
983 1635 1103 1705 potentia
1155 1648 1202 1689 eos
1218 1632 1252 1686 dc
1268 1647 1422 1688 mammona
1437 1632 1598 1699 iniquitatis,
1624 1640 1654 1685 ιιι
1671 1646 1732 1686 eum
1750 1631 1858 1688 deliciet
1878 1633 1947 1688 reci-

308 1715 453 1788 xeguantis
468 1722 495 1768 et
514 1707 726 1782 pulchritudine;
743 1721 794 1764 oos
815 1714 905 1760 autem
919 1705 1022 1776 uirgam
1037 1705 1104 1761 diei·
1153 1704 1230 1774 piant
1245 1716 1308 1757 eum
1328 1703 1354 1757 in
1374 1709 1475 1756 aterna
1491 1702 1662 1756 tabernacula
1677 1721 1684 1769 ;
1697 1703 1812 1757 seminet
1826 1711 1946 1767 terrena,

308 1804 373 1845 uuus
392 1793 512 1841 sanettm
533 1781 644 1837 bonam
666 1778 699 1832 de
722 1776 804 1847 stirpe
827 1772 903 1830 iesse
921 1775 1103 1845 progenitam,
1154 1783 1185 1827 ut
1207 1781 1291 1827 metat
1308 1772 1443 1836 coelestia;
1465 1772 1561 1840 perdat
1579 1773 1658 1826 modo
1683 1773 1802 1826 animam
1827 1772 1946 1827 miamin

307 1875 372 1931 que
385 1855 489 1911 nullum
507 1851 601 1906 babuit
622 1846 673 1903 sibi
689 1845 812 1901 fruticem
833 1845 1025 1903 rolieremem.
1041 1845 1104 1916 quia
1155 1842 1327 1908 boemundo,
1343 1852 1372 1897 ut
1386 1842 1412 1895 in
1432 1841 1514 1895 ritum
1532 1851 1663 1896 ιειειιιιιιιι
1682 1843 1816 1897 custodiat
1835 1857 1907 1909 enm,
1919 1850 1948 1898 ει

308 1928 417 1986 nullum
442 1923 536 1979 babuit
559 1917 678 1975 cumulis
704 1916 807 1987 copulae
830 1914 910 1983 conju
929 1930 987 1979 em;
1011 1915 1104 1970 florem
1155 1914 1198 1968 bis
1212 1913 1319 1968 similia.
1345 1911 1373 1966 lo
1390 1920 1508 1976 sextum,
1535 1920 1564 1966 ut
1580 1912 1710 1979 intelligat
1734 1913 1831 1979 Deum,
1844 1913 1871 1966 id
1894 1923 1950 1978 eut,

307 2014 379 2053 vero
394 1995 537 2049 Dominum
555 1989 658 2052 lesum,
681 1988 726 2056 spui
746 1988 779 2042 de
795 1986 896 2040 cortice
910 1931 1037 2041 {umente
1057 2001 1104 2040 na-
1156 1993 1211 2039 tota
1226 1982 1315 2038 cordis
1338 1982 1488 2037 intentione
1510 1981 1583 2036 illum
1602 1981 1759 2065 perquirat,
1778 1989 1892 2044 tractet,
1910 1982 1948 2038 lu·

308 2077 381 2123 torte
393 2061 624 2135 splendidissimus
636 2058 735 2128 erupit,
746 2056 809 2127 quia
822 2057 880 2110 sine
888 2056 967 2111 sorde
977 2064 1103 2126 peccato·
1156 2054 1261 2123 spiciat,
1285 2062 1313 2107 et
1335 2068 1429 2106 omnes
1448 2050 1533 2105 malos
1552 2059 1685 2122 cogitatus
1704 2052 1778 2106 cordi
1796 2067 1846 2107 suo
1865 2052 1949 2106 odre-

310 2151 424 2192 rumex
443 2131 567 2203 virginali
592 2137 670 2184 utero
694 2135 773 2181 nutus
794 2126 943 2208 processit;
968 2127 1014 2196 qui
1033 2135 1061 2181 ot
1076 2126 1103 2179 iu
1155 2126 1263 2179 uieutes
1277 2123 1367 2177 subito
1387 2122 1502 2177 euellere
1516 2121 1635 2185 lestines
1650 2131 1678 2177 et
1692 2122 1897 2191 parrulossuos
1914 2123 1949 2179 ud

308 2206 404 2263 curnis
418 2218 474 2260 suae
490 2202 615 2258 castitate
628 2198 774 2253 eandorem
788 2195 834 2250 blii
851 2197 1054 2262 demonstrarit,
1075 2203 1104 2250 et
1155 2203 1261 2265 petram
1276 2193 1369 2247 allidet
1389 2193 1539 2247 Christum.
1562 2191 1628 2248 Curuo
1648 2200 1738 2247 autem
1761 2192 1789 2247 iu
1803 2193 1948 2264 septimum

308 2274 484 2346 insanguine
503 2270 636 2343 passionis
650 2283 717 2324 rosae
730 2268 858 2322 ruborem
871 2267 999 2322 ostendit.
1016 2265 1104 2337 Super
1118 2281 1142 2340 Β
1155 2264 1307 2321 ascenderit
1319 2264 1441 2334 pradum,
1455 2262 1481 2316 id
1494 2272 1550 2326 est,
1567 2264 1594 2318 in
1605 2262 1776 2333 sapientium,
1791 2263 1847 2334 jaun
1860 2261 1948 2334 ipsum

308 2347 390 2402 illum
414 2358 480 2414 ergo
503 2342 653 2410 requiescet
674 2338 792 2409 Spiritus
815 2336 933 2401 Domini,
962 2336 1014 2391 boc
1041 2346 1103 2402 est,
1157 2333 1293 2389 bominem
1315 2333 1454 2388 exhibebit
1474 2332 1639 2403 perlectum,
1660 2341 1688 2387 et
1707 2348 1740 2388 ex
1754 2331 1950 2389 serviliooudi»

308 2424 415 2473 amma
440 2411 604 2467 habitatione
618 2408 797 2479 permanebit,
821 2407 885 2477 quia
905 2407 934 2460 in
954 2423 983 2460 eo
1005 2408 1106 2462 bobitot
1156 2405 1229 2459 tione
1243 2404 1269 2458 in
1284 2402 1368 2458 lilium
1383 2403 1496 2458 transit:
1515 2411 1542 2458 et
1562 2418 1614 2457 nou
1629 2418 1740 2458 necesso
1757 2404 1840 2459 lrabot
1852 2411 1882 2459 ut
1900 2403 1950 2459 ali-

311 2485 400 2540 omno
417 2480 551 2553 plenitudo
561 2480 703 2535 divinitatio
716 2478 895 2548 corporaliter.
912 2475 970 2531 Nou
985 2477 1057 2530 enim
1071 2476 1105 2530 ad
1156 2476 1217 2556 spuis
1232 2475 1329 2529 doceat
1351 2474 1435 2537 illum,
1458 2473 1516 2537 sed,
1539 2474 1610 2529 sieut
1628 2474 1756 2544 seriptum
1779 2482 1832 2538 est,
1858 2474 1950 2532 unctio

310 2567 471 2610 mensurum
485 2554 531 2605 dut
545 2552 615 2606 Deus
629 2548 777 2619 Spiritum
791 2549 837 2602 sed
863 2548 937 2602 unxit
957 2563 1015 2601 eum
1034 2545 1106 2601 Deus
1156 2560 1214 2612 epus
1227 2546 1306 2599 docet
1324 2557 1386 2598 eum
1401 2543 1434 2597 de
1447 2544 1585 2609 omuibus3
1611 2544 1762 2599 delectatus
1776 2543 1895 2615 perlecta
1908 2544 1948 2600 di·

311 2624 397 2679 Puter
413 2621 469 2676 oleo
483 2621 584 2676 letitie
597 2635 653 2691 prot
664 2618 826 2673 consortibus
840 2618 896 2671 ruit
914 2634 924 2683 ,·
937 2626 961 2671 et
974 2616 1007 2670 de
1023 2616 1106 2687 pleni·
1156 2614 1271 2668 lectione
1282 2613 1328 2668 Dei
1349 2622 1440 2669 certus
1460 2611 1570 2669 ellecttts
1583 2623 1625 2669 est
1639 2629 1701 2670 enm
1719 2614 1858 2685 Apostolo,
1879 2614 1949 2685 quod

310 2694 404 2748 tudine
419 2692 477 2761 ejus
491 2706 538 2745 nor
548 2705 637 2745 ornnes
652 2688 807 2757 ocoemmus.
823 2687 963 2753 Quomodo
979 2685 1062 2757 igilur
1072 2687 1105 2742 de
1159 2701 1241 2755 neque
1254 2700 1335 2749 soors,
1349 2699 1429 2755 neone
1442 2684 1505 2748 tntu,
1521 2699 1604 2755 neque
1618 2683 1714 2755 onpelt‘,
1728 2701 1808 2755 nepus
1839 2684 1951 2755 rintlpo·

310 2763 423 2819 cbristo
443 2762 572 2830 scripturn
591 2766 644 2823 est,
657 2758 725 2828 puod
749 2774 808 2811 nee*
827 2757 875 2810 erit
895 2754 1022 2828 Spiritum
1043 2773 1106 2810 ton·
1156 2766 1209 2818 tur,
1229 2770 1311 2825 neque
1333 2755 1475 2816 instantio,
1493 2770 1574 2826 neque
1592 2755 1694 2825 sutoro,
1709 2771 1791 2826 oreque
1811 2702 1948 2826 ssrtittttlo,

311 2844 411 2887 rtttrrtu
426 2828 519 2895 Putre,
531 2841 554 2883 et
563 2830 650 2899 iprum
660 2827 780 2881 dederit?
818 2834 912 2897 traque
923 2836 1018 2882 natura
1030 2827 1057 2881 in
1072 2842 1111 2882 eo·
1157 2842 1238 2897 neque
1265 2824 1387 2888 altitudo,
1418 2841 1499 2896 neque
1522 2825 1693 2896 profundum,
1719 2841 1800 2909 neque
1827 2834 1948 2879 cremore

311 2908 464 2957 monstrata
482 2910 533 2963 est,
548 2901 664 2953 bumana
679 2896 783 2953 scilieet
797 2906 825 2952 ει
838 2898 938 2951 birino.
952 2897 1064 2966 Accepit
1077 2908 1106 2951 ut
1157 2895 1211 2948 olio
1225 2895 1320 2964 poterit
1333 2911 1392 2948 euro
1405 2910 1556 2963 tepororeo
1574 2895 1701 2949 eboritote
1712 2894 1770 2962 Der,
1789 2912 1848 2967 orror
1865 2903 1904 2949 est
1921 2895 1949 2949 iu

311 2972 418 3027 borno:
435 2970 508 3025 dedit
521 2978 551 3024 ut
568 2970 648 3024 Deus.
667 2968 723 3023 Nos
735 2976 824 3022 nutem
840 2968 963 3037 accipere
985 2967 1036 3023 boc
1058 2967 1106 3021 do·
1158 2964 1263 3018 Cluristo
1274 2962 1339 3018 lesu
1357 2963 1469 3017 Domino
1480 2973 1578 3017 nostro.
1590 2964 1665 3030 Qtrod
1681 2974 1771 3020 autent
1784 2966 1827 3020 bis
1839 2964 1882 3021 bic
1896 2980 1947 3019 ιιιι-

311 3057 379 3097 ιιιιιιι
393 3040 501 3112 ouidem
525 3053 668 3111 possumus
684 3052 733 3109 pro
757 3036 865 3093 modulo
883 3046 994 3101 nostro;
1021 3034 1107 3090 ellim·
1158 3034 1402 3088 merantnreadem
1422 3044 1525 3103 septem
1547 3036 1616 3090 riona
1633 3033 1652 3089 S
1671 3036 1750 3090 initus
1767 3035 1872 3101 sancti,
1896 3037 1950 3090 duo

311 3112 379 3167 dere
398 3119 487 3165 ιιιιιειιι
501 3125 583 3181 ειιρει
606 3109 674 3164 alios
691 3124 743 3162 non
760 3108 853 3178 tutique
871 3122 1033 3176 possumus3
1059 3107 1106 3161 sed
1157 3105 1287 3159 nimirum
1315 3101 1451 3174 signillcat
1473 3113 1610 3184 praccepta
1635 3049 1791 3171 neomuto,
1817 3117 1878 3175 quae
1899 3119 1949 3174 per

311 3181 414 3247 utliat,
437 3180 580 3237 Dominum
598 3195 679 3250 super
693 3178 824 3248 eosquod
840 3179 866 3232 id
882 3177 1013 3231 elbciotur
1031 3177 1107 3231 iuro·
1159 3174 1289 3244 Spiritum
1309 3182 1431 3227 sunctum
1453 3172 1611 3229 diffunditur
1635 3175 1662 3230 iu
1684 3176 1810 3231 cordibus
1833 3175 1947 3242 nostris;

311 3267 417 3307 murus
444 3249 497 3305 Sed
517 3252 600 3320 quuri
624 3257 713 3319 potest
739 3264 788 3303 cur
809 3247 939 3318 propbeta
965 3263 979 3300 a
1004 3246 1105 3317 Spiritu
1159 3245 1216 3299 sire
1238 3244 1290 3297 duo
1304 3239 1493 3311 Testamenta,
1511 3259 1571 3315 que
1594 3259 1643 3315 ρει
1667 3245 1791 3300 eurxtdeut
1817 3245 1948 3315 Spiritum

312 3321 455 3393 sapientire
469 3335 611 3375 numerare
632 3320 784 3387 incoepcrit,
798 3326 826 3372 et
844 3320 869 3372 in
883 3317 1012 3386 Spiritum
1029 3318 1107 3371 tirno
1158 3314 1259 3370 dictata
1273 3321 1354 3382 atquc
1366 3313 1519 3383 conscripta
1537 3324 1616 3379 sunm
1631 3330 1691 3384 quse
1701 3317 1729 3370 in
1745 3332 1798 3372 uon
1818 3330 1909 3380 crues,
1921 3314 1949 3371 id

311 3393 352 3448 ris
367 3389 488 3455 desierit,
510 3405 571 3446 eum
582 3390 723 3447 Psalmista
742 3389 813 3445 dicat
828 3406 835 3441 :
849 3387 959 3447 initium
972 3388 1107 3459 sapientior
1159 3395 1210 3449 est,
1225 3385 1252 3439 in
1275 3399 1327 3438 una
1335 3384 1467 3508 fassione
1480 3383 1582 3441 Christi
1594 3396 1734 3456 compasta
1754 3397 1782 3442 at
1801 3402 1836 3444 tte
1849 3386 1950 3444 eondu-

310 3465 396 3517 tirnor
408 3460 525 3516 Domini.
541 3461 617 3529 Quod
632 3463 668 3516 ita
685 3460 752 3515 solui
772 3467 878 3529 potest:
894 3458 1028 3527 Propheta
1040 3473 1106 3528 orgo
1159 3464 1221 3512 nata
1238 3464 1309 3510 sunt.
1347 3471 1364 3509 o
1389 3470 1470 3510 cruce
1494 3470 1557 3527 ergo
1580 3457 1682 3512 Christi
1701 3458 1754 3513 dtto
1775 3474 1791 3513 ε
1818 3459 1947 3513 ciuntur:

311 3548 377 3587 curu
391 3533 425 3587 de
442 3529 509 3586 bore
524 3534 622 3604 rirgte,
643 3546 703 3602 quae
719 3530 751 3585 de
768 3530 859 3586 radice
875 3528 950 3584 lesse
963 3544 1106 3599 egressura
1159 3542 1242 3581 unum
1256 3526 1318 3596 quia
1332 3540 1413 3581 omne
1430 3526 1573 3581 divortium
1584 3535 1613 3583 et
1624 3527 1764 3583 inimicitia
1776 3530 1803 3583 in
1822 3528 1880 3599 ipsu
1894 3527 1948 3584 dis·

313 3610 386 3666 erat,
402 3602 580 3670 prophetarit,
597 3603 622 3655 id
637 3609 688 3663 est,
702 3600 822 3660 cbristo,
845 3601 907 3670 quia
922 3599 1009 3669 ipsum
1023 3598 1050 3653 in
1066 3599 1106 3654 di·
1120 3636 1143 3699 C
1160 3596 1246 3653 soluta
1262 3602 1333 3656 sunt,
1351 3596 1544 3677 pacificataque
1558 3598 1649 3653 omnia
1664 3600 1765 3654 suntin
1780 3599 1836 3670 ipsa
1848 3613 1908 3668 quae
1922 3598 1949 3652 in

309 3673 428 3727 sinitote
438 3680 600 3726 coeternum
615 3670 689 3725 l‘ntri
703 3670 843 3734 intellexit,
865 3678 894 3724 et
907 3669 990 3724 totius
1003 3670 1064 3724 boni
1079 3675 1107 3724 et
1158 3667 1229 3723 coelo
1238 3676 1267 3721 et
1277 3681 1337 3736 oum
1352 3682 1378 3720 ιιι
1393 3675 1464 3721 terra
1484 3675 1556 3722 sunt.
1580 3669 1714 3737 Descripsi
1730 3684 1795 3740 erpo
1814 3667 1858 3725 bie
1878 3669 1950 3723 llori-

311 3741 480 3805 saoctitatis,
497 3741 552 3797 into
571 3741 690 3797 omnium
709 3756 798 3796 rerunt
812 3746 950 3794 auctorem
971 3740 1107 3809 coguovit,
1175 3751 1249 3792 eram
1269 3750 1377 3793 crucem
1393 3745 1508 3806 qtrtrtuor
1522 3737 1657 3794 coloribus
1674 3740 1826 3811 precipuis,
1850 3738 1875 3794 id
1896 3747 1948 3803 est,

312 3820 345 3866 nt
361 3827 423 3867 cum
444 3820 519 3866 tantu
553 3812 700 3867 lenitudine
724 3810 877 3866 sarretitutis
891 3825 906 3863 a
919 3808 994 3864 coelis
1020 3809 1107 3879 ipsum
1156 3755 1342 3885 fuyaeintbino,
1355 3821 1503 3876 purpureo,
1520 3808 1641 3880 byssino,
1656 3818 1684 3863 et
1698 3811 1839 3875 coccineo,
1856 3807 1948 3864 utbo-

312 3881 349 3936 ad
365 3897 414 3936 nos
426 3897 512 3952 usque
526 3828 689 3937 Jesoeodere
702 3879 877 3951 signilicnret,
891 3888 918 3934 et
933 3879 958 3933 in
975 3888 1108 3945 nostrum,
1156 3880 1195 3934 ris
1208 3876 1279 3931 illius
1288 3877 1474 3944 jucundissimi
1490 3879 1615 3935 decorem
1627 3881 1853 3945 demonstrarem,
1868 3894 1948 3949 quem

312 3950 343 4006 itl
357 3960 410 4015 est,
435 3951 581 4006 humanam
595 3951 845 4022 nuturamgrntiarn
862 3948 1010 4005 diffundere
1031 3964 1108 4004 mon·
1156 3947 1315 4021 propbetiea
1335 3946 1435 4002 locutio
1455 3957 1548 4003 narrat
1561 3949 1594 4004 de
1616 3949 1699 4020 stirpe
1715 3951 1788 4023 regia
1807 3961 1947 4014 ειιιιιιιιιιις

311 4030 427 4084 straret,
439 4022 476 4076 ab
490 4021 548 4091 ipso
567 4020 675 4091 fastigio
690 4021 870 4092 spiritualium
884 4021 1016 4075 donorum
1038 4019 1106 4074 inei·
1157 4019 1203 4090 qui
1229 4017 1367 4086 speciosus
1387 4016 1474 4072 forma
1490 4034 1546 4088 prae
1569 4018 1630 4077 liliis
1656 4021 1795 4076 bominum
1816 4019 1948 4082 existens,

312 4092 393 4162 piens
405 4092 438 4147 ad
455 4091 509 4146 ima
523 4106 608 4162 usque
620 4091 799 4163 progreditur.
811 4090 875 4157 Qnae
885 4097 926 4144 est
937 4090 1008 4143 eninr
1021 4088 1109 4158 major
1157 4089 1278 4144 omniurn
1289 4086 1420 4141 virtutum
1435 4088 1559 4143 decorem
1578 4089 1605 4144 in
1618 4092 1763 4160 semetipso
1773 4091 1843 4146 ultra
1855 4103 1950 4145 omnes

313 4161 414 4232 gratia,
428 4175 510 4232 quaxn
522 4162 608 4232 ipsum
618 4163 827 4232 omnipotentem
842 4168 1004 4223 cremorem,
1016 4174 1030 4212 a
1042 4175 1108 4241 quo,
1157 4156 1318 4213 mirabiliter
1335 4158 1461 4212 ostendit.
1479 4157 1534 4215 Nec
1549 4160 1620 4216 enixu
1634 4160 1717 4216 ullnm
1733 4170 1888 4216 sanctorum
1909 4159 1949 4214 las

313 4239 344 4284 et
356 4247 407 4300 per
418 4246 511 4301 quent,
524 4242 551 4286 et
568 4233 595 4287 in
608 4248 662 4302 quo
676 4238 738 4286 sunt
751 4230 851 4294 oxonia,
863 4239 891 4284 ct
903 4229 988 4300 ipsam
1002 4245 1109 4299 sapten-
1156 4237 1201 4283 εει
1220 4227 1343 4291 credere,
1368 4226 1401 4281 ad
1413 4228 1601 4284 excellentium
1622 4231 1762 4287 eharitatis
1780 4232 1839 4303 ejus
1855 4243 1948 4301 peree-

315 4300 382 4354 riam
392 4310 532 4364 retensum,
544 4318 559 4357 a
570 4310 667 4372 quaet
679 4318 728 4373 per
737 4308 864 4371 quam,et
876 4301 902 4354 iu
913 4298 1109 4370 quuillustrun·
1137 4299 1217 4367 ‚nire
1229 4298 1363 4368 potuisse,
1379 4297 1441 4366 qum
1456 4298 1530 4353 illum
1545 4299 1631 4355 solum
1645 4302 1703 4358 sino
1716 4300 1821 4369 peceati
1842 4299 1946 4355 maculo

314 4378 361 4439 tur
372 4372 473 4434 omnin,
494 4386 544 4440 pro
566 4372 674 4427 modulo
687 4381 781 4427 nostro
796 4371 875 4440 plene
890 4379 971 4440 atque
990 4369 1109 4438 perlecto
1158 4375 1265 4424 constat
1279 4374 1372 4421 nutum
1387 4382 1456 4431 esse,
1471 4374 1498 4423 et
1512 4371 1583 4439 quod
1599 4372 1705 4427 ceteris
1723 4384 1754 4425 ex
1767 4380 1846 4495 zone
1858 4368 1949 4425 oonte-

230 4464 239 4475 -·
314 4440 590 4511 conspicituutquae
603 4443 692 4497 minor
714 4458 794 4511 quam
816 4448 1109 4512 propterpoenamge-
1160 4437 1235 4494 rebat
1248 4437 1344 4507 gratia,
1363 4436 1400 4490 illi
1416 4445 1501 4493 toturn
1517 4454 1551 4493 ex
1566 4438 1671 4511 integro
1685 4441 1774 4510 praebc
1793 4451 1822 4496 at
1840 4449 1948 4496 natura.

313 4508 414 4564 beunte
427 4527 442 4564 o
455 4513 573 4580 peccatis
584 4527 613 4567 se
628 4513 762 4567 bominem
773 4510 964 4580 compescere?
976 4509 1031 4565 Neo
1043 4508 1109 4564 dum
1157 4508 1187 4563 lu
1202 4507 1347 4578 hyacintho
1367 4507 1465 4578 quippe
1480 4509 1653 4581 intelligimus
1671 4510 1807 4567 coetestem
1829 4509 1887 4580 ejus
1908 4511 1948 4564 in·

314 4579 429 4634 enimin
462 4582 542 4637 rudus
563 4583 716 4651 superiores
730 4581 861 4642 aseendit,
885 4582 930 4648 nuri
943 4580 970 4635 iu
985 4580 1036 4634 isto
1050 4595 1109 4649 poe·
1159 4575 1335 4634 terbomines
1360 4579 1607 4643 conversationem
1637 4579 1796 4652 inpurpura
1815 4579 1949 4651 passionis

316 4648 416 4729 naliter
428 4596 555 4717 afficitur,
568 4653 630 4722 quia
644 4653 724 4706 timor
731 4666 840 4723 poenam
852 4649 941 4704 habet.
955 4649 1006 4717 Qui
1017 4657 1107 4713 autem
1158 4647 1332 4719 sanguinem
1347 4647 1374 4701 iu
1387 4645 1503 4728 candore
1517 4656 1544 4702 et
1558 4649 1638 4719 bysso
1655 4651 1777 4720 eorporis
1788 4653 1845 4722 ejus
1861 4650 1948 4705 inrio-

314 4727 404 4783 ttmet,
427 4736 480 4776 uon
500 4732 543 4777 est
561 4722 695 4791 perlectus
713 4723 741 4777 in
758 4721 900 4777 charitate.
922 4719 975 4776 Sed
989 4736 1042 4775 non
1056 4718 1108 4773 nisi
1159 4719 1317 4774 latissimam
1329 4724 1499 4782 eastttutem;
1516 4717 1543 4772 in
1563 4734 1644 4775 coeco
1677 4736 1765 4791 uoque
1784 4722 1866 4791 praeei
1885 4735 1948 4774 uano

315 4803 367 4859 ρει
391 4789 474 4845 istum
501 4793 616 4847 bumana
643 4792 787 4846 inbrmitas
810 4792 844 4846 ad
870 4790 1008 4859 superiora
1037 4789 1109 4845 salet
1159 4785 1533 4870 neperlectamcburitatem.
1550 4736 1954 4860 llisqulflemomnibustomo.

315 4861 509 4917 eoosoeodere.
533 4862 622 4932 Atque
644 4861 705 4917 ideo
727 4861 793 4917 dicit
820 4859 960 4916 Psalmista
978 4860 1108 4914 :initium
1158 4858 1283 4914 Cbrtstus
1295 4854 1374 4913 lesus
1390 4865 1461 4913 inter
1475 4858 1599 4915 homines
1611 4869 1690 4915 natus
1704 4874 1820 4918 serenus
1831 4877 1875 4918 ros
1894 4860 1951 4917 leo·

316 4929 454 4998 sapientior
478 4932 557 4987 timor
573 4932 689 4995 Domini,
710 4933 774 5002 quia
790 4931 915 5002 primitus
933 4931 1012 4986 debet
1027 4930 1107 4984 homo
1160 4930 1252 4989 debat,
1267 4927 1329 4998 quia
1345 4927 1426 4982 totius
1438 4927 1545 4983 decoris
1562 4930 1760 5000 pulchritudine
1781 4933 1853 4988 iutus
1870 4877 1951 4987 Kuris-

316 5012 367 5067 per
388 4998 512 5055 timorem
532 5017 548 5055 u
571 5001 690 5071 peccatis
709 5017 739 5058 se
762 5015 899 5065 coercere,
927 4999 1016 5055 sciens
1041 5000 1108 5055 scri·
1123 4987 1213 5069 une
1223 4997 1318 5068 plenus
1331 5005 1399 5052 erat.
1411 4997 1573 5054 Probciebat
1583 5001 1665 5073 igitur
1676 5017 1742 5073 puer
1752 5001 1829 5058 lesus
1841 5002 1949 5072 supien-

315 5076 405 5138 ptum,
417 5071 490 5139 quod
507 5069 579 5127 Deus
595 5071 740 5141 unicuique
757 5071 845 5126 reddit
859 5070 1005 5152 secundum
1025 5084 1107 5140 opera
1161 5071 1197 5124 tia
1208 5078 1235 5123 et
1248 5076 1327 5123 etate
1343 5074 1371 5121 et
1384 5068 1470 5140 gratia
1491 5070 1559 5138 apud
1574 5068 1659 5126 Deum
1673 5079 1700 5127 et
1714 5073 1849 5138 homines,
1868 5079 1896 5126 et
1909 5072 1951 5126 rir

316 5151 383 5199 sua,
409 5139 535 5211 quodqrre
555 5142 629 5212 irnpii
648 5141 721 5196 ibunt
745 5141 773 5196 br
797 5139 952 5210 supplicium
970 5149 1106 5203 eternum,
1162 5138 1250 5195 lntrtus
1274 5137 1365 5207 populi
1393 5139 1546 5194 testimonio
1575 5141 1698 5197 laudatus
1724 5151 1784 5198 erat
1811 5140 1948 5199 dicentis:

311 5206 384 5277 justi
397 5218 484 5264 ιιιιιιιιι
495 5211 523 5265 in
541 5212 620 5265 titum
634 5220 759 5266 eternum
768 5227 780 5277 ,·
792 5218 821 5266 ει
838 5210 877 5265 εἰε
895 5224 987 5264 amore
1002 5223 1108 5264 merce·
1162 5209 1232 5263 Bene
1250 5223 1337 5261 omma
1354 5206 1471 5275 fecittot
1491 5209 1585 5263 turdos
1607 5210 1668 5280 lecit
1683 5212 1797 5278 oudire,
1817 5222 1840 5266 tt
1863 5221 1948 5266 mutos

316 5275 360 5330 dis
380 5285 490 5334 aeterne
503 5280 530 5335 iu
544 5289 657 5336 coeteros
673 5281 772 5352 maduo
791 5279 953 5343 ascendere,
976 5279 1002 5334 id
1016 5287 1065 5341 est,
1080 5279 1107 5332 in
1162 5278 1242 5347 loqui.
1267 5276 1317 5344 Qui
1336 5276 1459 5332 doctrina
1484 5293 1533 5334 suu
1561 5282 1691 5336 mundum
1709 5281 1848 5337 illustrans
1869 5289 1950 5350 utque

317 5348 467 5403 secuudum
481 5352 607 5421 gadum,
623 5360 653 5406 ut
666 5351 727 5420 pius
736 5351 772 5406 sit
785 5359 814 5406 et
828 5348 911 5415 mitis,
929 5348 1009 5404 bdem
1022 5349 1109 5404 bomi-
1162 5359 1278 5418 egrotos
1289 5346 1347 5418 ejus
1360 5361 1467 5414 sanans,
1482 5363 1532 5419 per
1546 5357 1660 5405 mortem
1674 5351 1808 5407 destruxit
1822 5358 1948 5413 mortem,

317 5415 362 5470 nis
378 5426 492 5484 metam,
511 5429 540 5476 et
554 5419 620 5475 nulli
641 5421 740 5476 malum
763 5435 812 5491 pro
834 5419 914 5484 oraio,
934 5419 981 5474 sed
1002 5433 1109 5488 semper
1163 5428 1191 5473 et
1205 5417 1375 5487 triumphans
1396 5418 1542 5473 resurrexit
1563 5419 1590 5473 in
1605 5419 1701 5492 gloria,
1716 5420 1838 5476 aseendit
1853 5420 1880 5473 lu
1892 5431 1949 5474 εω-

317 5487 419 5623 fflm
435 5504 500 5544 uum
514 5498 557 5546 est
568 5491 703 5573 reddens;
718 5505 805 5573 neque
817 5488 987 5571 maledicenti
1000 5490 1111 5544 reniale
1163 5488 1213 5569 los,
1228 5486 1303 5568 sedet
1315 5487 1348 5541 ad
1360 5484 1498 5542 dexteram
1514 5487 1560 5544 Dei
1573 5489 1674 5555 Putris,
1693 5491 1754 5546 inde
1768 5499 1899 5573 uenturus
1908 5487 1949 5559 ju·

436 5558 656 5618 tedeooutrano
675 5560 847 5618 benedteens.
871 5556 900 5616 lu
915 5565 1022 5617 tertuum
1044 5573 1112 5630 quo·
1165 5559 1255 5612 dicare
1268 5570 1342 5612 suros
1356 5564 1383 5612 et
1395 5564 1526 5627 mortuos,
1538 5567 1563 5615 et
1576 5560 1703 5616 saeculum
1715 5575 1765 5630 per
1777 5572 1877 5632 tgnout.
