4509 6850
308 629 360 689 663
626 625 657 680 Β.
676 622 802 679 hatthui
823 569 934 679 dabui
955 618 1115 677 hiiClllEP.
1135 617 1290 676 nocuus.
1311 615 1454 676 bennun
1471 614 1562 674 PARS
1578 616 1602 672 i.
1886 619 1943 676 ibi

305 758 364 807 stus
376 759 441 819 ergo
457 754 486 800 et
498 752 560 799 autc
574 748 603 797 et
623 749 697 796 retro
715 737 832 810 predari
848 744 940 792 contra
962 734 1098 790 Antichri·
1112 737 1137 795 Α
1150 732 1204 803 poli
1218 730 1414 803 cogitauerunt.
1441 727 1596 786 inviderunt
1621 727 1659 786 illi
1685 729 1817 788 habentes
1840 731 1944 805 jaculo.

305 849 379 896 stum
392 835 529 893 scribitur.
544 832 615 889 hnte
629 847 690 887 cum
701 845 817 900 namque
832 828 858 883 in
869 827 977 884 ocenlto
987 827 1101 882 adventu
1152 823 1245 893 Neque
1267 822 1340 879 enirn
1363 823 1506 893 quisquam
1519 823 1546 878 in
1572 821 1672 894 ioseph
1687 825 1803 897 conjecit
1827 826 1947 894 sagittus

305 927 476 993 humilitatis,
484 932 545 997 post
555 939 617 979 eum
629 920 787 977 manifestus
801 920 827 973 itt
841 917 926 989 gloria
939 915 1100 986 majestatis.
1151 915 1193 972 tel
1207 914 1314 985 aliquod
1328 915 1448 971 uulneris
1461 915 1555 982 telum,
1574 917 1621 974 scd
1639 917 1793 988 specialiter
1809 919 1904 976 euenit
1916 921 1946 976 in

305 1021 479 1080 Demonstrat
491 1024 519 1073 et
532 1016 637 1089 Moyses
650 1021 741 1086 aperte
752 1010 920 1083 prophetiam
940 1007 1102 1079 patriarchae
1150 1005 1297 1063 Christum.
1322 1004 1394 1062 Sedit
1409 1007 1436 1061 in
1452 1005 1515 1077 torti
1538 1023 1616 1063 orcus
1640 1007 1707 1079 ejus.
1734 1008 1861 1066 Christus
1871 1011 1947 1066 euim

306 1113 388 1184 huius
400 1109 554 1181 specialiter
575 1107 711 1177 pertinere
732 1105 766 1160 ad
792 1103 940 1158 Christum.
959 1099 1006 1156 Sic
1028 1100 1100 1154 euim
1151 1114 1243 1154 arcum
1262 1114 1341 1154 suunt
1357 1098 1456 1168 posuit,
1478 1106 1506 1152 ct
1523 1113 1598 1153 arma
1614 1099 1749 1171 pugnandi
1771 1101 1798 1156 in
1813 1101 1883 1169 beo,
1897 1102 1947 1174 qui

306 1207 363 1260 ait:
377 1202 545 1267 benedictus,
567 1199 663 1271 inquit,
677 1198 704 1253 in
717 1196 855 1251 latitudine
878 1191 946 1247 Cod.
969 1192 1051 1258 Quasi
1061 1190 1101 1245 leo
1151 1189 1232 1245 lortis
1241 1197 1283 1246 est
1294 1198 1485 1261 propugnator,
1499 1190 1577 1261 cujus
1591 1193 1691 1247 virtute
1711 1194 1871 1250 concidetur
1883 1209 1946 1249 om-

307 1296 430 1369 requierit
441 1311 452 1361 ,·
462 1293 587 1364 cepitque
597 1291 732 1345 bruchium
743 1298 767 1343 et
779 1287 910 1351 uerticem,
921 1293 945 1340 et
955 1284 1017 1339 uidit
1030 1283 1101 1354 prin·
1151 1281 1194 1338 nis
1207 1282 1327 1351 nequitia
1347 1282 1521 1350 perddomm.
1547 1279 1583 1337 bt
1607 1284 1735 1340 dissoluto
1758 1295 1817 1341 stutt
1840 1287 1948 1341 onesta

301 1372 421 1458 'cipetum
433 1399 520 1440 suum.
533 1382 687 1454 Agnoscent
702 1379 794 1450 itaque
803 1378 865 1449 quis
883 1376 1014 1446 requievit
1032 1375 1102 1429 sicut
1152 1372 1315 1427 brachiorum
1327 1374 1396 1443 eins,
1411 1373 1508 1443 quibus
1527 1372 1626 1430 iratres
1642 1389 1703 1430 curn
1719 1376 1838 1431 uinctum
1852 1376 1887 1431 ad
1901 1375 1950 1430 bi-

307 1474 351 1532 ieo
373 1473 425 1530 nisi
448 1473 572 1529 Christus
590 1471 617 1526 in
642 1468 764 1538 sepulcro
786 1468 859 1522 suo?
879 1465 946 1533 Quis
968 1461 1101 1531 confregit
1151 1464 1234 1520 latum
1246 1466 1388 1530 duxerunt,
1405 1465 1447 1519 rel
1461 1465 1559 1535 quibus
1577 1481 1638 1521 cum
1657 1481 1818 1537 suspensum
1833 1468 1862 1522 in
1873 1465 1949 1539 ligno

307 1565 436 1621 uerticem
457 1561 620 1631 brachiaque
634 1558 794 1629 potentium,
808 1557 860 1612 nisi
875 1554 1040 1628 Redemptor
1052 1568 1100 1606 no·
1151 1556 1353 1611 cruciltsemnt.
1366 1554 1492 1611 Rescissa
1502 1565 1565 1611 suut
1575 1556 1648 1611 caint
1658 1572 1707 1628 per
1722 1572 1832 1613 tnanttm
1850 1557 1947 1623 iacob,

307 1664 374 1721 ster,
399 1654 446 1725 qui
472 1651 624 1708 humiliavit
648 1651 776 1705 virttttem
798 1657 826 1703 et
840 1647 992 1718 superbiam
1007 1645 1099 1701 excel·
1151 1647 1203 1702 hoe
1215 1656 1257 1702 est
1269 1662 1318 1719 per
1333 1662 1441 1702 manum
1453 1647 1644 1719 omnipotentis
1655 1648 1702 1704 bei
1715 1647 1809 1715 Jacob,
1821 1666 1856 1706 cx
1868 1650 1949 1722 cnjus

308 1738 423 1796 sorum?
445 1736 511 1806 Quis
531 1737 600 1793 l'bdbi
622 1735 802 1808 principatum
823 1748 912 1797 Sillim,
929 1732 980 1786 nisi
997 1731 1042 1786 illd
1055 1730 1100 1786 cui
1151 1740 1255 1796 femore
1273 1753 1330 1811 ipse
1349 1738 1479 1795 Dominus
1491 1740 1578 1796 bonus
1592 1750 1685 1811 pastor
1698 1751 1890 1813 egreggqgggg
1903 1743 1947 1798 lp.

307 1831 439 1887 datusest
451 1829 617 1901 principatus
637 1835 665 1882 et
682 1828 807 1883 honoret
821 1825 949 1896 reguum?
968 1822 1101 1894 Aserpin·
1150 1830 1193 1901 pis
1207 1839 1234 1884 et
1248 1829 1362 1885 firmitas
1374 1831 1541 1886 effluentium
1561 1832 1588 1888 tn
1611 1831 1703 1888 israel,
1719 1832 1789 1888 pe„
1803 1835 1890 1904 patra,
1907 1834 1949 1890 m

306 1923 364 1994 §tib
382 1921 458 1993 liduit
479 1921 545 1993 ejus,
569 1928 593 1974 01
617 1918 739 1989 Ρῒιΐῧθῦῑῑ
760 1916 869 1972 deficiat
885 1915 996 1986 sediblu&
1022 1913 1100 1980 Aser,
1151 1923 1198 1976 erit
1213 1922 1321 1994 adjutor
1329 1930 1399 1976 tuns.
1416 1921 1481 1988 Quis
1496 1919 1597 1991 adjuvit
1606 1922 1704 1978 Filium
1719 1923 1771 1979 nisi
1785 1923 1861 1979 solus
1874 1923 1949 1979 licus

306 2011 495 2083 cujusnomen
520 2009 653 2081 signillcat
672 2008 789 2072 divitias,
814 2007 884 2062 idern
909 2005 1099 2068 Christusest,
1151 2010 1241 2077 Paret,
1257 2011 1302 2081 qni
1329 2011 1414 2066 dixit:
1440 2009 1524 2067 Jacob
1551 2029 1617 2082 puer
1636 2027 1719 2078 meus,
1745 2013 1949 2082 suscipiotettttt

307 2101 391 2173 Cujus
407 2101 518 2156 altitudo
539 2101 690 2154 diuitiarum
716 2099 850 2168 sopietttior
873 2107 896 2151 et
919 2095 1034 2151 ementire
1053 2094 1102 2152 bei
1118 2097 1140 2155 B
1155 2103 1243 2156 oninto
1254 2103 1332 2156 mco?
1352 2100 1387 2156 Ει
1409 2102 1569 2173 omnipotens
1582 2101 1712 2157 benedicet
1730 2102 1778 2157 tibi
1788 2101 1949 2157 benedictio·

309 2193 469 2268 iflfflbssbi
485 2193 531 2264 qni
557 2199 668 2263 limbi&
683 2206 732 2246 ¹¹⁰⁵
751 2204 852 2261 pauper
867 2188 953 2242 fitius
973 2195 1016 2241 0⁵1
1039 2200 1101 2241 cum
1132 2192 1228 2246 ‘nibus
1257 2190 1314 2246 coeit'
1337 2191 1457 2263 desuper,
1485 2191 1704 2246 benedictionibus
1722 2190 1811 2262 obptsi
1831 2190 1952 2262 jacentis

307 2286 383 2344 dites
393 2293 482 2352 essct3
496 2281 574 2352 cujus
583 2291 625 2339 est
640 2283 717 2354 panis
734 2282 840 2353 pingitis
854 2278 951 2345 lactus,
971 2293 1035 2334 caro
1049 2277 1102 2333 sci·
1152 2283 1284 2338 deorsum.
1296 2283 1427 2341 Universa
1440 2285 1512 2340 enirn
1528 2282 1643 2353 subiecit
1653 2284 1690 2349 ei,
1702 2283 1826 2339 coelestia
1839 2299 1890 2355 per
1900 2285 1953 2341 he·

306 2379 371 2448 qicct
384 2378 443 2451 eius
458 2391 519 2449 quae
541 2382 584 2432 est
607 2390 669 2432 esea
696 2382 868 2430 sanctorum:
896 2386 977 2442 qnam
992 2371 1015 2425 si
1041 2370 1102 2441 quis
1152 2374 1333 2431 nedictionem
1345 2375 1407 2431 coeli
1421 2375 1546 2446 desuper,
1561 2381 1589 2430 et
1602 2381 1707 2430 terrena
1719 2389 1768 2444 per
1779 2374 1953 2430 benedictio-

306 2469 521 2535 manducarerit,
534 2483 588 2524 non
602 2466 733 2522 morietur
745 2464 771 2519 in
786 2472 926 2519 asternunt.
944 2461 998 2517 iste
1018 2462 1101 2517 etiarn
1153 2481 1213 2522 nent
1226 2466 1316 2538 abyssi
1331 2466 1448 2538 iacentis
1468 2467 1603 2531 tleorsum,
1624 2475 1655 2520 ut
1666 2465 1791 2521 omnihus
1806 2465 1914 2536 angelis
1924 2474 1954 2522 et

306 2559 437 2632 praeltebit
448 2555 706 2627 delici³SStpitniiae
720 2553 838 2623 risibus,
854 2551 882 2606 id
906 2557 958 2616 esi»
973 2550 1020 2621 (lui
1040 2564 1101 2605 ⁸01¹·
1152 2557 1305 2613 hominibus
1318 2557 1511 2613 dominaretur.
1535 2554 1760 2610 detrectationibus
1781 2555 1906 2620 uhernrn,
1923 2553 1954 2610 id

306 2668 354 2709 sus
367 2651 491 2722 proprios
516 2650 585 2704 benc
606 2655 711 2718 regunt,
725 2646 770 2717 qui
788 2646 962 2701 dominantur
975 2643 1101 2698 vitiorum
1151 2655 1202 2713 est,
1217 2647 1274 2703 sive
1294 2647 1408 2703 duomm
1422 2654 1656 2712 testamentorum,
1669 2661 1783 2716 quornm
1804 2645 1896 2701 altero
1909 2652 1954 2700 est

307 2758 428 2807 suorum,
444 2742 491 2813 qni
503 2741 637 2812 castigant
649 2754 762 2810 corpora
784 2753 832 2793 sua
851 2747 880 2793 ct
901 2737 928 2792 in
943 2737 1099 2792 seruitutem
1151 2738 1300 2803 nuntiatus,
1316 2737 1400 2793 altero
1414 2737 1628 2804 demottstratus;
1641 2737 1697 2792 siue
1711 2735 1954 2792 benedictionibus

308 2833 466 2905 subjiciunt.
479 2830 661 2902 Nephthalim,
679 2828 750 2899 quod
761 2828 954 2898 interpretatur
966 2825 1099 2892 dilatatio,
1150 2829 1265 2884 uberum
1276 2827 1377 2894 hieriae,
1389 2843 1448 2896 qnae
1459 2843 1522 2883 tere
1531 2827 1670 2883 benedicta
1681 2825 1841 2896 crant,quia
1852 2823 1954 2880 iisdem

307 2924 445 2997 apostolos
457 2931 486 2980 ct
499 2923 690 2995 praedicatores
704 2929 812 2977 sanctos
827 2918 972 2990 signillcat,
985 2933 1100 2990 quorum
1151 2932 1245 2976 saneta
1259 2919 1341 2991 Uirgo
1365 2918 1480 2975 bomine
1494 2927 1587 2989 potunt
1603 2918 1682 2973 lactis
1706 2915 1848 2973 immulsit.
1873 2915 1955 2973 Unde

309 3018 432 3075 doctrina
446 3016 473 3072 in
487 3015 654 3070 latitudinem
669 3012 752 3069 totins
771 3011 863 3068 mundi
879 3009 974 3067 diffusa
995 3009 1100 3065 estiis
1151 3017 1179 3063 et
1192 3008 1237 3063 illa
1250 3008 1347 3063 mulier
1361 3008 1388 3063 io
1410 3008 1555 3079 Evangelio
1575 3007 1631 3063 ait:
1652 3005 1750 3063 beatus
1767 3015 1856 3063 tentet
1867 3008 1916 3078 qtti
1927 3018 1955 3063 ts

308 3110 360 3166 hac
372 3110 444 3165 enim
456 3106 527 3162 trihu
550 3105 657 3160 ittentot
678 3104 800 3176 apostoli,
814 3102 860 3173 qui
882 3110 945 3158 sunt
965 3101 1101 3173 principes
1150 3098 1271 3168 portauit,
1287 3109 1310 3153 et
1322 3099 1401 3153 ubero
1412 3115 1471 3169 quc
1481 3099 1576 3154 suncti
1590 3098 1667 3171 (buc.
1678 3097 1728 3168 ιι).

307 3198 500 3262 Ecclesiaruat,
516 3208 543 3253 ct
552 3198 643 3263 duces,
659 3205 686 3251 ct
697 3196 832 3267 principos
843 3194 974 3259 Zabulon,
989 3202 1016 3249 et
1026 3193 1102 3263 prin·
1186 3189 1413 3245 benedictionibus
1425 3190 1532 3245 uberum
1545 3201 1569 3245 et
1582 3189 1674 3244 snite.
1696 3190 1784 3245 Etiam
1801 3190 1849 3247 hic
1861 3191 1953 3247 bene·

307 3288 563 3363 cipesNephtltalim
577 3306 585 3354 3
601 3289 646 3358 qui
663 3287 722 3343 sinc
741 3285 867 3342 dultioad
891 3299 1035 3354 personatu
1058 3299 1100 3338 rc-
1151 3282 1203 3337 dici
1217 3299 1250 3337 nr
1264 3282 1343 3336 vulta
1358 3282 1477 3353 ejusdcm
1493 3282 1596 3348 matris,
1617 3281 1662 3336 illa
1685 3282 1951 3354 utiquetitginalis,

307 3381 434 3440 leruntur
459 3378 654 3450 apostolorum.
683 3376 734 3447 lpsi
759 3381 822 3431 sunt
849 3374 895 3429 dlii
921 3386 1097 3428 excussorum
1151 3389 1211 3445 qnos
1226 3372 1304 3429 nohis
1319 3371 1455 3428 Christum
1480 3372 1739 3440 bominumedidit;
1765 3373 1801 3428 ds
1824 3386 1879 3444 qus
1901 3389 1954 3445 per

308 3471 395 3545 (Psoi.
407 3470 502 3541 utun),
518 3468 543 3523 id
558 3477 610 3533 est,
622 3469 825 3541 prophetarum,
846 3467 891 3537 qui
906 3465 934 3519 in
954 3480 1035 3521 manu
1050 3479 1099 3535 po
1112 3459 1134 3521 C
1149 3465 1294 3521 ieremiam
1305 3467 1464 3537 prophetam
1475 3466 1589 3522 dicitur:
1600 3464 1760 3539 Priusquam
1769 3475 1794 3521 te
1805 3466 1954 3537 [ornarent

308 3564 391 3621 tentis
404 3562 450 3617 Uei
462 3559 553 3631 positi,
565 3568 593 3615 ct
605 3567 732 3628 tanquam
741 3559 846 3629 sagittar
857 3572 990 3622 excussae,
1003 3571 1099 3627 perte-
1149 3560 1177 3612 in
1189 3569 1273 3624 tttero,
1289 3560 1348 3613 noti
1358 3569 1393 3625 te,
1407 3568 1432 3614 et
1446 3568 1584 3630 antequem
1599 3558 1683 3613 exires
1702 3557 1735 3612 de
1749 3556 1838 3626 tuito,
1852 3560 1953 3614 mneri-

306 3661 407 3709 ucrunt
422 3666 506 3722 usquc
521 3651 555 3707 ad
577 3650 645 3706 lines
659 3658 748 3705 terrae.
766 3649 842 3706 Unde
856 3657 884 3704 et
903 3649 971 3705 benc
982 3649 1028 3703 hic
1047 3646 1098 3702 Ne-
1149 3650 1225 3718 preti
1239 3660 1263 3704 te
1276 3648 1384 3722 (detero.
1397 3650 1429 3722 ι).

306 3742 440 3815 phthalim
468 3756 565 3797 certus
589 3740 704 3796 emissus
727 3739 863 3806 scribitur,
891 3753 943 3809 qua
971 3738 1096 3793 nintirnnt

307 3831 424 3903 apostoli
445 3832 504 3887 sire
521 3830 721 3900 predicatores,
746 3828 833 3884 teloci
858 3829 926 3883 saltu
940 3828 1097 3884 exsilientes

309 3936 388 3979 more
409 3935 562 3986 ceruorum,
585 3920 778 3976 transcendunt
791 3920 990 3990 implicamenta
1006 3919 1096 3974 sacculi

307 4012 404 4085 hulus;
422 4013 514 4084 sicque
527 4013 634 4069 excelsa
655 4028 687 4067 ac
700 4012 823 4068 sublimia
847 4013 1017 4078 meditantes,
1032 4013 1096 4068 dant

306 4105 414 4175 eloquia
426 4103 643 4176 pulchritudinis,
657 4105 748 4170 idest,
762 4105 910 4175 pradicant
919 4106 1024 4160 cunctls
1035 4120 1097 4176 gen·

306 4196 379 4253 tibus
393 4194 543 4251 doctrinam
555 4195 661 4249 bomini
676 4192 833 4250 salvatoris.
849 4193 936 4250 Filius
949 4212 1096 4251 accrescens

305 4283 414 4356 ioseph.
428 4283 491 4339 liae
511 4284 651 4354 pmphetia
673 4292 734 4354 post
753 4286 904 4354 passionem
922 4286 1027 4341 Domini
1047 4304 1096 4357 pa·

307 4386 391 4431 terum
405 4374 481 4430 vocis
501 4373 645 4445 imaginem
664 4374 793 4444 praetulit,
808 4375 872 4445 quia
897 4376 1054 4432 redeuntem
1069 4378 1097 4432 in

307 4466 405 4523 ctulum
417 4475 478 4538 post
491 4466 631 4522 victoriam
645 4466 783 4522 Christum
807 4466 886 4525 Pater
900 4468 1045 4538 alloquitur
1057 4469 1096 4525 di-

306 4572 387 4613 ceus:
403 4556 490 4614 Filius
502 4574 651 4615 accrescens
667 4559 774 4631 ioseph,
787 4560 859 4631 filins
871 4578 1031 4630 accrescens,
1043 4565 1098 4619 uti-

307 4652 408 4723 quein
428 4652 573 4721 gentibus;
597 4652 720 4723 quicum
740 4653 776 4708 ob
797 4653 1011 4710 incredulitatem
1029 4656 1098 4728 Syn-

308 4757 400 4814 agogar
416 4740 543 4813 populum
557 4743 718 4814 reliquisset,
741 4744 911 4800 innumeram
926 4745 978 4801 sibi
993 4746 1097 4816 plebem

1133 3792 1136 3797 .
1184 3741 1381 3798 benedictiones
1395 3743 1478 3813 putris
1498 3744 1537 3797 tui
1548 3742 1704 3807 confortetur
1714 3751 1776 3797 sunt
1786 3740 1951 3798 benedictio·

1151 3834 1226 3889 nihns
1237 3840 1342 3904 potrum
1355 3833 1422 3904 ejtts.
1443 3832 1657 3897 benedictiones,
1672 3832 1781 3904 inquit,
1794 3833 1886 3902 patris
1907 3836 1946 3889 tui

1150 3924 1277 3987 caelestis,
1294 3939 1354 3996 quau
1367 3925 1436 3981 datae
1447 3933 1508 3981 sunt
1520 3926 1568 3981 tibi
1588 3941 1602 3981 a
1616 3941 1721 3981 sntnrno
1732 3925 1794 3981 coeli
1805 3936 1836 3981 et
1847 3926 1948 3997 abyssi,

1118 4068 1122 4077 .
1150 4018 1309 4074 contortam
1335 4027 1408 4085 sunt,
1429 4018 1454 4073 id
1476 4026 1527 4084 est,
1552 4019 1754 4090 pretalucmnt
1778 4020 1948 4075 bencdictio-

1149 4112 1230 4167 ttihns
1241 4122 1349 4182 patrum
1366 4120 1483 4168 tuorum.
1500 4112 1575 4169 Uitru
1597 4128 1678 4169 omne
1700 4114 1773 4168 enim
1789 4120 1947 4167 sanctornm

1150 4205 1275 4259 tneritum
1288 4205 1503 4276 patriarcharum
1526 4206 1581 4261 sire
1596 4206 1788 4276 prophetarum
1810 4205 1948 4261 conrslnit

1149 4297 1300 4353 hettedictio
1313 4297 1504 4365 omnipotentis
1518 4296 1607 4352 Patris
1618 4297 1644 4351 in
1663 4296 1792 4361 bilinien
1808 4304 1841 4351 ut
1852 4297 1877 4351 ei
1888 4295 1946 4351 nul·

1148 4386 1190 4441 lus
1207 4395 1362 4442 sanctorum
1385 4398 1516 4457 aequetur.
1544 4386 1632 4441 boner
1656 4388 1754 4441 reniret
1780 4387 1943 4441 desiderium

1148 4480 1254 4535 collium
1266 4490 1433 4536 aeternorum.
1456 4481 1544 4538 Colles
1558 4482 1601 4537 isti
1613 4483 1700 4539 saneti
1715 4490 1788 4563 sunt,
1805 4482 1854 4552 qui
1869 4481 1946 4539 Chri·

1148 4571 1182 4627 sti
1199 4573 1343 4626 adtentum
1358 4573 1559 4642 prophetantes,
1571 4587 1668 4643 magno
1680 4588 1742 4628 cum
1758 4573 1895 4628 desiderio
1906 4572 1946 4627 itt-

1149 4661 1332 4717 cantationem
1345 4661 1404 4732 ejus
1424 4671 1667 4731 exspectatarum
1686 4662 1719 4717 de
1740 4663 1842 4732 quihus
1859 4663 1946 4717 bomi-

1150 4767 1201 4806 nus
1215 4751 1298 4807 dicit:
1316 4751 1385 4817 Quin
1398 4752 1473 4806 ntttlti
1490 4753 1558 4823 jttstt'
1569 4762 1594 4807 et
1605 4753 1738 4823 prophetet
1752 4753 1893 4823 enpiersnt
1905 4754 1944 4808 ti·

307 4837 435 4892 Ecclesiae
454 4852 486 4892 ex
510 4838 634 4894 omnihus
655 4839 780 4908 gentibus
804 4839 951 4908 ampliavit.
977 4840 1053 4907 Quod
1072 4847 1099 4894 et
1112 4830 1138 4889 1)
1150 4841 1212 4894 dete
1224 4858 1283 4912 qnn
1307 4843 1399 4895 tunnis
1420 4840 1496 4913 (due.
1508 4842 1547 4907 ι).
1572 4840 1604 4896 lli
1621 4856 1685 4912 ergo
1698 4842 1786 4898 mooli
1800 4842 1867 4899 dicti
1882 4852 1945 4899 utut

306 4925 391 4981 David
405 4926 503 4981 cecinit
516 4927 627 4982 dicens:
645 4926 856 4981 Reminiseentur
873 4938 897 4981 et
920 4939 1102 4984 contentatur

307 5018 342 5072 od
358 5016 511 5083 bominum,
525 5018 638 5073 uniuersi
657 5018 722 5088 pines
736 5028 813 5073 terne
824 5018 909 5091 (Psoi.
922 5018 989 5093 sut).

289 5149 292 5157 .
342 5104 430 5160 Fiiins
449 5122 598 5162 accrescens
612 5117 636 5162 et
653 5107 763 5162 decorus
782 5118 897 5179 aspectu.
913 5109 1014 5166 Umttcs
1028 5112 1099 5167 enim

307 5206 418 5269 superat
428 5197 500 5253 illius
509 5198 688 5269 pulchritudo,
699 5197 777 5271 justa
790 5202 862 5271 qnod
876 5202 909 5257 de
924 5202 982 5273 ipso
993 5202 1019 5258 in
1029 5202 1101 5260 Psal-

307 5287 360 5344 mis
379 5287 508 5343 canitur:
536 5286 672 5358 Speciosus
694 5287 781 5359 formo
801 5307 856 5362 prce
879 5292 942 5361 filiis
965 5292 1100 5348 hominurn

308 5380 395 5454 (Psoi.
408 5383 491 5453 surr).
504 5379 528 5433 F
530 5380 582 5435 ilice
593 5381 773 5438 discurrerunt
786 5400 865 5454 snper
875 5401 978 5439 ntorutn
988 5402 998 5450 ,·
1010 5386 1035 5441 id
1047 5395 1098 5453 est,

307 5483 402 5543 geutcs
416 5472 458 5530 tel
485 5473 612 5531 Ecclesiae
632 5491 693 5547 quac
718 5478 889 5534 crediderunt
911 5480 938 5535 in
951 5479 1098 5537 Christum.

308 5564 355 5620 lloe
379 5580 460 5635 snper
487 5565 649 5621 soliditatem
680 5564 752 5632 lidci,
779 5569 857 5638 quasi
881 5584 963 5639 snper
993 5588 1099 5627 nturutn

308 5670 400 5710 attrorc
415 5654 622 5724 pulchritudiuis
641 5655 742 5712 Christi
754 5673 875 5714 accensu
889 5659 1056 5727 discurrunt,
1070 5673 1101 5717 ut

308 5735 402 5801 uerum
423 5760 551 5817 sponsum
571 5761 620 5815 per
642 5748 894 5819 contemplationem
918 5749 1059 5819 aspiciant.
1073 5759 1101 5805 ct

308 5837 401 5892 osculo
410 5837 550 5892 charitatis
561 5838 598 5892 illi
609 5839 767 5910 copulentur
777 5850 858 5910 atquc
869 5841 1033 5897 adhaereant.
1046 5842 1099 5898 Sed

308 5926 442 5997 objurgati
456 5936 519 5982 suot
531 5944 605 5994 eum,
619 5932 727 5997 qnando
739 5929 814 5986 salsis
827 5931 987 5987 testimoniis
999 5933 1101 5989 eadunt.

310 6017 424 6089 nintttcs,
444 6030 567 6079 sanctum
589 6023 694 6081 bomini
712 6026 866 6098 opprimere
883 6025 1031 6098 synagogae
1051 6040 1100 6099 po-

1153 4930 1246 4993 collcs,
1262 4940 1372 5001 propter
1388 4930 1573 4987 excellentiam
1597 4932 1770 4987 sanctitatis:
1788 4932 1839 5001 qui
1861 4934 1944 4989 uiam

1152 5028 1181 5075 et
1197 5021 1291 5075 aetcroi
1312 5030 1450 5087 uocantur,
1471 5023 1535 5094 quia
1548 5024 1631 5079 vitam
1644 5035 1854 5096 consequuntur
1863 5034 1945 5081 aeter·

1153 5128 1227 5177 narn,
1251 5127 1300 5167 occ
1313 5112 1447 5168 intereunt
1458 5129 1519 5169 eutn
1534 5114 1644 5179 mundo,
1660 5115 1706 5170 sed
1720 5129 1783 5171 csse
1797 5116 1946 5172 creduntur

1151 5202 1256 5257 eterni.
1270 5200 1294 5254 F
1296 5202 1351 5256 ient
1369 5203 1398 5257 in
1415 5205 1499 5275 capite
1512 5204 1620 5275 ioseph,
1637 5220 1731 5262 omnes
1742 5206 1850 5263 scillcet
1863 5209 1946 5263 bene·

1152 5292 1284 5348 dictiones
1296 5291 1355 5346 istc
1366 5308 1447 5362 super
1458 5303 1536 5364 capnt
1546 5295 1647 5353 Christi
1656 5303 1806 5367 ponuntur,
1822 5312 1894 5367 quas
1905 5298 1946 5353 itt·

1152 5392 1279 5440 castratus
1292 5383 1404 5454 accepit.
1418 5381 1452 5437 bt
1462 5401 1540 5456 super
1555 5389 1675 5443 uerticem
1690 5385 1831 5454 Nosoroei,
1848 5388 1946 5459 dequo

1151 5480 1280 5549 scripturn
1293 5488 1352 5533 est:
1372 5477 1502 5544 Quottiottt
1530 5479 1944 5554 Ncsorcrustoeobiturfflottit.

1152 5571 1195 5637 n),
1207 5573 1232 5626 ltl
1247 5580 1298 5636 est,
1312 5578 1421 5626 sanctus
1437 5572 1492 5626 Uei.
1507 5571 1581 5627 inter
1601 5573 1699 5629 iratres
1712 5587 1788 5638 suos,
1802 5572 1868 5643 qnia
1889 5572 1946 5644 ipsc

1152 5672 1194 5717 est
1207 5669 1288 5731 caput
1301 5662 1422 5716 omnium
1433 5661 1555 5717 eminens
1574 5663 1761 5719 universomm
1774 5672 1944 5727 santorum,

1152 5770 1220 5822 quos
1234 5754 1318 5808 etiam
1336 5762 1363 5808 et
1388 5752 1484 5808 iratres
1511 5761 1589 5809 tuest
1613 5754 1640 5809 in
1666 5754 1787 5824 psalmis.
1804 5754 1947 5825 benjamin

1153 5844 1230 5915 iupus
1241 5860 1334 5915 rupea,
1347 5861 1424 5898 ntune
1434 5843 1547 5898 contedet
1559 5844 1687 5915 prtudttrtt,
1698 5854 1722 5899 ct
1735 5861 1840 5916 mopere
1850 5844 1946 5899 diridet

1152 5938 1246 6007 spolio.
1270 5936 1373 6004 Quibus
1392 5937 1482 5997 dinis.
1506 5938 1643 6008 apostolos
1662 5937 1763 5995 Paulus
1775 5940 1945 6012 designatur,

1153 6030 1187 6084 de
1212 6028 1352 6098 erjantitt
1376 6028 1460 6099 stirpe
1485 6030 1652 6101 progenitus.
1676 6029 1729 6098 Qui
1752 6046 1835 6087 marte
1855 6030 1948 6103 reputit
