4509 6850
307 646 363 706 rea
790 640 968 699 uounuur.
989 642 1023 697 m
1043 639 1262 698 susurronum
1281 627 1319 682 Ξ
1335 641 1437 698 mnu
1896 646 1948 704 rto

284 772 287 776 ·
304 761 403 838 generi
418 761 538 815 humano
553 755 720 813 acciderunt.
736 755 827 828 Longc
845 765 933 821 crant,
948 756 1012 827 quia
1032 756 1100 812 scri-
1116 755 1229 827 Axur),
1245 765 1379 826 quatenns
1402 755 1525 814 abdicata
1546 756 1600 813 vita
1625 766 1727 823 vetere,
1751 761 1875 815 renovari
1890 777 1948 816 mc-

304 862 386 927 ptum
395 857 437 908 cst
452 866 459 905 :
474 847 563 918 longe
580 863 597 899 a
615 844 795 916 peccatoribus
810 845 883 899 talus
900 844 987 918 (Prot.
998 845 1104 917 cuttu).
1157 854 1281 900 serentur
1295 846 1321 900 in
1332 846 1450 902 Christo.
1465 846 1541 903 Urrrlc
1555 849 1638 903 etiam
1648 848 1729 904 locato
1742 847 1950 908 Petroostcnsls

306 945 344 1000 lit
360 940 477 1013 prophta
491 936 591 993 talibus
603 934 723 1003 loquitur
734 935 827 990 dicens
842 953 848 989 :
863 934 960 989 ductim
970 936 1015 1005 qui
1030 934 1106 1005 longe
1158 936 1185 991 in
1197 936 1281 992 linteo
1293 936 1397 992 cmlesti
1413 937 1512 993 diversi
1525 938 1633 1009 generis
1644 939 1829 995 animantibus
1848 940 1950 998 dictmu

305 1033 384 1099 ertit,
395 1028 459 1084 dicit
473 1025 601 1080 Dantinur
615 1023 683 1097 (lac.
698 1025 805 1097 xxxin).
816 1023 896 1079 Surdi
907 1032 994 1091 erant,
1008 1024 1106 1095 quibus
1157 1037 1198 1084 est
1212 1047 1218 1082 :
1232 1027 1329 1099 Sauga,
1344 1026 1433 1095 Patre,
1448 1029 1537 1083 occide
1546 1040 1570 1084 et
1585 1030 1715 1086 manduca
1729 1029 1798 1103 (Act.
1814 1033 1855 1105 x).
1874 1032 1952 1101 Quod

306 1135 360 1193 per
371 1117 469 1175 lsaiam
492 1114 593 1170 dicitur
608 1130 615 1167 ι
630 1111 722 1178 Sardi,
734 1114 842 1179 auditc,·
863 1123 892 1169 et
907 1133 913 1168 :
931 1113 996 1181 Quis
1016 1124 1053 1169 est
1077 1114 1106 1169 in
1157 1125 1199 1172 est
1210 1125 1304 1186 aperte
1317 1114 1662 1174 dicerc:0ccidcinlidcles
1674 1119 1708 1174 ab
1718 1122 1831 1192 eoquod
1842 1120 1951 1178 inerant

306 1210 382 1268 ntia
403 1209 448 1281 qai
472 1204 565 1263 audiat
583 1206 648 1271 troc,
669 1204 803 1270 attendat,
819 1214 844 1259 et
861 1202 990 1259 auscultet
1014 1204 1105 1275 [atara
1156 1204 1242 1274 prius,
1255 1204 1492 1281 abrenuntiatione
1514 1205 1646 1261 scelernm
1665 1213 1694 1263 et
1705 1208 1885 1277 promissione
1898 1210 1951 1280 pie

306 1300 380 1375 (tac.
404 1295 483 1370 xutr).
501 1295 573 1350 iram
598 1301 767 1361 meruerunt,
791 1293 825 1350 dc
848 1293 947 1365 quibus
973 1294 1105 1367 propheta
1157 1295 1305 1368 religionis,
1321 1311 1354 1352 ac
1376 1296 1416 1352 sic
1432 1296 1494 1353 iudei
1514 1297 1676 1352 Cirristianae
1693 1300 1873 1356 sacramentis
1897 1298 1951 1357 im·

306 1392 377 1450 dicit
396 1388 549 1446 :Dominus
564 1384 640 1457 fortir
654 1385 802 1457 egredictur
814 1386 883 1441 sicut
902 1386 942 1440 air
959 1385 1103 1457 preliator,
1156 1385 1238 1442 butos
1252 1385 1280 1441 in
1295 1394 1397 1442 sanctae
1407 1386 1537 1443 Ecclesia
1551 1389 1673 1445 membra
1692 1377 1840 1445 conruruta'.
1866 1378 1872 1388 ’

306 1480 447 1540 meitahit
469 1477 575 1544 uiam,
601 1475 798 1546 vociferabitur,
817 1484 841 1530 ct
864 1475 1002 1542 clamabit,
1027 1492 1107 1547 cuper
1205 1478 1302 1533 Videas
1325 1488 1412 1535 autem
1441 1478 1538 1534 maltos
1563 1476 1763 1537 Picariroeorum
1787 1491 1812 1537 et
1843 1482 1950 1538 Saddu-

306 1572 431 1630 inimr'cav
452 1585 514 1625 rator
537 1566 733 1637 confortabitur
754 1564 862 1638 (Ecod.
886 1566 950 1638 xv).
965 1566 999 1622 lit
1018 1563 1104 1623 item:
1156 1587 1272 1626 auorum
1290 1572 1420 1626 aenimter
1442 1571 1478 1625 ad
1499 1571 1657 1643 baptismum
1682 1589 1780 1639 raam,
1806 1573 1873 1629 dicit
1894 1576 1952 1630 cirr

309 1659 525 1718 Prummu!
547 1672 605 1722 Μ,
623 1654 721 1726 inquii.
743 1654 772 1709 ¹⁸²²
797 1654 849 1709 ‘155⁸
871 1654 999 1710 dictitet
1011 1671 1058 1727 ⁶9⁰
1077 1655 1106 1711 in
1157 1661 1301 1735 Progenies
1314 1664 1474 1734 viperarum,
1489 1664 1548 1734 quit
1562 1663 1750 1719 demonstrarit
1772 1663 1843 1719 rodit
1864 1664 1955 1736 iugera

308 1751 403 1823 [arare
429 1746 558 1821 amellam
580 1762 625 1801 eor
645 1746 735 1819 (beat.
757 1743 856 1817 xxxiv).
873 1746 951 1803 iliam
971 1762 1036 1818 ergo
1050 1747 1105 1801 Do-
1156 1753 1190 1808 alr
1203 1754 1244 1808 ira
1258 1754 1389 1810 ventura?
1401 1751 1532 1809 Pharisaei
1546 1768 1611 1825 ergo
1627 1763 1655 1809 et
1665 1752 1823 1820 Sadducaei,
1839 1768 1873 1810 ex
1899 1755 1955 1810 hm

307 1841 387 1899 nino
401 1848 466 1895 tunc
486 1836 659 1910 preparavit,
682 1837 791 1909 quando
805 1837 887 1907 coepit
909 1837 1057 1908 predicare
1078 1844 1107 1894 et
1156 1841 1250 1898 reticis
1264 1840 1339 1898 luere
1349 1840 1515 1909 iudeorum,
1525 1842 1574 1898 sed
1588 1851 1679 1898 tamen
1692 1843 1765 1898 inter
1775 1857 1805 1898 se
1818 1842 1956 1899 contrarie

307 1934 425 1994 dicere:
446 1929 630 1988 Paenitentiam
654 1929 740 2001 agite,
760 1922 952 2002 appropinquat
975 1932 1045 1987 enirn
1064 1945 1106 1985 re·
1156 1933 1319 2000 sentiebant,
1336 1941 1366 1989 ut
1390 1932 1418 1990 irr
1437 1933 1543 1990 actibus
1557 1934 1740 2004 apostolorum
1764 1934 1871 1990 dicitur.
1885 1934 1955 1991 Nam

308 2043 394 2101 Μ
407 2024 542 2082 calorem·
556 2023 612 2080 Et:
636 2023 788 2095 Deriguaoit
802 2026 968 2095 septuaginta
981 2026 1060 2091 duos,
1080 2033 1106 2081 et
1159 2020 1287 2078 Pharisaei
1301 2035 1335 2076 cx
1358 2021 1472 2078 liebreeo
1485 2022 1513 2078 in
1534 2021 1660 2078 Latinum
1684 2022 1899 2092 interpretantur
1910 2023 1955 2078 di-

308 2116 384 2174 nvivt't
398 2113 459 2171 illos
470 2112 545 2169 hinov
555 2122 617 2168 ante
628 2112 723 2183 [aciem
733 2130 810 2169 ruam
824 2115 851 2170 in
862 2130 965 2170 omnem
982 2116 1069 2170 locum
1080 2124 1105 2171 et
1120 2109 1144 2169 B
1157 2111 1214 2174 uiti,
1230 2125 1264 2166 eo
1278 2111 1351 2181 quod
1363 2109 1538 2166 traditionum
1546 2119 1573 2164 et
1583 2110 1820 2177 observationum,
1835 2125 1904 2180 quas
1916 2110 1955 2166 illi

308 2207 454 2272 civitatem
467 2220 519 2277 qvo
529 2213 586 2259 erat
599 2204 654 2275 ipse
664 2214 785 2260 tentarer
796 2204 872 2279 (Luc.
887 2206 926 2279 r).
937 2205 988 2262 Pili
999 2222 1107 2279 quoque
1158 2202 1314 2259 deutereses
1342 2208 1458 2269 vocant,
1484 2200 1616 2271 iustitiam
1639 2199 1798 2272 praeierunt.
1828 2199 1905 2257 Unde
1928 2208 1957 2257 ct

308 2295 480 2354 anselmum
492 2291 646 2365 significant
664 2303 758 2366 gentes
778 2294 806 2348 iu
830 2295 973 2351 Dominum
986 2296 1106 2353 creditu·
1158 2292 1237 2349 divisi
1251 2306 1267 2347 a
1280 2292 1378 2363 populo
1392 2299 1535 2359 vocantur,
1548 2290 1626 2362 quasi
1648 2305 1698 2362 per
1720 2291 1853 2361 privatam
1872 2289 1955 2361 justi·

310 2403 370 2455 rau,
384 2401 446 2459 quae
456 2386 491 2442 ab
503 2384 671 2442 infidelitatis
681 2399 786 2451 errore,
798 2393 827 2440 et
842 2384 1029 2443 aiortitudine
1042 2400 1107 2457 pec·
1158 2384 1240 2452 tiam;
1253 2382 1394 2440 Sadducaei
1405 2397 1471 2439 vero
1485 2382 1699 2454 interpretantur
1713 2381 1789 2454 justi,
1809 2380 1956 2437 vendicant

309 2485 439 2535 catorum
459 2482 561 2546 erepta
588 2474 616 2530 in
645 2473 748 2532 Christi
775 2474 965 2534 vestimentum
991 2477 1108 2532 redactae
1158 2478 1230 2533 enirn
1252 2477 1303 2534 sibi
1318 2476 1390 2547 quod
1411 2490 1464 2532 non
1487 2483 1562 2541 sunt,
1577 2475 1701 2545 eorporis
1727 2474 1956 2531 resurrectionem

311 2576 388 2626 runt.
400 2567 479 2626 Unde
490 2582 540 2638 per
553 2566 713 2637 prophetam
725 2566 824 2622 dicitur
834 2582 842 2622 ι
851 2565 1027 2623 Omnibuvlrir
1037 2567 1108 2622 celat
1158 2577 1270 2639 negant,
1281 2577 1309 2623 et
1323 2567 1442 2622 animam
1456 2566 1568 2621 interire
1584 2578 1645 2620 curn
1668 2579 1782 2636 corpore
1794 2565 1953 2636 praedicant.

311 2668 470 2717 ammenta
481 2659 597 2715 metieris
612 2656 721 2730 (duct.
733 2657 803 2728 rvr).
817 2658 889 2713 Zona
903 2672 969 2715 vero
982 2658 1107 2730 pellicea,
1158 2658 1192 2714 lli
1218 2659 1337 2729 quinque
1353 2665 1456 2713 tantum
1471 2657 1557 2714 libros
1579 2656 1646 2730 legis
1669 2657 1820 2728 recipiunt,
1836 2659 1954 2730 prophe-

312 2765 375 2824 quae
395 2749 515 2821 depelle
537 2748 684 2805 animantis
704 2747 803 2804 mortui
827 2762 910 2804 carue
935 2758 962 2804 et
978 2748 1108 2820 sangnine
1158 2757 1248 2805 tarum
1272 2749 1399 2807 vaticinia
1421 2757 1563 2820 respuunt.
1589 2748 1788 2819 'lalcsquoqne
1801 2748 1950 2817 adbaptis-

313 2840 412 2900 ἀοι-εει)
427 2838 553 2907 efficitur,
575 2838 702 2895 similiter
725 2838 861 2910 significat
880 2847 975 2910 gcutes
998 2854 1058 2910 quae
1075 2840 1109 2896 dc
1158 2854 1232 2895 mum
1254 2855 1334 2895 suurn
1357 2839 1498 2895 venientes
1520 2838 1643 2910 increpat
1662 2837 1793 2904 loannes,
1812 2837 1876 2910 quia
1898 2852 1955 2908 pos·

313 2937 497 2995 mortuarum,
512 2928 595 2984 idest
612 2934 786 2999 pcccatorum
806 2927 959 2993 hominum,
979 2927 1109 2984 societate
1160 2929 1274 2986 nitentia
1284 2936 1312 2984 et
1324 2929 1493 2985 correctione
1510 2928 1629 2984 maxime
1648 2929 1816 3000 indigebant.
1833 2929 1952 2985 Ventura

312 3019 471 3082 absum,
486 3016 557 3073 ultra
580 3016 657 3072 carni
670 3023 699 3071 ct
711 3015 836 3087 sanguini
850 3030 903 3070 nan
917 3016 1048 3071 serviunt.
1061 3014 1109 3071 lle
1158 3021 1231 3077 enim
1242 3022 1282 3076 ira
1293 3029 1336 3077 cst
1349 3020 1432 3076 animi
1448 3018 1574 3078 adversio
1591 3019 1703 3076 ultionis
1714 3030 1852 3076 extremae.
1868 3018 1954 3087 Quam

311 3107 424 3188 lumbos
434 3106 538 3163 Christi
553 3105 689 3162 veraciter
711 3106 833 3175 cingunt,
856 3106 919 3175 quia
943 3104 1108 3162 incarnatio·
1159 3117 1225 3166 tnnc
1238 3118 1367 3181 peccator
1380 3108 1501 3181 'effugere
1523 3124 1577 3165 non
1591 3110 1675 3177 valet,
1695 3111 1742 3179 qui
1765 3125 1838 3166 nurse
1856 3110 1891 3165 ad
1911 3109 1953 3164 la·

311 3216 376 3259 nem
390 3200 453 3272 dus
468 3199 583 3257 ildeliter
596 3199 722 3255 credunt.
734 3197 821 3254 Porro
835 3198 1017 3267 locustaque
1028 3205 1109 3253 vento
1159 3212 1251 3260 menta
1267 3202 1436 3274 penitentia
1458 3217 1512 3257 non
1530 3202 1655 3258 recurrit.
1670 3202 1863 3259 Etnotaudum
1884 3205 1957 3277 quod

308 3294 426 3368 agitatae
438 3307 488 3365 per
504 3300 610 3363 segetes
620 3290 750 3357 volitant,
772 3299 800 3347 et
812 3290 902 3360 spicas
918 3290 1061 3347 succidunt
1073 3289 1111 3346 si·
1159 3292 1238 3349 molar
1257 3293 1365 3350 soboles
1387 3291 1519 3348 malorum
1536 3302 1681 3365 parentum
1698 3294 1820 3351 actiones
1845 3295 1955 3351 imitan-

308 3384 447 3459 gniucam
466 3382 647 3455 ludaeos,qui
662 3382 738 3454 prius
755 3381 842 3453 legem
865 3388 999 3447 tenentes,
1018 3395 1110 3437 sacra-
1161 3391 1215 3453 tes,
1229 3383 1373 3457 progenies
1395 3384 1550 3455 viperarum
1569 3391 1714 3450 vocantur,
1739 3384 1803 3455 quia
1829 3399 1879 3455 per
1903 3385 1955 3440 hoc

306 3482 408 3533 menta
420 3471 552 3547 spiritalia
575 3487 630 3529 non
652 3471 848 3543 intelligebant.
860 3485 931 3527 nunt
944 3479 1035 3526 autem
1047 3469 1111 3540 Spi-
1124 3455 1147 3518 C
1163 3476 1235 3549 quod
1247 3475 1327 3531 bonis
1342 3473 1464 3530 invident
1478 3487 1580 3543 eosque
1599 3481 1807 3545 persequuntur,
1820 3475 1891 3544 quod
1901 3477 1959 3546 qui-

305 3567 369 3625 ῑίῑῦ
382 3572 481 3624 Μαι)
498 3562 727 3636 80152⁸llili¹²¹0m
749 3571 900 3632 sequuntur
921 3573 1041 3627 sensum,
1063 3574 1111 3614 lt·
1161 3566 1275 3623 busdam
1286 3563 1357 3621 male
1368 3563 1531 3631 retribuunt,
1548 3570 1617 3631 etc,
1628 3552 1755 3635 quoniam
1767 3563 1797 3619 in
1807 3564 1856 3627 ,his
1868 3567 1959 3621 omni-

303 3654 522 3726 mmutipulam
535 3653 634 3710 littere
649 3652 844 3723 relinquentes,
872 3659 985 3707 mesca
1004 3648 1110 3706 Domini
1160 3656 1214 3713 bns
1235 3655 1357 3727 priorum
1381 3667 1493 3710 suorum
1523 3647 1673 3709 carnalium
1707 3653 1767 3709 vias
1790 3662 1958 3726 sequuntur,

305 3746 557 3805 flerimercantur.
573 3743 625 3801 hiel
641 3752 732 3800 autern
752 3743 865 3800 dulcedo
882 3750 925 3799 cst
946 3757 1043 3800 sensus
1056 3743 1112 3814 spi·
1162 3746 1240 3819 quasi
1265 3745 1390 3801 venenati
1413 3744 1462 3800 dlii
1489 3743 1523 3800 de
1546 3742 1689 3801 venenatis
1712 3744 1871 3815 parentibus
1901 3745 1958 3801 nati

304 3837 416 3904 ritulis,
428 3836 455 3893 in
467 3835 541 3892 loliis
552 3835 681 3892 arbonam
701 3834 838 3900 iuuentus,
850 3834 897 3905 qui
909 3849 972 3890 cum
994 3849 1044 3905 per
1060 3833 1110 3891 do·
1161 3846 1235 3896 sunt.
1250 3837 1305 3894 Sed
1323 3836 1387 3909 quia
1401 3837 1521 3909 pcccatis
1540 3843 1568 3892 et
1591 3851 1643 3892 usu
1660 3835 1739 3892 maire
1756 3837 1961 3893 consuetudinis

305 3937 423 3987 οιυῐιιιιι
434 3926 615 3983 ministerium
630 3925 658 3980 in
669 3923 787 3980 fidelium
799 3924 926 3981 cordibus
943 3923 1108 3991 reconditur,
1162 3928 1275 3986 involuti
1290 3943 1403 3994 sumus,
1429 3927 1502 3984 dicat
1517 3927 1675 3998 quidnobis
1695 3927 1850 3985 laciendum
1868 3920 1915 3996 sit,
1929 3938 1960 3984 ut

304 4018 441 4079 mrim
452 4030 551 4089 corpas
563 4015 666 4094 Christi
678 4014 805 4070 satiatur.
902 4019 904 4022 ’
1162 4020 1283 4095 iugerea
1298 4014 1412 4078 v'entura
1428 4020 1470 4075 ira
1485 4019 1634 4075 valeamus.

349 4109 420 4186 [lt]
445 4108 518 4164 Tunc
542 4109 649 4166 exibam
673 4107 708 4161 ad
730 4123 790 4163 eum
811 4122 845 4161 eac
865 4104 1072 4176 llierorolanir,
1087 4115 1111 4160 ct
1197 4110 1291 4165 Facite
1313 4126 1374 4181 erqo
1395 4109 1512 4180 [ructum
1536 4108 1645 4178 dignum
1669 4106 1837 4178 paenitentia.
1857 4103 1959 4177 (Grec.)

309 4196 681 4267 westmonateriensis
706 4197 777 4267 regio
799 4197 871 4251 circa
900 4194 1060 4262 lotricum,
1087 4203 1112 4249 θ’
1162 4201 1213 4258 llic
1235 4209 1315 4267 nota,
1337 4200 1410 4272 quod
1439 4215 1493 4255 non
1518 4199 1606 4255 solum
1634 4197 1753 4256 fructum
1780 4199 1959 4270 poenitentia,

308 4293 522 4367 baptizabuntur
535 4292 568 4346 ab
592 4289 640 4344 ilio
653 4291 681 4344 itt
700 4287 820 4343 laudate
841 4287 991 4356 confitentes
1004 4295 1112 4358 peccota
1162 4293 1211 4350 sed
1232 4291 1344 4364 dignum
1369 4290 1538 4362 poenitentiae
1564 4289 1691 4346 admonet
1709 4305 1771 4347 esse
1793 4288 1960 4345 iaciendum.

309 4400 378 4441 m.
405 4381 482 4438 Bene
505 4390 597 4437 antem
625 4380 671 4451 qui
694 4378 849 4450 baptizandi
875 4385 954 4432 crant
978 4377 1054 4432 exire
1077 4375 1112 4431 ad
1161 4383 1243 4450 Aliud
1264 4396 1381 4453 namque
1403 4380 1522 4436 lructmn
1542 4379 1650 4446 lacere,
1672 4379 1745 4436 aliud
1765 4379 1876 4452 dignum
1902 4394 1961 4450 μω.

307 4474 480 4548 limpham
499 4472 636 4528 diffiniit·
652 4471 721 4540 0⁰5³
743 4469 796 4525 nisi
816 4468 877 4539 ιιιῑὸ
899 4469 933 4523 ³¹)
955 4466 1112 4523 infidelitate
1162 4466 1283 4533 nitentiae
1302 4471 1402 4529 lacere.
1416 4471 1510 4542 Neque
1525 4472 1599 4551 enirn
1620 4487 1671 4542 par
1685 4469 1789 4528 inactus
1810 4471 1875 4527 honi
1894 4486 1959 4542 opc-

315 4567 503 4632 mellillam
518 4561 682 4636 Wfldilfflffl
697 4560 834 4618 0⁰¹¹S⁰f¹3⁰
855 4559 1112 4631 θῧῖθιῑῑθῦὓβθιῐψῑΰ
1163 4567 1203 4624 ris
1226 4580 1286 4624 esse
1310 4565 1392 4621 dehet
1412 4562 1472 4633 ejus
1492 4563 1539 4633 qui
1564 4563 1674 4629 minus,
1696 4571 1725 4618 et
1748 4562 1873 4635 ejusqui
1902 4578 1961 4618 arn·

311 4657 419 4715 diaboli
433 4670 466 4712 nc
480 4654 573 4710 mundi
586 4652 721 4709 illecebris
742 4651 931 4716 abrenuntiet,
948 4648 1112 4720 baptismum
1163 4659 1234 4733 plius
1256 4656 1378 4728 deliquit,
1394 4663 1441 4711 ant
1453 4653 1512 4724 ejus
1527 4654 1573 4726 qui
1593 4654 1620 4710 in
1637 4653 1732 4720 nullis,
1746 4662 1775 4711 et
1790 4652 1849 4725 eius
1872 4653 1960 4725 quiin

311 4748 457 4807 ”labrem
470 4744 600 4818 ⁰⁰⁰⁸0q¹¹5
611 4759 665 4800 ¹¹⁰⁰
678 4744 788 4816 Ρθῑθῑὶῑ·
806 4743 882 4800 Unde
898 4749 959 4812 al>te
972 4740 1110 4813 sequitur:
1165 4751 1326 4822 quibusdam
1349 4747 1516 4805 facinoribus
1532 4747 1641 4804 cecidit.
1662 4746 1715 4803 Per
1736 4747 1788 4803 hoc
1802 4763 1867 4820 ergo
1886 4748 1959 4819 quoi

312 4838 351 4897 ΕΙ
374 4827 578 4910 implicabuntur
595 4832 872 4899 adfatiin-iordane,
886 4832 1038 4902 cliltfiieltiet
1052 4846 1113 4902 pec·
1166 4842 1267 4899 dicitur
1288 4840 1367 4911 [agite
1389 4839 1491 4909 [ruem
1514 4838 1608 4911 dignos
1633 4838 1803 4910 poeng'umioe,
1828 4838 1959 4894 uniuscu-

310 4926 588 4989 nterealordanis
603 4924 676 4980 enim
697 4924 810 4980 liebraeo
823 4921 953 4978 vocabulo
974 4921 1114 4977 descensio
1161 4933 1263 5006 jusque
1289 4929 1457 4989 conscientia
1484 4929 1665 4997 convenitur,
1695 4936 1725 4984 ut
1751 4937 1827 4986 tanao
1854 4927 1959 5001 majora

311 5032 414 5077 corum
429 5015 539 5073 dicitur.
556 5011 743 5069 Namhenein
756 5010 873 5067 iordane
892 5008 1112 5080 baptizabantur,
1166 5033 1271 5097 qum
1293 5023 1428 5080 bonosum
1453 5037 1566 5093 operum
1587 5020 1663 5078 quem
1685 5036 1735 5093 W
1754 5021 1961 5093 misturam,

311 5110 364 5185 (1¹11
377 5109 414 5165 ¹¹0
425 5105 553 5179 superbia
575 5105 649 5172 VM·
663 5111 691 5160 θῑ
705 5103 812 5159 aemilii
833 5100 933 5158 Ἷθῑθῐῑθ
948 5100 1066 5156 Ιιθῐΰῑῐῐῑὸ
1079 5099 1114 5154 ad
1166 5122 1268 5186 quanto
1282 5113 1407 5184 graviora
1421 5111 1474 5167 sibi
1494 5109 1585 5167 intulit
1596 5110 1695 5166 damna
1706 5124 1757 5180 per
1770 5110 1888 5182 culpam.
1907 5107 1962 5164 Sel

312 5200 502 5261 humilitatem
533 5211 606 5253 Vela}
628 5193 809 5252 consessionis
840 5200 869 5248 ei
897 5191 1115 5248 emendationem
1165 5203 1251 5262 Judaei
1271 5217 1302 5258 ge
1324 5217 1473 5275 agnoscere
1494 5209 1653 5273 Μωσῆς
1676 5200 1824 5268 nolebam,
1846 5200 1910 5271 quia
1929 5199 1963 5254 de

313 5308 428 5352 litorum
439 5290 644 5369 deictssdefflssi·
660 5289 729 5357 0⁰5³
742 5296 807 5343 ¹⁰⁰0
823 5281 1115 5356 liwhuiiqifflbil’fis'·
1166 5293 1282 5352 Abrahae
1296 5292 1381 5363 stirpe
1403 5288 1611 5356 descenderant,
1633 5290 1732 5360 quibus
1752 5297 1827 5346 recte
1841 5289 1960 5345 dicitur:

312 5398 395 5441 ¹⁰⁰¹st
422 5380 547 5453 Ρθῐθῑβῑῑ»
572 5380 595 5436 ΒῙ
619 5395 669 5452 l)er
689 5376 888 5436 00¹¹s0⁵⁵i⁰¹¹0¹¹¹
910 5380 1116 5446 Wfflwfflma
1202 5383 1237 5439 lit
1259 5399 1291 5438 ne
1313 5379 1397 5437 relitit
1411 5379 1481 5434 intra
1495 5394 1540 5434 aot
1563 5377 1650 5434 dicere
1673 5392 1683 5431 .·
1703 5378 1812 5433 Patrem
1834 5375 1961 5431 habentus

315 5474 446 5547 stuperbit
473 5474 630 5541 imerii,
654 5481 682 5529 θῑ
705 5471 826 5529 melioris
847 5470 911 5525 ¹1²ae
932 5466 1115 5540 Ριθῐθθδὶθῠθ,
1167 5471 1390 5543 Abraham,liico
1405 5465 1815 5541 cnincottaqaontanpoona
1834 5477 1871 5522 ert
1887 5466 1959 5523 near

313 5569 417 5643 priseae
429 5567 630 5631 conversationi
644 5566 753 5638 penitus
767 5564 946 5622 interdixerit.
959 5560 1117 5633 Exemplum
1168 5565 1201 5622 dc
1214 5562 1345 5638 lapididus
1364 5561 1422 5616 ictis
1444 5559 1574 5615 suscitare
1600 5559 1672 5629 filios
1693 5557 1818 5612 Adraha.
1844 5554 1961 5628 (hiena)

316 5659 393 5716 euim
404 5657 463 5731 jam
473 5666 539 5716 tune
548 5658 694 5714 confitendi
705 5663 826 5728 peccata,
841 5669 873 5710 ac
883 5653 1023 5709 meliorem
1033 5653 1117 5707 vitam
1169 5658 1237 5728 Quia
1256 5670 1321 5729 crgo
1343 5667 1435 5727 praeco
1456 5649 1581 5707 veritatis
1606 5650 1641 5706 ad
1659 5650 1771 5721 dignum
1794 5647 1966 5727 poenitentiae¹

314 5749 497 5825 promittendi
512 5751 553 5808 cis
579 5751 625 5820 qui
647 5749 781 5820 baptisma
804 5746 928 5816 accipere
951 5744 1116 5809 desiderant,
1167 5747 1287 5806 fructum
1303 5744 1457 5802 laciendum
1480 5755 1528 5798 eos
1555 5740 1669 5797 incitare
1689 5738 1807 5807 volebat,
1821 5738 1855 5795 ad
1870 5737 1962 5794 humi-

317 5839 609 5898 &bemasmerim
623 5848 686 5910 post
709 5838 897 5895 ascensionem
916 5834 1033 5902 Domini,
1049 5849 1118 5904 prae·
1166 5839 1273 5897 lita'tem
1288 5835 1461 5910 provocabat
1477 5839 1623 5889 etomnem
1640 5823 1802 5902 arrogantiae
1826 5840 1962 5884 tnarorern

319 5931 432 5989 dicame
450 5931 535 5989 Paulo
559 5933 588 5988 in
611 5931 735 6004 Epheso,
750 5929 827 5985 matti
850 5927 1010 5984 credentiam
1032 5926 1117 5981 aenia-
1168 5928 1328 5986 abscindere
1350 5925 1501 5998 satagebat,
1517 5919 1581 5991 quia
1608 5919 1696 5977 omnis
1719 5919 1873 5993 arrogantia
1898 5917 1964 5975 alto·

322 6022 400 6094 iaut,
425 6025 578 6098 confitenter
597 6034 622 6081 et
645 6024 832 6081 annuntiantes
857 6031 931 6078 actas
951 6036 1014 6076 auor
1040 6019 1114 6090 (Act.
1167 6017 1281 6076 minatio
1296 6017 1367 6088 apud
1391 6014 1545 6080 bominum,
1566 6025 1619 6083 qua
1640 6009 1725 6066 ludaei
1740 6009 1775 6068 ob
1794 6008 1962 6067 nubilitatem
