4509 6850
382 584 433 640 ihi
718 576 746 629 ll.
769 572 894 629 trahant
912 568 1022 625 haunt
1040 566 1201 622 necuter.
1224 564 1378 622 aructat.
1398 566 1540 630 obnubit
1559 566 1649 623 Patts
1667 568 1690 624 Ι.
1959 571 2011 625 utta

701 683 857 740 CAPUTtl,
1188 682 1211 738 ,t
1226 678 1296 731 citos
1322 680 1501 749 angelorum,
1527 680 1574 750 qui
1606 681 1633 735 in
1662 678 1787 736 claritate
1813 679 1882 736 lucis
1906 692 2016 738 aeterum

384 784 421 837 L'c
435 782 548 835 acritudo
564 777 667 847 figura,
681 776 708 829 in
722 792 774 843 qaeu
786 784 877 827 sanctu
892 788 956 826 crux
971 771 1040 825 intra
1057 778 1172 837 latruge·
1225 782 1347 836 manent,
1362 782 1389 826 et
1408 773 1478 842 apud
1499 772 1638 835 homines,
1652 772 1750 842 utribus
1764 773 1837 828 salus
1856 783 1884 829 et
1901 774 2016 844 pulchra

653 862 713 899 '‘ll’‘
728 845 831 915 ‘sedisfl‘
845 854 892 897 2⁸¹·
1226 863 1364 917 renovatio
1384 871 1445 933 post
1466 863 1596 918 diutinam
1620 863 1806 918 infirmitatem
1828 873 1856 919 et
1876 865 2017 935 antiquam

416 971 545 1024 Osancta
559 982 625 1020 crux
641 963 760 1027 Christi,
774 976 834 1031 qrrae
851 969 988 1030 potestate
1008 959 1057 1013 tibi
1076 957 1174 1013 collata
1224 961 1398 1021 peccaturum
1424 961 1587 1008 vetustatem
1610 954 1748 1008 exstitisti.
1776 953 1814 1008 Te
1841 963 1917 1011 totus
1941 958 2018 1014 orbis

383 1060 494 1116 excellis
512 1073 595 1129 super
610 1054 720 1111 omnia!
737 1061 765 1106 tu
778 1054 804 1107 in
818 1052 949 1107 emiorum
963 1065 1025 1104 arce
1039 1063 1173 1118 superna,
1225 1043 1377 1108 beatificat,
1401 1053 1427 1098 te
1449 1044 1579 1098 autumn
1602 1044 1708 1115 agmina
1729 1046 1892 1101 collaudant.
1916 1047 1971 1103 Per
1992 1057 2019 1104 te

383 1152 512 1207 cer-linunt
527 1156 623 1217 potens
637 1145 708 1215 regis
730 1143 838 1215 agmina
853 1161 861 1196 ι
876 1142 938 1209 utria
957 1139 1079 1196 crucifixi
1100 1140 1126 1194 in
1149 1149 1175 1195 to
1226 1136 1253 1188 in
1269 1135 1378 1189 nomine
1392 1133 1455 1189 lesu
1471 1134 1538 1204 (qui
1552 1144 1648 1190 cuneta
1665 1136 1757 1191 mundi
1773 1146 1878 1207 sceptra
1895 1138 2019 1194 simulet

365 1240 455 1309 'repis
473 1240 559 1294 virtus
578 1247 604 1291 et
622 1235 846 1290 divinitastotam
863 1242 887 1286 te
901 1240 1037 1303 potentem
1051 1240 1175 1285 ettotam
1225 1243 1319 1297 regum
1341 1235 1438 1281 curvat
1456 1225 1592 1298 imperia)
1609 1242 1690 1282 oume
1710 1243 1779 1298 genu
1799 1231 1856 1284 sive
1878 1231 2020 1288 voluntate

384 1338 505 1382 salictam
520 1326 601 1388 lecit,
616 1324 733 1380 maritae
745 1339 806 1378 curn
823 1324 958 1395 passionis
973 1324 1031 1393 ejus
1046 1322 1175 1377 helicium
1226 1319 1282 1374 sive
1305 1318 1330 1371 vi
1354 1318 1482 1384 ilectitur,
1506 1319 1657 1373 coelestiunr
1682 1319 1822 1386 videlicet,
1847 1324 2019 1378 monastriam

384 1434 492 1489 semper
506 1419 533 1472 in
549 1418 697 1471 inexistat.
718 1416 888 1487 Quapropter
903 1416 1000 1469 merito
1016 1424 1042 1468 te
1056 1414 1174 1480 reginam
1226 1420 1253 1466 et
1267 1409 1446 1465 internorum.
1462 1409 1497 1465 ht
1510 1410 1640 1476 blichacl,
1664 1410 1718 1464 tlrrx
1740 1421 1767 1465 et
1786 1412 1913 1483 prinecps
1931 1414 2020 1484 plehis

384 1522 399 1561 a
414 1506 523 1560 Christo
537 1520 600 1575 rege
615 1519 760 1568 vocamus,
774 1502 837 1572 qtria
851 1502 927 1573 regni
942 1501 1061 1557 coelestis
1073 1502 1175 1555 aditum
1226 1502 1290 1566 Dei,
1304 1510 1331 1556 te
1344 1501 1513 1557 consessione
1526 1509 1660 1556 memorat
1672 1511 1769 1557 cuneta
1783 1502 1914 1557 coelorum
1929 1505 2020 1562 sidera

384 1613 432 1667 per
446 1607 472 1652 te
484 1598 600 1667 primum
613 1595 762 1650 meruimus
776 1613 782 1646 ε
797 1594 914 1662 daturque
928 1591 1105 1648 humanitatis
1117 1589 1177 1658 ejus
1225 1602 1252 1647 et
1276 1594 1375 1648 virtute
1393 1608 1487 1664 regere
1508 1602 1536 1647 et
1552 1601 1688 1663 potestate
1708 1602 1814 1665 tegere,
1831 1599 1953 1665 eoquod
1972 1613 2020 1653 ara

385 1704 416 1741 ac
429 1686 579 1740 ‹ttrtntvatts
591 1687 705 1755 gratiam
720 1684 807 1754 ipsum
821 1691 932 1753 portans
944 1681 1134 1754 promeruisti,
1148 1681 1175 1735 in
1226 1682 1274 1737 Dei
1297 1683 1352 1747 sis,
1373 1683 1399 1737 in
1421 1698 1474 1753 qna
1495 1683 1648 1738 immolatus
1668 1692 1709 1738 est
1729 1683 1820 1758 dgnus
1840 1687 1886 1755 qui
1908 1688 2022 1744 abstulit

384 1777 464 1830 urrins
484 1776 532 1830 lhsi
555 1774 749 1844 omnipotentis
772 1772 878 1826 laudern
901 1786 980 1826 sacra
1003 1770 1176 1826 consessione
1225 1783 1336 1843 peccata
1351 1773 1465 1827 mundi:
1487 1788 1541 1843 quo
1564 1773 1658 1845 clypeo
1677 1774 1872 1833 benevolentia·
1893 1779 1952 1849 ipse
1973 1794 2019 1835 se·

384 1868 559 1925 Christicolas
578 1867 697 1921 sociasti.
711 1865 778 1919 Nam
791 1864 955 1934 multiplices
968 1862 1063 1917 laudes
1077 1861 1134 1917 beu
1148 1862 1175 1915 in
1224 1861 1287 1916 dulo
1305 1862 1439 1928 exsultat,
1452 1878 1505 1933 qua
1524 1862 1702 1919 contessionis
1717 1863 1817 1918 framea
1834 1863 1936 1932 sidens,
1958 1867 2016 1922 bel·

384 1959 488 2015 sanctis
501 1957 657 2029 angelornm
672 1957 789 2012 coetihus
801 1955 920 2022 excitas,
934 1963 962 2009 et
974 1954 1055 2010 simili
1069 1954 1175 2009 ratione
1226 1949 1281 2005 lum
1299 1951 1350 2005 init
1369 1960 1463 2007 contra
1481 1952 1626 2008 draconem
1646 1953 1802 2020 horridum,
1821 1956 2018 2027 antiquumque

385 2051 418 2105 acl
432 2049 635 2121 glurilicandurn
656 2048 741 2102 ileum
755 2047 867 2102 devotos
882 2046 972 2102 reddis
987 2055 1121 2100 terrarum
1135 2045 1175 2099 in·
1189 2024 1213 2085 Β
1227 2053 1379 2111 serpentem
1393 2059 1400 2108 ;
1420 2042 1493 2097 etde
1512 2042 1590 2097 hoste
1604 2042 1790 2116 triumphans,
1803 2053 1866 2101 ovat
1877 2061 1939 2102 curn
1953 2063 2017 2103 san·

384 2141 467 2197 colas.
484 2138 523 2195 Te
535 2140 698 2212 generaliter
711 2146 783 2195 totus
795 2138 884 2204 orbis,
899 2152 956 2205 aer,
969 2152 1046 2192 mare
1058 2144 1085 2191 et
1098 2137 1175 2207 ignea
1226 2144 1331 2192 ctorum
1354 2137 1491 2208 agminum
1513 2137 1653 2204 millibus,
1676 2138 1729 2193 hoe
1754 2139 1805 2195 sibi
1829 2140 1932 2210 praemii
1957 2140 2018 2198 loco

385 2230 514 2285 erulorum
526 2227 800 2292 siderasanctiheant,
809 2227 1001 2298 aespecialiter
1009 2240 1176 2297 unaqueque
1225 2234 1324 2297 petens
1343 2237 1373 2282 ut
1394 2236 1467 2283 tuam
1488 2228 1594 2284 laudem
1614 2237 1745 2300 perpetuo
1760 2238 1824 2286 ante
1838 2232 1958 2287 tribunal
1972 2234 2019 2291 de·

387 2324 494 2393 speeies
506 2331 640 2377 ereatura:
653 2336 687 2376 ex
699 2329 816 2392 quatuor
831 2320 923 2375 muudi
935 2320 1059 2391 partibus
1078 2333 1176 2389 magna
1226 2325 1319 2373 cantet
1341 2318 1458 2374 Domini.
1482 2318 1568 2391 lgitur
1588 2328 1666 2375 actus
1685 2320 1736 2375 iste
1756 2318 1925 2377 formationis
1945 2321 2020 2381 titu-

386 2415 531 2471 devotioue
554 2413 682 2469 celebrat.
707 2412 765 2469 llue
786 2427 894 2482 quoque
915 2412 1036 2468 omnium
1057 2412 1175 2466 adunata
1226 2424 1336 2475 rarum,
1359 2418 1387 2464 et
1407 2410 1452 2465 hic
1474 2411 1570 2465 modus
1590 2410 1733 2481 positionis
1754 2426 1850 2466 novem
1871 2412 2017 2481 ordinum,

385 2503 521 2561 confessio
542 2503 696 2573 profitetur,
720 2503 792 2573 quod
814 2505 848 2559 ab
869 2510 973 2559 aterno
994 2501 1095 2557 lurnine
1116 2501 1177 2555 illu·
1226 2515 1277 2557 nee
1298 2515 1352 2557 non
1374 2510 1402 2557 et
1424 2515 1484 2557 sors
1506 2501 1564 2571 ipsa
1586 2516 1638 2571 qua
1656 2500 1782 2572 primitus
1796 2499 1830 2555 ad
1851 2500 2018 2559 laudandum

385 2602 486 2656 strata,
509 2593 587 2647 nohis
609 2591 728 2648 contestis
746 2592 820 2666 regui
841 2592 938 2663 gaudia
951 2592 1136 2654 demonstres,
1150 2597 1178 2646 et
1226 2595 1436 2665 Redemptorem
1455 2607 1535 2649 sacra
1555 2592 1712 2667 angelorum
1725 2591 1832 2664 agmina
1845 2592 2018 2658 ordinantur,

385 2685 571 2739 demonstrata
583 2683 626 2753 pie
639 2683 824 2755 quarentibus
837 2684 922 2739 denes
935 2702 942 2739 :
957 2699 1018 2741 curn
1032 2693 1177 2753 utrumque
1227 2685 1319 2744 taliter
1339 2698 1498 2756 suspensam
1515 2683 1577 2754 jure
1593 2682 1687 2739 statuit
1705 2682 1776 2738 hane
1792 2696 1919 2748 crucem,
1940 2698 2019 2742 aram

385 2773 454 2831 lacis
474 2774 674 2845 dispensatione
694 2774 800 2841 divina,
822 2784 852 2830 ut
871 2785 899 2830 et
918 2765 1130 2831 eorde‘eredulo
1149 2786 1176 2830 et
1230 2776 1336 2832 seilicet
1359 2774 1495 2845 pontilicis
1519 2782 1548 2830 et
1572 2773 1751 2845 redemptoris
1772 2772 1879 2841 nostri;
1906 2781 1937 2828 ut
1960 2774 2022 2845 ipsa

384 2878 450 2919 vera
464 2861 636 2919 consessione
648 2864 733 2919 Deum
746 2863 884 2921 Christum
898 2864 1078 2920 conliteamur
1088 2873 1116 2919 et
1128 2880 1177 2936 per
1227 2881 1292 2922 vera
1310 2866 1365 2921 vita
1382 2866 1408 2920 in
1424 2880 1453 2920 se
1468 2872 1641 2930 contestans,
1656 2863 1782 2921 ostendat
1795 2862 1951 2920 laudantem
1966 2865 2023 2920 rir-
2050 2909 2052 2914 .

384 2953 456 3010 lrarre
474 2953 552 3010 fidem
572 2954 605 3009 ad
625 2955 713 3024 ipsum
729 2957 873 3025 pervenire
891 2971 1054 3012 mermmur.
1074 2956 1177 3012 Ocrux
1229 2967 1318 3013 tutum
1343 2956 1525 3013 venerabilem
1551 2965 1695 3022 senatum,
1722 2956 1793 3012 sicut
1816 2957 1910 3023 decet,
1935 2963 1967 3012 ut
1992 2957 2021 3017 iu

384 3044 502 3110 Christi,
516 3059 576 3116 quoe
589 3058 638 3114 per
650 3045 831 3102 desideratam
844 3044 903 3116 ejus
926 3047 1069 3104 victoriam
1081 3061 1111 3102 es
1129 3047 1177 3103 be-
1227 3062 1323 3112 cruce,
1342 3063 1403 3119 qtrae
1419 3056 1461 3103 est
1479 3061 1544 3102 vera
1567 3046 1640 3103 salus
1659 3055 1768 3112 nostra,
1786 3055 1936 3118 appareant
1948 3048 2022 3122 bona

385 3134 509 3200 nedieta,
525 3149 608 3203 quam
621 3134 723 3191 claram
739 3145 766 3192 et
782 3152 865 3208 quam
878 3153 1002 3209 magnam
1018 3154 1067 3195 suo
1084 3152 1177 3196 amore
1227 3143 1253 3192 et
1277 3135 1399 3193 salubria
1421 3137 1543 3206 scripta;
1568 3136 1682 3205 ideoque
1699 3135 1823 3193 Christus
1844 3135 2023 3209 semetipsum

386 3235 412 3281 te
434 3226 556 3280 omnium
579 3227 704 3283 eonditor
724 3228 860 3286 reddiditt
883 3228 1081 3286 vivificationis
1102 3230 1175 3285 enirn
1228 3227 1375 3284 humilians
1387 3227 1526 3283 descendit
1539 3225 1572 3281 de
1584 3226 1716 3282 centorum
1728 3240 1811 3292 aree,
1830 3234 1861 3283 ut
1877 3228 1958 3285 adse
1977 3244 2023 3285 so-

386 3329 499 3374 ruunere
521 3325 547 3371 te
569 3317 681 3384 ditavit,
696 3326 724 3374 et
738 3318 772 3374 ad
786 3320 838 3374 hoc
850 3318 997 3375 salubriter
1017 3320 1118 3386 erexit,
1140 3334 1175 3375 ne
1227 3316 1311 3373 lidum
1335 3316 1540 3389 fundamentum
1558 3317 1620 3372 lrdci
1638 3329 1880 3392 argumentumque
1895 3321 2022 3377 omnium

386 3408 515 3478 antiquus
528 3409 631 3477 hostis,
643 3410 690 3481 qui
703 3410 820 3482 primum
831 3420 972 3483 parentem
984 3420 1108 3468 nostrum
1122 3412 1173 3469 sibi
1187 3369 1212 3437 C
1227 3409 1359 3465 bonorum
1374 3407 1462 3463 valide
1476 3423 1526 3464 nos
1542 3408 1655 3465 duceret
1669 3428 1676 3462 :
1696 3416 1725 3466 et
1742 3410 1836 3467 docuit
1851 3410 1961 3480 verbis,
1979 3410 2022 3470 ia-

386 3503 601 3558 eonsentientem
615 3503 648 3559 de
660 3503 787 3574 paradiso
805 3503 901 3574 ejecit,
922 3505 1023 3560 diutius
1040 3504 1175 3559 irrisionis
1227 3499 1403 3569 etisquesuis
1415 3499 1495 3555 nohis
1506 3500 1666 3556 documenta
1679 3501 1806 3574 reliquit,
1819 3502 1898 3559 etsie
1909 3506 2023 3563 demum

384 3593 491 3663 eulogio
508 3593 736 3665 progentem·ejus
748 3595 776 3651 in
789 3597 885 3651 exsilia
903 3597 1057 3652 damnatam
1079 3595 1176 3668 sariga-
1227 3589 1446 3645 insanetacruee
1457 3588 1740 3655 nosredimens,laeta
1751 3595 2022 3650 suaeonsummavit.

390 3695 441 3740 ret.
456 3684 478 3741 0
492 3686 537 3755 pta
549 3701 616 3757 erog
630 3678 754 3752 homini,
766 3688 828 3759 quis
851 3695 878 3744 cs
896 3690 1047 3747 demutans
1070 3697 1174 3754 metro,
1189 3712 1190 3716 =
1227 3681 1284 3737 line
1293 3689 1332 3748 tu,
1343 3680 1649 3754 Gabriel,archangelus
1658 3681 1790 3738 altissimi
1804 3692 1831 3740 et
1842 3683 2024 3756 desponsatur

386 3777 467 3845 digne
481 3792 608 3832 resonare
623 3777 707 3843 valet,
722 3786 750 3833 et
765 3787 849 3834 totam
862 3779 1013 3850 potentiam
1028 3787 1102 3834 tuam
1115 3794 1178 3835 ver·
1227 3776 1379 3833 eoelestiuur
1401 3775 1573 3846 nuptiarum,
1596 3774 1674 3830 laetus
1696 3773 1769 3831 claro
1790 3775 1892 3836 lamine
1914 3775 2023 3850 Virgini

387 3865 428 3920 his
442 3868 587 3921 errarrore!
601 3867 717 3923 Pulchro
738 3868 808 3924 nites
827 3876 941 3935 ornatu,
963 3878 1043 3940 teque
1062 3884 1177 3924 cernon·
1229 3867 1384 3932 revelabas,
1399 3867 1507 3938 natando
1520 3867 1622 3924 Christi
1635 3867 1709 3941 regni
1722 3868 1871 3938 potentiam
1889 3876 1918 3924 et
1934 3870 2025 3926 salva·

388 3957 433 4011 tib.
445 3971 458 4010 s
469 3957 584 4028 gloriosa
594 3973 718 4029 appares.
726 3958 816 4014 Tarus
827 3959 966 4016 mortifera
978 3960 1056 4031 longe
1068 3951 1121 4016 ate
1132 3959 1176 4014 iu·
1229 3959 1310 4014 tionis
1322 3957 1381 4027 ejus
1399 3974 1468 4028 opus
1486 3958 1621 4013 luculento
1634 3971 1759 4013 sermone
1781 3960 2022 4030 pronuntiaveras.

386 4048 440 4119 git,
453 4048 573 4103 calantes
585 4051 751 4106 aromaticus
762 4059 790 4105 et
801 4051 881 4121 pinus
893 4067 1001 4125 semper
1017 4053 1108 4109 virens
1127 4054 1177 4110 ho·
1227 4049 1296 4119 Quid
1309 4057 1337 4105 et
1349 4058 1388 4115 tu,
1401 4065 1418 4104 o
1431 4049 1560 4119 Rapbael,
1573 4049 1706 4105 medicina
1717 4049 1782 4106 bet?
1794 4049 1922 4121 Nunquid
1934 4051 1961 4108 in
1975 4051 2024 4110 illo

386 4138 445 4192 nori
469 4147 514 4194 tuo
528 4155 557 4194 se
570 4140 727 4209 subjiciunt.
741 4141 843 4198 Cedros
864 4159 972 4214 quoque
992 4145 1135 4211 diuturna,
1149 4153 1177 4201 ct
1227 4140 1342 4211 mistim
1357 4155 1506 4210 opereque
1520 4139 1610 4198 T⁰biae
1626 4138 1719 4196 ⁰⁰¹¹¹⁰⁸
1736 4141 1882 4211 abeffllsfiv
1896 4141 1961 4198 selle
1977 4158 2025 4200 ⁰r·

385 4230 524 4285 vermilnrs
538 4231 762 4301 imperforabilis,
775 4235 886 4308 myrrha
905 4235 1027 4306 guttiflua
1041 4244 1068 4292 et
1081 4236 1176 4294 meliro
1226 4232 1287 4287 henr
1309 4230 1423 4298 liniens,
1443 4240 1545 4288 sanetae
1565 4235 1655 4290 erneis
1672 4235 1822 4304 potentiam
1839 4235 2022 4309 significasti,

385 4319 478 4374 ardoris
492 4321 679 4390 jucundissimi
692 4323 727 4377 ad
738 4323 848 4379 odorem
868 4334 944 4380 tuum
962 4335 1094 4399 stupent:
1111 4343 1175 4382 nar·
1227 4339 1287 4395 quae
1304 4339 1353 4396 per
1373 4325 1580 4382 amaritudInem
1597 4327 1692 4382 mortis
1710 4325 1828 4393 Christi,
1844 4337 2025 4398 peccatorum

384 4408 436 4464 dvis
450 4411 570 4479 spicoma
583 4420 611 4467 et
623 4426 769 4483 cypressus
781 4414 873 4470 odoris
885 4416 966 4482 boni,
986 4412 1084 4476 mastiri
1106 4433 1175 4489 quo·
1229 4418 1352 4474 tenebris
1373 4418 1501 4484 remotis,
1523 4427 1653 4474 aeternam
1676 4418 1763 4476 lucem
1787 4419 1907 4476 hnmano
1926 4421 2025 4493 generi

384 4515 454 4570 une,
475 4510 551 4571 gutta
570 4501 675 4558 lentisci
695 4512 723 4558 et
745 4505 807 4561 thus
819 4504 935 4562 Arabica
947 4549 953 4573 ,
967 4515 1043 4579 gutta
1055 4507 1137 4564 ludin
1149 4520 1177 4566 et
1228 4509 1364 4566 reddidit?
1378 4508 1549 4565 Credendum
1561 4523 1627 4582 ergo
1640 4509 1719 4565 nohis
1729 4518 1772 4565 est
1791 4509 1863 4583 qood
1881 4508 1957 4566 lacta
1970 4526 2024 4567 an-

385 4605 521 4645 amonrnm
534 4590 844 4663 Syriacumbalsamum
856 4594 966 4662 ludaeae,
977 4597 1093 4653 bdelium
1103 4597 1175 4669 Phy·
1227 4602 1349 4672 gelorum
1373 4616 1433 4671 quae
1458 4599 1542 4656 Vetus
1564 4600 1768 4656 Testamentum
1788 4609 1900 4667 narrat,
1919 4602 2025 4659 adven-

384 4681 477 4743 tatis,
499 4680 669 4749 majestatem
693 4692 769 4739 tuam
790 4694 930 4754 verentes,
953 4702 1035 4758 super
1054 4702 1083 4743 se
1104 4687 1175 4743 vetis
1186 4718 1215 4780 D
1228 4702 1284 4749 turn
1297 4702 1324 4748 ct
1336 4693 1450 4764 gloriam
1463 4691 1616 4763 significent
1635 4692 1814 4761 redemptoris
1831 4693 1936 4760 nostri,
1957 4708 2024 4752 eram

384 4775 515 4830 exaltant.
536 4777 650 4833 Nomine
669 4779 732 4834 licet
749 4780 788 4835 sis
800 4782 923 4851 asperior
941 4782 1021 4852 ipsis,
1035 4781 1099 4837 dum
1113 4798 1175 4838 cru·
1228 4783 1331 4838 Novum
1345 4783 1548 4839 Testamentum
1561 4782 1652 4837 statim
1666 4782 1692 4835 in
1706 4781 1856 4851 primordio
1867 4783 2025 4842 nativitatis

383 4868 484 4920 clatum
496 4882 616 4932 resones,
630 4870 731 4925 virtute
751 4879 840 4925 tamen
862 4872 1056 4941 redemptionis
1076 4883 1175 4931 nostrae
1228 4873 1303 4943 ejus,
1322 4874 1383 4944 ejus
1402 4875 1517 4945 gloriam
1536 4876 1564 4931 in
1583 4877 1706 4943 excelso,
1720 4877 1776 4933 neo
1790 4892 1888 4948 magno
1903 4879 2024 4949 tripudio

384 4955 450 5024 ipsis
470 4967 598 5026 praestas,
621 4974 681 5028 oure
700 4961 826 5015 concedis
845 4961 968 5017 fidelibus
989 4973 1053 5020 ante
1072 4964 1174 5022 Christi
1230 4965 1363 5021 cecinisse
1376 5006 1384 5031 ,
1399 4974 1427 5022 et
1439 4980 1533 5036 pacem
1548 4965 1702 5022 hominibus
1716 4967 1859 5038 adoptasse
1872 4947 2023 5024 describat.

384 5045 503 5100 tribunal
517 5049 650 5102 bonorum
664 5063 776 5119 operum
789 5049 892 5107 lrrretus
903 5053 1055 5123 percipere.
1069 5056 1092 5112 0
1105 5073 1174 5113 crux
1228 5054 1399 5124 Quapropter
1418 5070 1468 5109 vos
1481 5070 1604 5126 quoque,
1626 5056 1749 5131 praeclari
1766 5056 1926 5128 angelorum
1943 5071 2024 5114 exer·

383 5152 479 5204 saera,
493 5154 569 5208 qun,
582 5138 699 5210 diruptis
713 5141 839 5198 claustris
852 5141 968 5210 interni,
981 5145 1087 5216 plebem
1108 5163 1173 5206 san·
1229 5145 1316 5211 citus,
1330 5145 1464 5216 supplices
1476 5144 1651 5205 obsecramus
1666 5155 1696 5202 ut
1710 5147 1805 5219 dignas
1818 5158 1911 5219 grates
1924 5148 2022 5205 Salva·

384 5239 490 5286 ctorem
502 5233 643 5302 eripueras
655 5242 682 5289 et
694 5235 762 5290 eoelo
775 5236 973 5294 collocaveras!
1230 5237 1282 5291 tori
1304 5244 1398 5291 nostro
1418 5237 1588 5296 incessanter
1605 5237 1709 5310 agatis,
1729 5247 1757 5293 et
1776 5248 1901 5295 sanctum
1922 5256 2023 5299 nomen

685 5346 799 5403 ggpgp
821 5348 861 5404 111⁸
1228 5328 1287 5398 ejus
1301 5328 1328 5382 in
1340 5326 1467 5383 saeculum
1481 5327 1663 5396 benedicatis,
1683 5329 1729 5400 qni
1750 5344 1799 5385 nos
1819 5344 1992 5402 peromnem
2006 5347 2024 5386 a

395 5437 433 5492 Dr
457 5440 541 5494 tertie
569 5438 654 5509 formu
682 5440 793 5510 lipare,
816 5441 844 5495 iu
866 5460 918 5513 qaia
945 5460 1034 5499 norem
1059 5445 1163 5501 ordiner
1230 5427 1356 5490 perpetua
1377 5427 1464 5474 morte
1480 5416 2025 5493 liberavit,etvestrumnttmerumlno

607 5510 759 5580 angelorum
773 5512 867 5583 depicti
881 5523 952 5568 sunt.
1230 5510 1382 5581 'diminutus
1394 5517 1506 5582 propter
1517 5509 1640 5580 perditos
1652 5509 1762 5582 angelos
1774 5512 1947 5582 remaneret)
1960 5528 2025 5568 san·

420 5598 443 5654 0
463 5608 508 5665 tu,
529 5609 624 5656 sancta
644 5600 717 5656 salus
729 5609 756 5657 et
769 5601 829 5658 taeta
843 5603 932 5672 passio
944 5602 1062 5668 Christi,
1077 5605 1152 5661 salve
1166 5624 1172 5660 :
1229 5604 1280 5658 etis
1294 5602 1436 5658 arrimabus
1447 5603 1590 5675 complevit
1604 5603 1632 5659 in
1645 5618 1709 5661 arce
1723 5604 1838 5660 coelesti.

385 5707 450 5746 crux
472 5695 626 5750 veneranda
649 5693 713 5760 Dei,
733 5710 793 5764 quae
808 5696 957 5765 sapientia,
973 5696 1064 5753 lumen
1077 5707 1105 5754 et
1125 5699 1175 5755 do·
1534 5713 1648 5770 mppr
1665 5714 1710 5770 lv,

385 5785 454 5883 ΨῙΧ
474 5800 505 5839 ⁰⁸
525 5786 600 5840 ⁰³¹³ss
619 5795 754 5842 'mamm
769 5802 777 5851 i
791 5803 851 5858 <1¹¹ae
863 5795 892 5842 θῑ
912 5804 976 5843 Vela
992 5791 1068 5856 ¹³⁰⁸·
1083 5791 1172 5846 amica
1238 5809 1277 5863 lie
1288 5808 1373 5878 [orma
1386 5809 1474 5879 prrorti
1486 5808 1635 5871 sollemniis,
1649 5807 1695 5861 ubi
1708 5808 1833 5862 cherubin
1846 5817 1870 5862 et
1884 5809 2010 5880 seraphin

387 5883 489 5937 tuctus,
503 5885 530 5929 et
542 5876 615 5931 clara
636 5877 803 5947 philosophia
824 5881 894 5948 apud
915 5879 1069 5947 coelicolas,
1094 5882 1168 5938 terri·
1425 5888 1485 5932 sunt
1498 5879 1578 5948 juxto
1592 5894 1695 5932 crucem
1709 5879 1815 5948 depicti.

387 5979 486 6034 genas,
509 5981 568 6034 utrm
587 5966 769 6022 indesinenter
790 5968 863 6039 riges
878 5988 883 6021 :
901 5969 995 6038 etjam
1010 5972 1080 6040 apud
1094 5987 1169 6029 crer-
1262 5973 1295 6026 ht
1315 5989 1362 6027 vos
1382 5986 1505 6042 supernae
1519 5970 1664 6032 cohortes,
1679 5969 1810 6025 clterubin
1829 5978 1856 6023 ct
1873 5970 2022 6040 seraphin,
