4509 6850
307 611 374 666 itii

635 600 665 653 ti.
685 597 812 651 triballi
832 594 938 648 distulit
959 590 1117 646 eluctati).
1142 589 1295 645 itodtldl.
1316 590 1458 646 OPERUM
1476 591 1567 646 utils
1584 592 1604 647 l.

1874 600 1947 655 ¹228

280 763 285 779 .
304 736 412 794 quoque
425 734 519 789 laqueo
531 732 559 771 se
573 715 713 783 suspendit
729 753 736 776 ,
754 721 783 763 ut
801 727 829 765 sc
850 709 1006 763 ostenderet
1026 704 1094 760 ceto
1110 711 1133 764 Α
1151 706 1226 762 Unde
1240 714 1351 776 putatur
1361 721 1422 761 csse
1435 706 1542 760 codices
1557 705 1701 762 mendosos
1724 707 1770 777 qui
1785 708 1888 767 habeut
1900 708 1949 769 Je-

224 847 232 861 ι
305 826 439 883 terraeque
451 823 597 880 perosuru;
620 806 652 858 de
666 819 719 873 quo
733 811 811 871 poeta
832 799 1024 854 coiireizieuter
1049 811 1096 850 ca-

305 919 372 960 nens
387 904 439 956 ait:

366 993 493 1042 Infelicem
504 989 606 1037 animam
618 987 707 1045 laqueo
721 983 849 1043 suspendu
861 983 892 1029 ab
906 979 955 1029 alto
968 994 974 1027 ;

366 1055 457 1103 Lenior
471 1055 505 1101 ira
518 1051 617 1111 quidem
630 1055 697 1097 tauto
709 1059 752 1106 pro
761 1046 864 1092 crimine
875 1042 953 1101 culpe
967 1079 974 1101 ,

367 1117 514 1164 ilunctoruui
526 1114 563 1160 cui
577 1111 643 1158 nulla
654 1109 717 1157 soret
730 1119 770 1166 par
783 1119 853 1162 prena
865 1104 983 1153 malorum

366 1178 454 1226 Exitus
465 1178 502 1222 bic
515 1176 608 1233 rnortis,
622 1181 702 1221 tuition
716 1167 855 1217 etsubluue
867 1166 969 1212 cadauer

368 1238 481 1287 Ostendit
495 1233 596 1294 pupulis.
610 1240 702 1293 quanto
713 1230 745 1277 de
756 1230 863 1275 ru'miue
875 1227 958 1285 lapsus

368 1300 467 1349 Pridem
477 1296 619 1354 disciputus,
633 1294 675 1354 qui
688 1306 752 1340 autre
764 1303 822 1339 reus
835 1290 882 1336 alta
893 1287 1037 1346 relinquens

369 1362 465 1418 Sidera,
476 1365 609 1406 tartareum
622 1354 752 1403 descendit
768 1352 797 1398 ad
811 1362 887 1408 usque
898 1348 1051 1409 profundunt.

342 1444 480 1512 Principes
497 1450 583 1494 nutem
598 1437 769 1493 Snceidotam
793 1433 904 1502 acceptis
928 1431 1036 1501 triginta
1057 1446 1101 1483 or-

306 1536 404 1605 ganicis
426 1533 549 1586 dicerunt
565 1529 647 1583 :Non
665 1527 722 1580 licet
743 1542 786 1579 eoa
800 1525 828 1578 r'n
846 1524 986 1577 corbariam
1000 1522 1101 1575 mittere

305 1630 368 1698 quia
391 1628 502 1698 pretium
518 1624 653 1694 sanguinis
667 1631 714 1675 ert.
731 1616 877 1691 (Hieron.)
903 1616 971 1671 Vere
987 1613 1102 1669 culicem

212 1737 215 1742 ·
305 1716 451 1785 liquantes,
472 1726 500 1769 ει
514 1712 646 1768 camelum
660 1709 814 1781 glutientes.
829 1706 858 1761 si
876 1706 949 1762 enim
968 1704 1028 1760 ideo
1047 1717 1102 1757 non

306 1808 420 1862 mittunt
438 1806 579 1875 pecuniam
593 1804 620 1857 in
633 1804 791 1866 corbonam,
816 1800 842 1854 id
856 1805 909 1863 est,
927 1797 954 1850 in
970 1795 1103 1867 gazophy-

306 1897 406 1951 lacium
423 1904 451 1950 et
465 1896 534 1950 dona
553 1895 612 1960 Dei,
632 1895 695 1963 quia
709 1888 977 1962 pretiumsanguinis
989 1896 1041 1955 est,
1053 1903 1103 1943 cur

242 1981 244 1985 ’
307 1989 366 2058 ipse
380 1988 491 2056 sanguis
506 1986 648 2041 tunditur?

1152 799 1243 853 reruiae
1257 814 1366 863 nomeu,
1388 799 1450 867 quia
1463 798 1505 852 rol
1517 798 1657 853 Zacharia.
1668 796 1771 854 habere
1783 801 1950 873 debuerunt,

1151 888 1193 943 rel
1208 889 1308 944 nullius
1319 889 1390 945 sicut
1402 888 1522 958 quidam,
1539 888 1585 942 sed
1601 895 1706 942 tantum
1727 906 1773 959 per
1794 891 1950 961 prophetam

1151 981 1288 1041 dicentem,
1305 982 1351 1050 qui
1364 980 1458 1049 utique
1475 979 1634 1051 intelligitur
1645 980 1802 1036 Zacharias
1822 980 1874 1038 Sed
1888 995 1952 1038 uta-

1152 1080 1195 1125 tur
1206 1073 1258 1126 ista
1270 1070 1428 1127 defensione
1448 1073 1492 1126 cui
1512 1071 1618 1141 placet;
1639 1072 1704 1126 milii
1729 1081 1822 1128 autern
1836 1090 1885 1130 cur
1896 1092 1951 1132 ιιιιιι

1151 1164 1277 1234 placeat,
1300 1166 1358 1219 haec
1381 1180 1464 1220 causa
1480 1174 1541 1219 est:
1558 1165 1622 1234 quia
1636 1173 1664 1219 et
1676 1164 1767 1233 plures
1777 1167 1887 1223 codices
1903 1169 1951 1223 ha-

1151 1257 1217 1310 bant
1240 1254 1364 1312 Ieremiac
1385 1271 1482 1311 nonten
1496 1297 1503 1321 ‚
1518 1266 1547 1312 et
1560 1256 1606 1327 qui
1621 1256 1776 1328 diligentius
1796 1261 1824 1314 ia
1846 1260 1952 1318 Grecis

1152 1346 1352 1417 exemplaribus
1366 1347 1544 1418 Evangelium
1564 1348 1818 1415 consideraverunt,
1836 1351 1861 1405 in
1877 1354 1952 1407 auti·

1152 1437 1292 1505 quiorihus
1308 1436 1410 1491 Graecis
1425 1436 1461 1490 ita
1476 1450 1505 1491 se
1518 1435 1664 1506 perbibent
1677 1437 1826 1505 invenisse,
1838 1449 1865 1495 et
1875 1442 1950 1497 nulla

1153 1525 1204 1581 luit
1219 1543 1300 1582 causa
1313 1544 1362 1584 cur
1374 1528 1518 1582 adderetur
1531 1528 1583 1582 boc
1597 1543 1708 1595 nornen,
1731 1539 1761 1584 ut
1784 1532 1951 1589 mendosius

1152 1616 1239 1672 steret.
1256 1616 1310 1671 Cur
1324 1625 1416 1672 autem
1433 1617 1466 1672 de
1483 1617 1621 1672 nonnullis
1638 1618 1778 1675 codicibus
1793 1619 1950 1689 tolleretur,

1153 1707 1204 1763 luit
1225 1709 1319 1779 utique
1338 1723 1418 1764 causa
1432 1749 1440 1774 ,
1456 1716 1483 1763 ut
1497 1707 1549 1763 hoc
1563 1707 1653 1763 audax
1671 1708 1809 1778 imperitia
1828 1709 1951 1775 laceret,

1153 1815 1214 1855 cum
1235 1800 1391 1854 turbaretur
1414 1798 1562 1869 questione
1584 1796 1657 1868 quod
1686 1798 1739 1853 boe
1764 1800 1954 1854 testimonium

1154 1890 1224 1961 apud
1236 1890 1382 1945 larentiam
1397 1904 1451 1944 non
1473 1889 1619 1945 inveniret.
1635 1888 1705 1956 Quid
1720 1904 1785 1960 ergo
1799 1889 1954 1961 intelligen-

1152 1982 1218 2038 dum
1241 1990 1304 2048 est,
1331 1982 1383 2036 nisi
1409 1981 1461 2036 hoc
1485 1990 1577 2036 actum
1597 1996 1658 2037 esse
1672 1982 1823 2038 secretiore
1838 1985 1955 2040 coasilio

343 2075 458 2132 Consilio
475 2076 649 2140 aurensinae,
664 2083 821 2129 einemntea
833 2073 885 2129 illis
897 2089 989 2144 aqram
1003 2070 1079 2143 figuli
1092 2111 1100 2136 ,
1114 2070 1139 2129 B
1153 2071 1330 2144 providentie
1347 2070 1410 2137 Dei,
1429 2086 1482 2141 qua
1508 2079 1614 2127 mentes
1638 2072 1869 2144 evangelistarum
1891 2086 1955 2131 sunt

307 2166 334 2217 in
356 2163 516 2234 sepulturam
535 2164 743 2233 carentinorum.
766 2161 880 2234 (Hilar.)
907 2162 1032 2232 blaguuni
1052 2161 1103 2215 hoc

311 2264 355 2310 εει
370 2255 519 2324 prophetiae
532 2262 731 2309 sacramentum
746 2295 753 2319 ,
772 2264 800 2309 et
819 2255 846 2308 in
862 2254 941 2310 lactis
953 2255 1104 2325 iniquitatis

312 2345 437 2400 miraculi
450 2345 529 2416 plcaa
551 2345 700 2400 meditatio.
728 2344 815 2415 Figuli
834 2360 901 2414 opus
921 2354 963 2399 est
985 2344 1018 2399 de
1045 2344 1104 2400 luto

309 2455 375 2495 rasa
395 2438 514 2493 formare
529 2439 605 2507 cnjus
622 2438 649 2492 in
668 2454 749 2492 manu
763 2439 799 2492 sit
815 2453 848 2492 ex
867 2438 924 2492 luto
940 2438 1045 2503 eodem,
1056 2454 1104 2495 ras

309 2530 401 2585 autad
418 2530 505 2600 ipsam
519 2544 598 2598 opus,
613 2536 659 2582 aut
674 2528 813 2598 pulchrius
824 2528 983 2583 reformare.
1001 2528 1103 2599 Agrum

308 2630 399 2677 autem
423 2620 550 2676 saeeulurn
577 2620 747 2689 nuncupari,
777 2619 861 2688 ipsius
886 2620 992 2674 bomini
1017 2621 1103 2675 nostri

313 2712 399 2767 verbis
413 2711 577 2766 continetur.
593 2710 694 2765 Christi
707 2725 771 2779 ergo
788 2711 875 2780 pretio
892 2710 1020 2765 saeculum
1037 2711 1104 2766 cmi-

310 2810 365 2869 tur,
384 2802 475 2867 idest,
490 2801 652 2856 uriirersitas
664 2799 722 2867 ejus
732 2801 883 2869 acquiritur
894 2801 921 2855 iu
937 2800 1103 2871 sepulturam

310 2893 517 2965 peregrinorum
537 2901 619 2961 atque
639 2892 748 2960 inopum
770 2892 925 2961 deputatur.
947 2891 1021 2946 Nihil
1041 2892 1104 2946 binc

308 2986 427 3056 pertinet
448 2983 482 3036 ad
503 2983 607 3047 lsrael,
632 2992 659 3036 et
684 2991 756 3038 totus
773 2982 818 3036 hic
837 2981 926 3037 saeculi
942 2982 1025 3052 empti
1040 2996 1105 3037 usus

311 3054 1104 3143 alienusest,hisridelicetquiinpretiosanguiniscbristi

309 3163 477 3233 sepeliuntur
491 3203 498 3229 ,
521 3178 573 3232 quo
586 3163 712 3218 universa
728 3173 791 3218 sant
802 3172 894 3233 empta
906 3180 913 3216 :
926 3164 1016 3218 omnia
1032 3163 1104 3218 caira

309 3253 416 3309 aPatre
429 3253 604 3323 accepitque
617 3253 643 3307 iu
656 3252 734 3308 caelis
745 3260 771 3338 et
783 3253 810 3307 in
824 3261 896 3308 terra
908 3261 980 3307 sunt.
995 3254 1028 3307 Ει
1043 3253 1103 3309 idco

309 3344 353 3398 bic
364 3358 430 3416 ager
441 3342 515 3414 lignli
525 3351 576 3408 est,
586 3344 647 3413 quia
660 3343 708 3398 bei
720 3344 811 3397 omuia
822 3353 885 3399 sunt
895 3343 971 3412 cuius
983 3345 1010 3398 in
1022 3359 1104 3398 manu

1155 2152 1332 2232 gubernate?
1356 2159 1447 2216 Potuit
1476 2162 1549 2216 enim
1575 2161 1634 2217 tieri
1659 2171 1688 2217 ut
1713 2164 1807 2221 animo
1832 2165 1954 2222 blattbaei

1155 2254 1330 2324 Ei'augclium
1354 2253 1572 2318 conscribentis,
1595 2270 1646 2326 pro
1666 2255 1798 2310 Zacharia
1821 2255 1954 2315 ieremias

1155 2350 1311 2398 occurreret
1332 2351 1361 2397 ιιι
1376 2343 1434 2399 lieri
1450 2342 1529 2399 solet.
1542 2343 1620 2411 Quod
1633 2352 1725 2400 tamen
1737 2347 1797 2402 siae
1810 2348 1864 2402 ulla
1880 2349 1956 2405 dubi-

1156 2433 1258 2488 tatione
1272 2434 1446 2500 emendaret,
1464 2433 1559 2489 saltem
1577 2435 1611 2490 ab
1628 2435 1689 2491 aliis
1710 2436 1883 2506 admonitus,
1907 2442 1954 2512 qui

1155 2528 1214 2596 ipso
1229 2527 1316 2582 adhue
1330 2528 1456 2582 incarne
1474 2527 1583 2582 vivente
1605 2529 1658 2583 boo
1671 2528 1761 2600 legere
1783 2540 1952 2599 potueruut,

1156 2618 1210 2673 uisi
1228 2617 1361 2688 cogitaret
1381 2617 1562 2673 recordationi
1578 2633 1633 2673 suae
1643 2659 1651 2684 ,
1663 2633 1724 2689 quae
1738 2619 1841 2690 Spiritu
1856 2633 1953 2679 saincte

1156 2711 1320 2780 regebatur,
1340 2725 1393 2765 aon
1407 2706 1508 2765 frustra
1522 2710 1674 2765 occurrisse
1684 2710 1759 2766 aliud
1770 2728 1821 2783 pro
1835 2713 1889 2768 alio
1903 2731 1953 2771 aa·

1156 2816 1217 2861 tuen
1230 2801 1379 2871 prophetae,
1404 2800 1457 2855 nisi
1476 2800 1540 2871 quia
1558 2800 1688 2857 Dominus
1702 2802 1754 2858 hoc
1771 2804 1855 2859 scribi
1883 2821 1950 2861 eon-

1156 2891 1254 2949 stituit.
1271 2891 1326 2948 Cur
1347 2898 1438 2947 autem
1452 2891 1490 2946 ita
1505 2891 1678 2947 constituerit
1694 2891 1844 2962 Dorulaus,
1861 2896 1952 2965 prima

1156 2984 1201 3039 illa
1218 2999 1301 3041 causa
1313 2984 1457 3039 utilissima
1473 2984 1553 3039 debet
1575 2982 1704 3039 facillime
1720 2985 1851 3056 cogitari,
1869 2986 1954 3041 etiam

1156 3077 1196 3133 sie
1221 3092 1282 3134 case
1308 3078 1487 3143 insinuatum,
1517 3078 1554 3133 ita
1583 3091 1679 3134 omues
1698 3085 1807 3134 sanctos
1830 3079 1951 3150 propbe-

1157 3180 1199 3228 tas
1233 3188 1287 3228 uuo
1313 3172 1410 3242 spiritu
1440 3171 1569 3238 locutos,
1595 3165 1714 3227 mirabili
1735 3173 1807 3229 inter
1832 3189 1864 3229 se
1889 3190 1954 3229 coa-

1157 3264 1281 3321 scnsione
1293 3274 1429 3332 constare,
1447 3273 1477 3320 ut
1494 3267 1547 3321 hoe
1567 3265 1652 3322 inulto
1669 3266 1787 3339 amplius
1799 3267 1850 3334 sic,
1870 3283 1953 3337 quam

1157 3354 1179 3408 si
1200 3354 1321 3409 omnium
1341 3355 1433 3409 omnia
1452 3353 1646 3425 prophetamm
1670 3371 1726 3412 uno
1744 3356 1825 3412 unius
1844 3372 1893 3412 ore
1913 3359 1955 3414 di-

309 3437 520 3490 siriusuivuu
532 3443 659 3506 aauaaa
673 3436 832 3491 renimuu.
845 3437 874 3491 ¹¹¹
886 3437 1105 3508 haaiaitaraera
1119 3445 1142 3508 c
1158 3457 1295 3505 ceremur.
1320 3449 1354 3504 u
1376 3450 1437 3505 roeo
1457 3449 1646 3504 inanimum
1664 3449 1750 3520 accipi
1766 3451 1867 3506 acuere
1882 3467 1954 3522 qne

311 3524 419 3580 Christo
439 3527 601 3580 corrunortui
616 3536 643 3581 et
658 3527 771 3596 sepulti,
785 3527 866 3597 hujus
879 3529 1105 3601 peregrinationis

312 3626 409 3672 nostrae
422 3624 552 3671 aeternam
570 3619 692 3687 requiem
707 3619 862 3673 sortiemur.

1155 3555 1262 3610 cunque
1273 3554 1323 3610 per
1338 3554 1386 3595 eos
1400 3538 1519 3610 Spiritus
1543 3547 1654 3596 sanctus
1670 3540 1750 3608 dixit,
1768 3541 1876 3613 singula
1891 3556 1954 3599 csse

1155 3633 1292 3698 omniurn,
1306 3639 1333 3688 ct
1350 3632 1440 3687 ornnia
1459 3632 1639 3704 singulorum.
1656 3632 1723 3691 Cum
1740 3634 1825 3706 igitur
1838 3645 1866 3690 et
1892 3652 1954 3708 quae

344 3693 458 3776 Propter
471 3707 520 3760 boc
532 3717 639 3761 uocetur
657 3718 695 3762 est
710 3725 772 3778 oqcr
788 3708 832 3763 itte
851 3707 1038 3773 llaceldemnb,
1056 3710 1104 3764 boc
1155 3721 1227 3776 dicia
1241 3731 1305 3776 suni
1319 3737 1368 3791 per
1380 3719 1547 3787 tenemium,
1571 3729 1627 3777 tam
1644 3721 1700 3778 sint
1714 3722 1854 3778 zachariae
1869 3740 1953 3794 quain

308 3807 345 3851 ert
359 3815 421 3867 uper
434 3799 570 3867 sanguinis
588 3816 669 3868 usquc
683 3800 710 3853 r’n
723 3800 878 3870 hodiernum
896 3802 975 3855 diem.
990 3801 1029 3856 titi
1045 3803 1106 3872 qui·
1155 3808 1293 3877 terente,
1306 3820 1333 3867 et
1344 3827 1404 3882 quae
1417 3811 1488 3867 dicta
1505 3820 1568 3868 sunt
1579 3829 1628 3884 per
1639 3813 1810 3881 Zachariam,
1828 3824 1885 3871 tam
1899 3817 1954 3872 sint

308 3890 370 3946 dem
386 3889 509 3944 lecerunt
529 3891 581 3944 alia
598 3891 736 3946 voluntate
749 3932 756 3957 ,
770 3902 800 3947 ut
815 3901 946 3948 aeternum
960 3895 1105 3964 impietatis
1155 3900 1280 3958 Ieremia
1292 3918 1375 3972 quarn
1390 3903 1540 3971 Zachariae,
1560 3905 1626 3976 quid
1648 3921 1716 3976 opus
1729 3916 1788 3962 erat
1806 3918 1837 3963 ut
1859 3924 1954 3965 emea-

309 3995 365 4035 suae
389 3980 577 4051 relinquerent
593 3997 626 4037 ex
652 3982 709 4053 agri
728 3984 867 4052 emptione
885 3994 1102 4041 monumentum.
1155 3993 1234 4047 daret
1247 3992 1389 4050 blatthams
1402 4034 1409 4060 ,
1422 4010 1485 4051 curu
1498 3995 1632 4068 aliudpr'o
1643 3997 1698 4053 alio
1717 3998 1769 4054 sibi
1787 4014 1890 4055 nomen
1903 4016 1952 4057 oc·

308 4071 442 4126 Ceterum
466 4073 575 4142 nosqii
589 4073 725 4144 peregrini
747 4089 856 4130 eramus
877 4089 893 4128 a
918 4075 976 4145 lege
996 4084 1022 4131 et
1043 4092 1106 4147 pro-
1155 4100 1269 4141 currens
1294 4101 1309 4140 a
1334 4100 1362 4141 εε
1388 4086 1520 4157 scriptam
1548 4087 1708 4160 relegisset,
1733 4099 1761 4146 et
1785 4107 1840 4159 aqu
1860 4094 1954 4163 potius

308 4163 411 4233 puetis,
436 4178 522 4233 pratu
543 4178 638 4218 eoruui
662 4164 750 4219 studia
766 4165 936 4234 suscepimus
948 4167 976 4219 in
989 4166 1105 4222 salutem
1156 4190 1272 4245 sequens
1287 4178 1477 4234 auctoritatem
1493 4178 1612 4251 Spiritus
1625 4184 1818 4254 saneti‚aqu0
1831 4196 1953 4242 mentem

308 4261 336 4307 et
346 4254 373 4307 in
383 4254 469 4322 pretio
481 4254 620 4323 sauguinis
631 4253 689 4321 cius
701 4254 906 4323 requiescimus.
915 4254 1000 4324 Figuli
1014 4264 1104 4311 autem
1155 4283 1233 4322 suam
1253 4269 1310 4340 regi
1332 4268 1393 4341 plus
1415 4270 1494 4325 nobis
1516 4271 1561 4326 ille
1579 4273 1674 4343 utique
1691 4276 1834 4342 sentiebat,
1849 4277 1889 4331 ita
1902 4279 1953 4334 hoc

308 4357 373 4412 agat
392 4342 556 4411 appellatur,
574 4343 637 4412 (1⁰5³
653 4342 752 4413 fidulus
766 4351 861 4398 ⁰⁰⁵1&
875 4343 1061 4409 estctnisrus,
1075 4356 1106 4402 ¹¹1
1154 4357 1286 4428 seriptum
1310 4359 1484 4428 relinqueret,
1506 4360 1578 4415 sicut
1591 4362 1672 4417 etiam
1689 4365 1859 4422 admonendo
1884 4382 1951 4422 con-

308 4447 390 4500 ⁸1¹l’ra
403 4433 580 4487 ⁰⁵¹ss¹¹1fl¹¹¹¹¹⁵·
1155 4452 1282 4506 stitucrat
1295 4452 1320 4506 ei
1333 4453 1515 4519 Dominus,ad
1527 4453 1711 4513 informandos
1721 4474 1771 4514 nos
1780 4467 1885 4514 tautam
1896 4477 1953 4516 rer·

346 4520 418 4575 TW
440 4522 576 4592 ''mllfssfflm
598 4532 635 4576 ⁶⁸²
647 4522 717 4594 4⁸⁰4
731 4524 830 4577 dmum
850 4533 888 4579 0⁸⁸
904 4541 951 4595 W
961 4524 1104 4579 'mistam
1155 4544 1252 4599 borum
1266 4558 1377 4598 suorum
1391 4544 1462 4599 inter
1473 4547 1620 4616 prophetas
1634 4562 1695 4604 esse
1709 4552 1885 4606 concordiam
1899 4594 1906 4618 ,
1923 4561 1952 4607 ot

307 4614 479 4683 villellam,
495 4615 623 4669 ‘fictilem
638 4629 647 4666 ·'
663 4615 697 4668 Et
717 4627 871 4686 “scelerum
885 4618 994 4688 ‘⁷¹⁸9an
1012 4636 1104 4689 “ideb-
1156 4650 1210 4689 nou
1226 4633 1363 4699 absurde,
1381 4637 1435 4691 imo
1456 4640 1700 4708 congruentissime
1720 4642 1802 4697 etiam
1826 4643 1951 4710 ιειειιιιε

308 4714 380 4768 100⁸,
395 4705 507 4774 pretium
522 4706 673 4775 “pdrsslfalb
689 4722 765 4776 ‘luem
783 4709 1025 4777 “dl'l‘sslfssvffl'vm
1039 4710 1104 4780 Μὴ
1155 4726 1347 4795 deputaremus
1361 4727 1433 4798 quod
1452 4744 1501 4798 per
1517 4731 1678 4786 Zachariam
1691 4733 1794 4789 dietum
1815 4738 1951 4806 reperire·

308 4796 405 4860 lsrael,
415 4796 575 4850 el'dedefum
585 4810 629 4851 0⁰²
641 4799 668 4851 ¹7³
678 4815 772 4868 “dium
785 4799 871 4870 figuti,
886 4802 954 4855 δῖίϋῐ
966 4805 1100 4859 viluimus!
1114 4794 1142 4855 D
1155 4815 1236 4869 nius?
1248 4814 1277 4869 Si
1290 4817 1363 4871 enim
1385 4817 1464 4872 hodic
1476 4819 1621 4888 quisquam
1636 4821 1729 4877 rolens
1742 4822 1857 4894 alicujus
1869 4826 1950 4880 rerba

308 4886 373 4938 milii
387 4886 525 4940 Dominae.
540 4888 597 4943 lloc
614 4889 799 4944 testimonium
815 4890 842 4944 in
859 4889 976 4947 Ieremia
989 4910 1043 4950 non
1059 4897 1100 4951 iu·
1154 4905 1267 4972 dictare,
1282 4907 1382 4961 indicna
1397 4923 1494 4963 nomen
1515 4909 1629 4966 ulterius
1645 4926 1728 4983 aquo
1738 4912 1812 4969 dicia
1826 4916 1892 4979 siin,
1905 4917 1950 4986 qui

308 4976 433 5040 venitur,
451 4977 478 5030 iu
497 4979 629 5033 Zacharia
647 4994 723 5044 rara,
740 4980 786 5049 qui
807 4995 876 5051 pene
900 4983 1011 5039 ultimus
1034 4986 1100 5042 duo-
1154 4997 1438 5055 urdenanieissimus
1456 5007 1484 5055 ei
1496 4999 1681 5058 familiaritate
1708 5003 1949 5073 coniunctissimus

309 5072 395 5127 decim
414 5072 606 5140 prophetarum
630 5083 688 5138 est,
704 5074 828 5143 quadam
845 5075 993 5133 similitudo
1012 5077 1099 5136 lerlur

309 5162 403 5236 (chb.
416 5162 465 5233 xi).
477 5163 510 5217 Et
521 5180 675 5234 quanquam
688 5180 785 5221 sensus
800 5182 855 5221 nou
873 5168 984 5223 multum
997 5170 1099 5228 discre-

308 5263 363 5324 pet,
384 5263 474 5310 tamcn
489 5263 516 5310 ct
531 5256 598 5310 ordo
611 5265 638 5310 et
651 5257 732 5312 rerba
746 5258 851 5313 diversa
870 5268 940 5314 sunt.
957 5261 1047 5335 (dap.)
1069 5266 1099 5320 Si

308 5345 370 5416 quis
382 5354 472 5401 autem
486 5355 621 5412 moretur,
634 5348 706 5418 quod
725 5349 777 5404 hoc
794 5352 977 5406 testimonium
994 5371 1046 5410 iton
1059 5356 1101 5409 in·

309 5436 415 5491 vertitur
430 5438 458 5492 ia
471 5438 604 5508 scriptura
618 5436 742 5493 laremiae
751 5441 899 5510 prophete,
911 5452 940 5498 ct
950 5446 1010 5500 ideo
1024 5456 1101 5517 putat

308 5528 372 5585 lidei
385 5530 558 5602 evangeliste
579 5532 681 5601 aliquid
699 5532 894 5604 derogandum,
918 5538 1006 5607 primo
1019 5555 1102 5595 nove·

309 5622 345 5675 rit
358 5636 412 5675 non
427 5637 522 5679 onines
543 5624 651 5680 codices
680 5623 886 5695 Evangeliomm
909 5627 1011 5683 babere
1028 5631 1099 5700 quod

307 5731 357 5786 per
370 5713 513 5771 Jerem'ram
528 5719 628 5772 dictum
646 5718 692 5784 sit,
708 5719 754 5773 scd
773 5721 960 5776 tantummodo
978 5738 1025 5792 per
1039 5739 1100 5792 pro·

308 5807 422 5876 phetam.
437 5807 582 5863 l’ossenius
595 5824 660 5880 ergo
673 5810 763 5864 dicere
785 5810 828 5865 his
849 5811 938 5881 potius
960 5814 1099 5871 codicibus

1153 5087 1190 5142 itti
1205 5088 1283 5158 cujus
1298 5089 1380 5144 rerba
1397 5089 1488 5146 dicere
1501 5090 1601 5159 voluit;
1614 5101 1641 5147 ct
1651 5094 1779 5149 coutinuo
1790 5097 1950 5152 recordatus

1154 5179 1236 5232 alium
1248 5194 1297 5249 pro
1310 5179 1364 5235 alio
1378 5195 1408 5236 se
1421 5181 1538 5248 dixisse,
1552 5183 1590 5237 ita
1607 5200 1636 5240 se
1654 5184 1764 5257 colligat
1777 5195 1805 5242 et
1816 5190 1948 5260 corrigat,

1155 5280 1184 5325 ut
1197 5281 1286 5327 tamen
1299 5273 1390 5328 dicat:
1408 5275 1478 5330 Beue
1494 5276 1569 5343 dini;
1585 5278 1650 5347 quid
1667 5278 1741 5335 aliud
1759 5281 1879 5349 intuens,
1897 5283 1948 5338 nisi

1154 5373 1256 5420 tantam
1276 5366 1349 5422 iuter
1373 5369 1468 5425 ambos
1483 5384 1543 5425 esse
1558 5371 1752 5438 concordiam,
1776 5373 1848 5428 inter
1873 5375 1948 5429 illuni

1153 5454 1256 5510 seilicet
1271 5453 1349 5523 cujus
1362 5458 1443 5513 rerba
1460 5459 1549 5514 dicere
1567 5460 1661 5525 roluit,
1686 5470 1714 5516 ει
1733 5462 1815 5517 alium
1833 5465 1949 5533 cujusei

1153 5561 1250 5599 uoiueu
1267 5561 1317 5615 pro
1333 5545 1404 5600 illius
1427 5547 1536 5604 nominc
1552 5551 1689 5615 occurrit,
1711 5561 1741 5605 ut
1767 5553 1820 5606 tale
1842 5554 1950 5610 sithoc

1153 5638 1235 5691 istum
1258 5637 1359 5692 dixisse
1373 5677 1381 5702 ,
1404 5638 1483 5707 quale
1501 5640 1523 5694 si
1539 5639 1584 5696 ille
1597 5640 1731 5696 dixisset?
1747 5653 1850 5712 quanto
1863 5645 1951 5715 inagis

1153 5726 1204 5780 hoc
1221 5728 1254 5782 dc
1273 5728 1413 5798 prophetis
1436 5731 1750 5803 sanctisintelligendum
1774 5743 1802 5789 et
1828 5738 1950 5794 maritus

1152 5819 1396 5874 coriirneudandum
1423 5819 1497 5886 luit,
1520 5830 1551 5876 ut
1579 5825 1700 5879 omnium
1717 5824 1801 5880 libros
1817 5834 1949 5898 tanquam

308 5910 368 5950 esse
389 5897 564 5964 credendum,
582 5899 627 5968 qui
651 5896 775 5953 denentiae
790 5914 887 5955 nomeu
913 5918 966 5957 non
988 5902 1096 5959 habent.
1152 5905 1230 5960 nitius
1244 5923 1326 5962 unum
1339 5907 1437 5963 librum
1451 5911 1647 5981 aeeIpercmus,
1665 5914 1691 5968 iu
1704 5930 1758 5984 quo
1769 5916 1841 5971 trulla
1856 5933 1948 5974 rerum

311 5985 414 6043 biciuru
425 5998 466 6045 est
478 5990 550 6046 enim
567 5992 616 6046 boc
630 6006 679 6060 per
690 5992 858 6063 prophetam,
871 5993 917 6048 sed
927 5993 1095 6053 Zachariam.
1152 5997 1333 6071 discrepantia
1354 6002 1529 6075 crederetur,
1547 6003 1617 6060 sicut
1631 6006 1704 6062 aruba
1721 6008 1904 6075 inveniretur,
1919 6019 1948 6068 et
