4509 6850
318 685 388 744 tuti
659 684 689 738 B.
710 682 837 738 naunut
857 679 967 739 ttnuul
985 676 1147 735 tuentur.
1167 675 1484 742 uotiuui.·0ruumt
1500 682 1591 740 PARS
1607 681 1629 738 l.
1883 683 1955 768 ibid

316 803 491 873 corporaliter
503 804 639 870 persequi,
654 805 700 851 aut
709 798 807 853 dautes
818 795 978 867 spiritaliter
991 805 1099 847 necare.
1115 789 1141 849 Α
1154 790 1250 845 urbem
1265 806 1390 862 egressus
1405 794 1657 858 contradicentium,
1678 792 1726 850 itit
1738 795 1765 850 iu
1778 795 1955 859 ltctttmtiam,

316 892 455 962 Templum
472 903 579 959 quoque
593 898 620 942 et
633 888 729 942 domus
744 886 790 942 liei
805 893 848 941 cst
864 886 921 954 ipsa
936 897 1011 938 mens
1024 893 1104 953 atque
1156 881 1228 950 quod
1250 882 1443 953 interpretatur
1454 885 1548 940 comto
1567 886 1720 941 obedientie
1733 927 1741 951 ,
1753 883 1814 955 jam
1825 894 1892 942 tune
1909 903 1958 942 ro-

314 982 480 1039 conscieutia
493 979 628 1044 fidelium,
645 994 705 1049 quat
718 987 746 1034 et
762 976 905 1046 siquando
924 976 952 1031 in
966 974 1103 1030 lesionem
1156 974 1289 1029 cntionem
1305 977 1423 1047 gentium
1437 977 1628 1048 praefigurans,
1645 978 1737 1047 ibique
1754 979 1876 1044 mansit,
1891 978 1958 1049 quia

314 1073 429 1145 proximi
458 1086 601 1144 perversas
626 1069 805 1141 cogitationes
829 1066 949 1138 profert,
972 1065 1049 1136 quasi
1075 1064 1103 1120 in
1156 1067 1182 1119 iu
1196 1064 1278 1122 lsrael
1291 1081 1451 1136 permanere
1465 1084 1519 1124 nou
1538 1070 1635 1140 potuit.
1656 1068 1713 1125 lloc
1726 1084 1838 1140 quoque
1854 1070 1957 1126 intelli-

314 1166 441 1237 speluuea
454 1164 573 1218 latrones
586 1162 723 1225 resident,
738 1169 766 1215 et
777 1158 938 1230 simpliciter
949 1155 1104 1228 gradientes
1155 1157 1271 1227 gendum
1288 1166 1341 1224 est,
1361 1159 1433 1229 quod
1455 1168 1537 1215 tantm
1557 1160 1639 1216 luerit
1659 1162 1842 1233 paupertatis,
1866 1170 1897 1217 et
1921 1162 1959 1219 ita

313 1254 489 1318 interficiunt,
517 1253 624 1322 quaudo
647 1252 674 1306 iu
692 1250 772 1315 illos,
792 1249 838 1318 qui
856 1248 883 1303 in
899 1247 971 1302 nullo
985 1246 1024 1301 rei
1041 1253 1104 1301 sttnt
1156 1247 1221 1301 uuili
1237 1248 1273 1303 sit
1289 1248 1425 1315 adulatus,
1439 1259 1470 1304 ut
1485 1251 1512 1305 in
1532 1251 1598 1307 urbe
1618 1253 1736 1306 maxima
1747 1250 1855 1307 nullum
1867 1253 1960 1323 hospi-

313 1348 443 1414 laesionis,
463 1346 567 1419 gladios
585 1343 713 1415 defigunt.
736 1341 811 1397 llens
829 1341 901 1394 euim
916 1338 1035 1394 lidclium
1049 1351 1103 1391 nort
1156 1347 1222 1404 tem,
1243 1340 1401 1411 nullamque
1423 1341 1559 1396 invenerit
1577 1343 1758 1409 mansionem,
1778 1344 1826 1400 sed
1845 1344 1876 1398 in
1894 1360 1959 1416 agro

309 1437 366 1508 jam
396 1438 493 1493 domus
513 1435 654 1500 orationis,
683 1433 731 1489 sed
754 1432 881 1501 spelunca
906 1427 1021 1483 latronis
1048 1434 1103 1490 est,
1155 1428 1268 1497 partulo
1288 1433 1358 1500 apud
1374 1432 1508 1486 Lazarum
1533 1448 1694 1504 sororesque
1718 1432 1779 1502 ejus
1806 1436 1958 1493 habitaret.

313 1529 424 1599 quando
438 1528 532 1584 relicta
551 1526 705 1582 innocentia
720 1532 748 1580 et
764 1523 939 1595 simplicitate
952 1519 1104 1576 sanctitatis
1155 1519 1255 1575 Eomm
1270 1522 1369 1592 quippe
1379 1522 1455 1578 vicus
1467 1522 1599 1579 Bethania
1613 1531 1667 1579 est.

312 1620 377 1678 iilud
390 1627 505 1677 conatur
518 1633 608 1691 agere,
623 1617 694 1673 unde
709 1614 930 1685 valcatproaimo
944 1626 1053 1667 nnecre.
1191 1610 1271 1667 Mauo
1284 1622 1372 1667 ratem
1388 1623 1517 1668 reuertens
1538 1613 1566 1667 iu
1587 1616 1717 1670 cit-itatem
1736 1616 1831 1671 esuriit
1844 1634 1855 1681 ,·
1876 1626 1901 1672 et
1920 1618 1959 1671 ri·

347 1710 382 1765 Et
398 1718 563 1765 arcesserunt
576 1709 614 1762 cd·
627 1724 686 1762 eam
701 1706 764 1760 cuci
775 1714 798 1759 et
813 1703 903 1758 ricardi
915 1704 943 1757 t'u
957 1701 1062 1771 ternplo,
1079 1709 1103 1755 et
1154 1701 1218 1756 deus
1230 1700 1275 1770 tici
1289 1702 1409 1757 cruorem
1421 1719 1503 1757 anam
1519 1720 1593 1759 secas
1608 1705 1689 1770 uiam,
1700 1706 1771 1760 veuit
1789 1705 1824 1759 ad
1847 1723 1917 1770 eant,
1933 1717 1957 1761 et

311 1802 413 1857 sonarit
435 1817 489 1855 ecs.
511 1798 602 1871 (Aug.)
621 1797 735 1853 Virtutis
757 1811 812 1851 succ
826 1793 974 1865 potentiam
990 1792 1018 1846 iu
1037 1800 1103 1846 tem·
1155 1793 1220 1847 altit
1235 1793 1415 1861 iuaettita'rteu
1429 1794 1479 1849 nisi
1491 1794 1556 1865 folio
1571 1805 1684 1862 tauttuu,
1701 1805 1725 1850 et
1738 1797 1777 1849 cit
1789 1795 1830 1850 itti
1849 1814 1856 1849 :
1876 1796 1954 1852 Natt-

310 1893 357 1964 plo
378 1891 497 1948 ostendit
516 1889 780 1952 calumniatoribus,
805 1894 835 1940 nt
858 1885 930 1956 quod
954 1883 992 1938 illi
1014 1881 1105 1939 verbis
1154 1900 1233 1954 qaam
1245 1885 1348 1955 fractus
1361 1902 1395 1940 ex
1407 1896 1432 1941 te
1447 1895 1572 1941 uctcotttr
1585 1887 1612 1941 itt
1623 1888 1825 1957 sempiternum.
1846 1888 1883 1942 Et
1896 1906 1955 1944 cre·

311 1986 465 2042 clamabant
478 2024 485 2048 ,
500 1985 551 2039 iste
564 1983 643 2038 laetis
659 1981 829 2046 ostenderet,
844 1979 922 2049 quasi
939 1977 1016 2033 testis
1030 1976 1105 2031 vocis
1156 1973 1227 2043 sueta
1243 1983 1281 2029 cst
1295 1975 1419 2031 contiuuo
1429 1975 1552 2045 ficulneo.
1571 1977 1705 2034 Discussis
1717 1980 1808 2034 noctis
1821 1978 1954 2045 tenebris,

311 2074 428 2129 illumm.
452 2072 545 2145 (hta.)
566 2073 679 2128 Sanavit
697 2087 786 2127 caecos
808 2069 1012 2140 utaspicientes
1030 2066 1104 2121 vide-
1156 2067 1288 2123 matutina
1308 2067 1367 2124 luce
1392 2070 1537 2137 radiante,
1558 2073 1685 2129 ctriciua
1704 2075 1835 2141 meridie,
1857 2075 1886 2129 in
1901 2090 1951 2145 qua

311 2173 384 2230 rent,
397 2163 484 2234 stipsi
496 2203 503 2227 ,
519 2171 549 2218 ut
561 2163 676 2218 istorum
690 2160 852 2215 illuminatio
863 2157 1013 2229 corporalis
1024 2157 1101 2212 lieret
1115 2155 1139 2215 B
1153 2158 1283 2214 Dominus
1296 2160 1420 2230 passione
1434 2177 1482 2217 sua
1496 2161 1680 2221 illustraturus
1690 2175 1751 2221 erat
1765 2168 1876 2232 orbern,
1893 2182 1952 2223 cunt

312 2256 365 2312 illis
388 2254 518 2326 spiritalis
534 2253 645 2309 lucerua
669 2251 770 2307 cordis.
793 2249 906 2306 Curatit
927 2248 1049 2313 claudos,
1072 2256 1102 2302 ut
1154 2251 1181 2305 iu
1194 2251 1331 2307 civitatem
1349 2262 1531 2311 reverteretur
1543 2257 1653 2321 esuriit,
1674 2255 1716 2313 vel
1738 2258 1888 2313 veritatem
1906 2257 1954 2313 bu-

311 2348 495 2404 claudieantcs
514 2345 540 2400 in
555 2346 607 2400 lide
627 2352 768 2400 currerent
788 2342 983 2408 adcbristum,
997 2350 1028 2397 nt
1047 2357 1103 2397 me·

309 2437 394 2493 liores
406 2436 488 2508 pedes
507 2435 662 2505 acciperent
682 2434 720 2488 illi
735 2434 858 2489 videntes
869 2448 949 2504 quam
966 2433 1012 2488 isti
1032 2433 1103 2488 acci·

311 2528 426 2597 pientes.

353 2617 473 2675 Videttet
487 2629 575 2676 cutem
587 2620 716 2690 principes
729 2618 894 2674 sacerdotum
906 2626 931 2672 et
947 2618 1038 2673 scrihrc
1054 2618 1104 2672 mi·

311 2709 407 2765 ruhilia
425 2726 484 2780 quie
501 2710 578 2780 iecit,
599 2719 623 2765 et
640 2725 735 2781 paterer
748 2708 892 2764 clamantes
910 2710 937 2763 iu
955 2707 1066 2779 templo,
1079 2717 1104 2764 et

311 2801 450 2855 diceutes:
470 2800 599 2856 Heauttna
621 2800 678 2870 filio
700 2800 802 2865 Dauid,
828 2799 958 2870 t'udiquctt'
983 2809 1055 2865 aaut,
1079 2808 1105 2853 et

283 2902 286 2911 “
311 2890 494 2945 dimetari:
510 2891 594 2945 Audis
607 2890 670 2964 qaid
689 2891 734 2945 isti
755 2891 871 2945 dictent?
891 2889 1016 2960 Plerique
1031 2889 1104 2946 arbi·

224 3024 226 3027 <
312 2988 420 3036 trantor
429 2982 577 3037 maximum
586 2996 647 3037 esse
658 2982 796 3053 signorum
807 2981 879 3053 quod
889 2981 1009 3036 Lazarus
1019 2980 1105 3037 susci·

312 3081 386 3130 tatus
399 3083 456 3139 est,
479 3075 552 3144 quod
566 3088 654 3130 caecus
667 3089 701 3129 ex
712 3083 789 3129 utero
799 3074 889 3129 lumen
903 3073 1018 3144 acecpit,
1033 3073 1104 3143 quod

312 3166 347 3222 ad
359 3164 504 3224 Iordanem
523 3183 574 3224 vox
590 3166 681 3224 audita
700 3167 752 3233 sit,
768 3167 839 3238 quod
856 3166 1063 3238 transfiguratus
1077 3165 1104 3221 ‘m

312 3269 404 3315 moute
417 3260 528 3332 gloriam
541 3262 660 3318 ostendit
670 3260 872 3331 triutttphantis.
887 3259 951 3315 llihi
964 3260 1034 3315 inter
1043 3273 1103 3314 om·

312 3354 357 3409 uia
376 3356 452 3428 sigua
475 3371 535 3427 qum
559 3355 633 3421 iecit,
657 3357 709 3413 boc
734 3357 921 3412 videturesse
943 3353 1103 3420 mirabilius,

311 3449 384 3519 quod
397 3465 467 3504 uuus
478 3451 559 3506 homo
572 3461 600 3507 et
612 3450 657 3506 illo
671 3459 792 3520 tempore
803 3449 1023 3519 contemptibilis,
1035 3455 1063 3502 ct
1076 3447 1102 3501 in

1154 2356 1241 2398 mauce
1261 2344 1353 2399 carnis
1372 2346 1531 2412 osteudens,
1543 2347 1585 2403 vel
1600 2348 1739 2414 esuriens,
1759 2348 1880 2404 salutem
1894 2363 1952 2404 crc-

1155 2433 1294 2501 dentium,
1310 2444 1338 2490 et
1352 2444 1471 2491 estuans
1484 2435 1517 2491 ad
1530 2437 1717 2493 credulitatem
1733 2437 1858 2494 israelis.
1872 2436 1953 2494 Cont-

1093 2542 1096 2545 ·
1154 2538 1208 2593 que
1222 2524 1333 2581 vidisset
1348 2526 1473 2583 arborem
1487 2542 1586 2593 uuam,
1599 2543 1680 2598 quam
1698 2527 1882 2599 intelligimus
1893 2542 1953 2599 syn·

1155 2630 1284 2688 agogum,
1311 2626 1339 2673 ct
1359 2618 1568 2675 conciliabulum
1596 2618 1766 2686 lodaeomm,
1790 2635 1855 2690 quae
1879 2620 1953 2691 justa

1155 2708 1227 2762 viam
1238 2717 1306 2775 erat,
1318 2708 1381 2779 quia
1396 2724 1449 2765 nou
1460 2708 1607 2766 credebant
1617 2710 1644 2765 in
1656 2710 1742 2778 viam,
1757 2710 1837 2767 seuit
1848 2710 1884 2766 ad
1895 2725 1953 2765 satu

1155 2807 1272 2855 stantem
1296 2800 1421 2857 videlieet
1444 2809 1472 2857 ct
1490 2802 1668 2869 immobilem,
1682 2811 1710 2859 et
1731 2818 1786 2859 non
1806 2803 1953 2860 habentem

1156 2891 1293 2964 Evangelii
1310 2893 1405 2964 pedes,
1420 2893 1542 2965 nihilque
1563 2890 1668 2951 invenit
1690 2895 1719 2951 in
1735 2896 1791 2961 illa,
1816 2896 1874 2954 uisi
1894 2896 1954 2952 lolia

1159 2998 1274 3057 tautum,
1296 2990 1505 3061 promissionum
1529 2992 1682 3063 strepitum,
1702 2992 1870 3048 traditiones
1888 2991 1954 3048 Pha·

1156 3083 1283 3149 risaicas,
1309 3084 1485 3154 jactationem
1510 3084 1588 3155 legis,
1616 3092 1780 3140 ornamenta
1808 3085 1954 3140 verborum

1157 3174 1259 3243 absque
1271 3172 1333 3228 ullis
1348 3171 1482 3229 imctibus
1496 3172 1625 3229 veritatis.
1645 3173 1721 3230 Unde
1734 3182 1764 3230 et
1783 3173 1857 3229 alins
1876 3188 1953 3228 evan

1156 3263 1251 3336 gelista
1264 3263 1353 3319 dicit:
1371 3261 1497 3318 Nondum
1514 3264 1583 3318 enim
1599 3272 1655 3319 erat
1670 3273 1774 3336 tempus
1786 3264 1888 3337 (uara.
1904 3263 1951 3336 rt),

1156 3358 1214 3413 sive
1226 3358 1297 3429 quod
1311 3365 1418 3430 tempus
1431 3359 1549 3414 nondum
1560 3365 1673 3414 acuerat
1684 3357 1849 3414 salvationis
1862 3356 1950 3421 lsrael,

1157 3465 1189 3505 eo
1206 3449 1277 3521 quod
1295 3448 1410 3505 necdum
1423 3449 1537 3520 populus
1550 3450 1671 3521 gentium
1682 3449 1888 3515 subintrasset,
1899 3449 1951 3504 sire

313 3548 418 3598 laniunt
444 3539 516 3605 uilis,
545 3549 575 3596 ul
599 3549 692 3611 postca
720 3539 933 3611 crucifigeretur,
950 3537 1053 3593 Scribis
1075 3523 1139 3591 ctC
1155 3540 1227 3610 quod
1239 3539 1404 3611 praeterisset
1415 3548 1521 3613 tempus
1532 3541 1604 3608 fidei,
1620 3541 1684 3612 quia
1694 3540 1731 3596 ad
1746 3539 1825 3594 illum
1837 3541 1950 3610 primum

312 3632 566 3690 Pharismiseoutra
580 3650 610 3691 sc
624 3635 806 3699 sevientibus,
819 3642 847 3689 et
861 3633 1013 3689 videntibus
1028 3632 1103 3689 lucra
1155 3633 1283 3698 veniens,
1306 3641 1335 3688 et
1353 3642 1461 3703 spretus
1480 3632 1632 3688 transiisset
1651 3631 1685 3687 ad
1703 3631 1842 3687 nationes.
1860 3631 1894 3686 Et
1915 3630 1950 3686 ait

311 3740 362 3782 sua
382 3725 495 3791 destrui,
516 3727 636 3796 potuerit
653 3726 686 3780 ad
702 3726 782 3780 unius
797 3724 894 3796 ilagclli
914 3725 1027 3781 verbera
1044 3734 1104 3780 tan·
1156 3726 1194 3782 uu
1211 3743 1219 3780 ι
1237 3724 1380 3797 Nunquam
1395 3740 1428 3780 es
1443 3734 1467 3780 te
1487 3725 1589 3795 {ructus
1602 3733 1740 3790 ueremur,
1753 3723 1796 3778 vel
1810 3724 1840 3778 t'tt
1856 3723 1947 3793 sempi-

241 3832 243 3834 ·
313 3824 370 3872 tam
392 3814 490 3884 ejicere
510 3816 724 3878 nmltitudinem,
748 3829 909 3885 mensasque
935 3815 1104 3882 subvertere,
1155 3827 1269 3883 ternum,
1281 3818 1323 3874 vel
1335 3818 1363 3873 in
1374 3816 1511 3873 saeculum.
1525 3816 1676 3887 Utrumque
1686 3817 1834 3871 enimaio'o
1845 3814 1948 3870 uraca

312 3914 340 3962 et
352 3907 495 3962 cathedras
505 3906 685 3975 confringere,
702 3913 730 3961 et
743 3905 794 3960 alia
808 3904 898 3962 lacere
913 3921 973 3976 qnae
983 3905 1106 3963 indultus
1155 3924 1246 3965 sermo
1260 3909 1404 3981 siguificat.
1423 3910 1457 3965 Et
1474 3909 1592 3965 arelacta
1606 3919 1647 3965 est
1664 3907 1794 3973 ficulnea,
1811 3908 1877 3978 quia
1893 3920 1948 3962 esu·

313 4015 365 4054 uon
385 3998 495 4053 iecisset
509 3997 654 4054 exercitus.
670 3995 780 4067 igneum
796 3997 868 4051 etaim
884 3996 1012 4066 quiddam
1024 4006 1105 4067 atque
1155 4000 1243 4056 riente
1264 4000 1378 4057 Domino
1398 4001 1473 4058 eibos
1487 4015 1555 4071 quos
1570 4000 1614 4056 illc
1631 4000 1767 4071 cupiebat,
1785 4015 1843 4055 uon
1862 4001 1941 4056 habe

311 4091 446 4146 sidereum
468 4089 592 4146 radiabat
603 4104 636 4145 ex
651 4088 739 4145 oeulis
751 4089 826 4158 ejus,
842 4096 870 4144 et
883 4089 1033 4145 divinitatis
1046 4105 1105 4145 ma·
1155 4092 1210 4147 bat.
1236 4091 1281 4147 Sie
1301 4100 1392 4147 autem
1412 4099 1544 4146 aruerunt
1562 4089 1645 4156 lolia,
1665 4097 1696 4146 ut
1712 4097 1827 4147 truncus
1840 4091 1898 4161 ipse.
1910 4104 1947 4145 re

308 4179 393 4249 iestas
406 4180 513 4237 lucebat
524 4180 551 4235 in
563 4180 633 4236 lucie
645 4196 653 4246 ;
666 4194 782 4250 eumque
796 4195 904 4235 manum
917 4194 971 4235 nou
986 4180 1104 4235 audeant
1153 4190 1286 4247 maneret,
1304 4192 1333 4237 et
1349 4180 1442 4237 fractis
1453 4181 1535 4236 ramis
1545 4180 1622 4236 radix
1637 4180 1758 4248 viveret,
1775 4195 1839 4250 qum
1853 4181 1880 4236 in
1903 4193 1947 4234 nc-

311 4271 423 4340 iujieere
437 4272 604 4336 sacerdotes,
623 4278 728 4326 tantum
742 4285 824 4342 opera
837 4269 1057 4336 calumniantur;
1076 4278 1105 4326 et
1155 4276 1265 4332 vissimo
1280 4284 1411 4347 tempore,
1427 4278 1450 4335 si
1463 4278 1575 4334 eredere
1590 4275 1737 4341 voluerint,
1756 4276 1878 4349 virgulta
1890 4275 1945 4332 hlei

311 4362 495 4418 testimonium
517 4361 608 4432 populi
629 4369 657 4415 ot
679 4376 839 4431 uterorum.
859 4361 905 4432 aui
927 4359 1101 4416 cumanam:
1154 4370 1285 4441 aottotont
1300 4390 1306 4426 :
1320 4369 1708 4442 impleturqoequouuteitm:
1725 4370 1944 4439 hortatoriam.

310 4453 441 4510 Ilcscutta
463 4454 520 4523 tilio
533 4453 631 4519 Dauid,
654 4459 763 4509 vertunt
786 4452 812 4507 in
833 4452 1009 4517 calumniam,
1030 4453 1102 4523 quod
1191 4463 1227 4518 Et
1249 4463 1364 4518 viatores
1379 4460 1502 4533 discipuli
1522 4460 1612 4516 otiroti
1633 4470 1712 4526 aaut,
1727 4459 1944 4526 discursatore·

310 4543 436 4600 videlicet
446 4543 498 4600 hcc
509 4558 561 4600 nou
573 4544 689 4609 dicatur,
705 4543 755 4598 nisi
767 4542 816 4598 soli
830 4542 900 4598 Filio
915 4542 973 4598 liei.
988 4543 1103 4599 Videant
1154 4555 1232 4612 matta
1250 4555 1375 4610 continuo
1392 4553 1485 4608 araia?
1497 4553 1589 4625 (toa)
1607 4552 1770 4625 intelligitur
1788 4562 1881 4608 autem
1898 4566 1945 4607 aaa

308 4651 374 4708 ogo
395 4635 525 4706 episcopt,
550 4645 578 4690 et
599 4635 747 4705 quamtum
767 4633 855 4691 sancti
882 4633 1016 4699 nomines,
1040 4648 1101 4690 cum
1155 4657 1219 4702 tono
1241 4646 1362 4708 amiso,
1387 4644 1598 4711 convicerant,
1621 4643 1669 4700 set
1691 4645 1825 4701 mortono
1842 4644 1943 4716 qoam

310 4738 413 4800 quanio
426 4726 882 4798 pericllilltliciisillsibipatiuntur,
894 4725 1101 4791 siDomino,cui
1154 4735 1471 4806 malediciilcsi.th1ue
1489 4736 1562 4792 enim
1583 4744 1767 4802 arescentem,
1781 4735 1830 4792 sed
1844 4737 1945 4807 penitus

308 4834 373 4876 rere
383 4821 435 4876 hoc
445 4821 595 4886 dicebatur,
610 4820 674 4891 quia
683 4822 807 4876 ucedum
820 4828 880 4876 erat
890 4819 974 4877 solida
988 4821 1101 4877 creden·
1153 4827 1301 4884 arefactam
1325 4827 1459 4893 viderunt,
1482 4827 1642 4882 actiacam
1656 4827 1793 4882 continuo
1819 4828 1846 4882 io
1867 4825 1945 4882 verbo

308 4912 376 4967 utrm
389 4911 467 4977 ntes,
478 4913 653 4983 monimine
664 4912 871 4984 impingebatur.
1153 4922 1261 4979 nomint
1286 4919 1391 4975 aruisse
1425 4918 1625 4974 intellexeruut.
1653 4916 1735 4973 luxa
1758 4918 1879 4974 litteram
1902 4932 1944 4973 ao-

252 5045 256 5053 .
343 5002 422 5057 lesus
440 5002 610 5057 autemdicit
630 5004 667 5058 eis
684 5022 691 5056 ε
711 5002 815 5074 Utique.
833 5001 1099 5074 Nunqucmicpiett’s,
1154 5022 1208 5069 tam
1232 5013 1362 5069 Dominus
1386 5025 1515 5082 passurus
1538 5010 1565 5066 iu
1589 5009 1706 5080 populis,
1727 5016 1756 5065 et
1781 5009 1945 5079 bajulaturus

308 5096 414 5167 quidex
426 5094 823 5166 crtinicutiametlcrtcutittm
836 5095 967 5166 perfecisti
978 5097 1103 5154 laedent?
1153 5105 1310 5161 scandalum
1330 5103 1429 5169 crucis,
1453 5101 1546 5159 debuit
1568 5100 1763 5173 discipulorum
1788 5101 1895 5156 animos
1915 5099 1946 5154 sl·

308 5184 395 5258 (Ptol.
411 5183 482 5257 rut.)
497 5184 583 5253 Quam
596 5187 735 5243 moderate
751 5189 913 5243 seutentiam
926 5196 1057 5260 temperat
1072 5199 1101 5246 et
1152 5199 1200 5270 gni
1217 5198 1409 5269 anticipatione
1428 5197 1546 5268 signare.
1566 5195 1643 5252 Unde
1659 5204 1687 5251 et
1701 5194 1833 5266 discipuli
1851 5196 1942 5251 miran-

307 5279 525 5349 responsionem!
545 5278 585 5335 Ne
606 5279 633 5334 in
655 5287 799 5350 utromque
821 5295 937 5351 vergens
958 5281 1101 5337 calumniat
1153 5301 1208 5358 tar,
1233 5292 1355 5349 (tiaeatas
1376 5308 1384 5345 ι
1406 5289 1544 5357 Quomodo
1566 5288 1691 5344 continno
1717 5287 1792 5342 cruit
1818 5283 1944 5357 fimiter?

306 5384 361 5426 nou
376 5376 493 5439 pateret,
512 5367 577 5443 [Al.
595 5377 623 5424 et
635 5370 776 5439 responsio
791 5369 918 5441 utrinque
934 5386 1058 5442 vergens,
1073 5380 1101 5428 et

306 5462 449 5521 calumnie
467 5477 521 5520 nou
540 5461 647 5536 pateus]
667 5477 719 5518 non
736 5462 813 5530 dixit,
831 5464 903 5535 quod
924 5461 1026 5519 Seribae
1048 5478 1099 5520 au·

306 5555 366 5612 dire
379 5558 534 5629 cupiebant.
549 5558 622 5614 Beue
641 5555 744 5612 iaciunt
754 5559 842 5629 pttcri,
858 5566 886 5613 ut
897 5558 963 5613 mibi
979 5558 1100 5614 testimo·

306 5649 382 5705 nium
395 5651 572 5720 perhibeant;
588 5665 639 5706 nce
654 5663 782 5706 rursum:
801 5649 983 5721 Erautpucri,
995 5651 1099 5706 dehetis

305 5740 379 5796 atati
401 5741 541 5810 ignoscere
556 5756 564 5796 τ
579 5743 628 5798 sed
647 5741 751 5812 proiert
772 5741 924 5813 exemplum
949 5744 982 5798 de
1003 5750 1099 5798 octavo

305 5832 425 5904 psalmo,
444 5843 475 5890 ut
489 5843 597 5891 tacente
615 5835 730 5890 Domino
745 5835 927 5891 testimoninm
944 5833 1098 5907 Scriptura·

307 5939 367 5979 rum
377 5936 523 5995 puerorum
534 5927 606 5982 dicta
621 5926 751 5982 firmaret.

341 6012 408 6086 illl]
425 6015 469 6081 Et,
486 6017 582 6074 relictis
596 6017 733 6085 iniquitat
746 6018 818 6088 [orat
835 6029 910 6075 extro
929 6021 1059 6077 ciuitatem
1071 6024 1098 6078 itt

306 6100 479 6176 Bethruu'aut,
506 6109 590 6182 ilique
609 6110 714 6167 mansit.
740 6110 858 6183 Reliquit
882 6111 1046 6183 incredulos,
1072 6124 1097 6171 et

1154 5384 1246 5440 Potuit
1265 5397 1329 5454 ergo
1345 5381 1470 5437 Salvator
1480 5380 1576 5436 cadem
1596 5379 1699 5435 virtute
1719 5379 1807 5434 ctiam
1827 5379 1944 5434 iuimicus

1154 5477 1259 5533 siccare
1271 5489 1344 5539 suos,
1358 5472 1515 5529 misicorum
1526 5487 1576 5544 per
1588 5471 1750 5542 patientiam
1761 5476 1944 5543 exspectasset

1154 5568 1280 5625 salutem.

1190 5658 1356 5730 Respondent
1372 5667 1460 5714 uatem
1475 5655 1601 5713 desueuit
1614 5656 1652 5711 cis
1669 5671 1679 5710 .·
1694 5655 1779 5711 Autett
1789 5657 1851 5710 dico
1861 5655 1942 5710 coiit:

1155 5749 1184 5807 Si
1199 5751 1341 5806 deducatis
1355 5751 1450 5820 fidem,
1471 5759 1493 5804 et
1509 5764 1562 5803 ttort
1575 5747 1777 5813 ltuut'trtttcritia,
1793 5762 1847 5801 nott
1866 5745 1943 5801 ιοιιι

1153 5843 1185 5898 de
1205 5843 1319 5912 ficulnea
1339 5843 1454 5913 sumetis,
1475 5841 1521 5896 ted
1542 5850 1566 5895 et
1586 5841 1609 5894 si
1623 5840 1706 5894 monti
1723 5837 1789 5894 huic
1802 5836 1943 5894 dixeritis:

1092 5945 1095 5952 ⁴
1157 5931 1227 5989 lolle
1240 5975 1248 6000 ,
1261 5942 1285 5988 et
1295 5934 1370 6004 jacto
1382 5943 1407 5987 te
1419 5933 1448 5986 iu
1461 5946 1551 5996 more,
1566 5929 1621 6001 piet.
1638 5927 1733 5985 Solent
1746 5928 1865 6000 gentiles
1882 5967 1889 5993 ,
1902 5924 1943 5996 qui

1153 6034 1246 6082 contra
1257 6024 1408 6080 Ecclesiam
1422 6021 1566 6078 maledicta
1585 6021 1738 6092 scripsere,
1758 6019 1945 6091 improperare

1152 6117 1253 6175 nostris
1264 6115 1337 6188 quod
1351 6130 1405 6173 non
1418 6113 1563 6173 habuerint
1576 6112 1686 6185 plenam
1702 6108 1786 6168 uelem
1805 6109 1867 6178 bei,
1884 6109 1944 6181 quia
