4509 6850
275 705 321 762 ιιι
811 738 814 744 .
892 681 1069 753 couniens.
1089 693 1124 750 tn
1143 695 1305 754 ceassiu.
1859 696 1912 751 ιιι

276 816 359 873 nostri
383 815 499 885 vigeret,
521 813 583 868 dum
605 812 632 866 in
654 809 792 881 episcopio
816 817 917 864 nostrae
939 808 1067 879 parvitati
1081 806 1106 871 Α
1120 811 1176 865 cies
1189 818 1315 866 teruntur
1331 812 1473 876 mortario,
1489 819 1643 882 coquuntur
1662 811 1734 880 igne,
1755 812 1848 881 sieque
1870 826 1913 867 se·

275 907 419 965 commisso
433 920 482 962 uec
497 902 651 990 ipso'skNovi
666 903 826 972 veterisque
840 901 1008 957 Testamenti
1021 916 1066 956 ca·
1119 902 1242 957 micoetae
1253 901 1378 957 lamclico
1390 903 1472 987 aprio
1485 911 1654 973 apponantur
1670 920 1676 956 :
1692 916 1806 972 quaeque
1817 903 1912 957 imma-

276 1001 385 1057 nonicos
405 999 494 1069 reperi
514 998 608 1062 libros,
630 996 715 1051 multo
736 996 824 1049 minus
841 995 940 1048 borum
959 992 1067 1062 exposi-
1119 998 1181 1046 ture
1198 1000 1262 1047 sunt
1280 1002 1415 1048 consectae
1433 1008 1486 1046 non
1502 1001 1607 1062 gratum
1622 1008 1746 1064 saporem
1758 993 1910 1062 percipien-

276 1090 376 1155 tioues;
401 1105 453 1145 nec
475 1089 559 1143 etiam
584 1087 637 1142 boc
660 1095 778 1141 vestram
803 1084 974 1157 prudentiam
1002 1083 1068 1137 latet
1118 1082 1192 1137 tibus
1222 1092 1362 1153 praestant.
1390 1083 1563 1155 Quapropter
1583 1100 1686 1155 eaquae
1708 1100 1767 1139 mea
1790 1085 1912 1153 parcitas

277 1180 343 1248 quod
356 1179 443 1235 multo
458 1178 568 1234 suavius
580 1178 615 1232 ab
629 1177 765 1232 esuriente
786 1176 831 1230 bie
849 1175 967 1230 sumitur
988 1173 1066 1229 cibus
1118 1183 1217 1231 vestrae
1237 1176 1353 1248 injungit
1372 1177 1546 1243 lra'tcmitati,
1561 1179 1607 1249 qui
1622 1178 1748 1235 dduciam
1759 1181 1792 1233 de
1807 1190 1851 1235 tua
1866 1180 1909 1234 di-

278 1271 315 1338 qni
328 1285 392 1325 cum
408 1266 556 1339 fragrantia
568 1266 750 1337 pretiosorum
767 1265 974 1335 pigmentorum,
997 1271 1066 1315 tem·
1117 1264 1234 1322 lectione
1257 1269 1382 1324 simulet
1405 1271 1558 1326 obedientia
1580 1270 1676 1337 babeo,
1698 1281 1727 1326 ut
1747 1274 1823 1328 ocius
1843 1274 1910 1327 tanti

279 1365 521 1429 l0r0.01)t)0¹'l⁰⁰⁰›
540 1356 574 1410 ab
594 1355 686 1425 allll¹¹⁰
707 1353 956 1409 rationabiliterest
970 1350 1064 1405 θθΰᾶἰ·
1106 1358 1208 1428 ¹operis
1228 1360 1347 1413 studium
1366 1360 1507 1426 adhibeas,
1525 1361 1685 1418 fiducialiter
1700 1364 1812 1433 impero.
1827 1364 1909 1428 Beue,

281 1455 323 1513 tus,
338 1462 422 1518 quam
437 1446 483 1501 ille
497 1447 543 1517 qui
554 1446 633 1501 inerti
644 1445 782 1514 colligitur
795 1445 887 1499 labore
898 1462 904 1497 :
917 1452 944 1499 et
955 1442 1064 1512 quaudo
1119 1448 1214 1514 irater,
1229 1451 1329 1517 valeas,
1342 1452 1482 1520 nostrique
1497 1454 1605 1509 assidue
1624 1469 1728 1509 memor
1743 1454 1800 1509 das.

277 1531 323 1600 iem
337 1542 406 1597 hora
421 1541 546 1597 vescendi
569 1548 621 1605 est,
643 1546 700 1594 turn
723 1540 840 1610 primum
864 1538 977 1593 diverse
1003 1549 1064 1605 spe-

974 1672 1215 1688 ———-

855 1752 1038 1817 ansanus
1064 1750 1314 1839 rnucutrtm.
1359 1808 1364 1816 .

301 2029 542 2088 tterereumsstme
562 2018 647 2099 aldae
663 2027 836 2084 sanctissimo
856 2026 930 2083 Patri
944 2027 1062 2083 Fauent-
1075 2030 1099 2090 B
1113 2036 1188 2084 trum
1203 2028 1348 2083 traditione
1360 2027 1483 2094 baberet,
1496 2036 1524 2083 et
1537 2042 1597 2098 quae
1609 2039 1642 2081 ex
1656 2024 1790 2097 parvitate
1804 2036 1908 2091 nostra,

240 2141 331 2188 erro,
346 2122 396 2180 bet
406 2120 478 2179 dono
491 2122 630 2193 episcopo,
642 2120 768 2177 litamus
779 2128 905 2191 peccator
917 2120 943 2175 in
955 2119 1063 2176 cbristo
1114 2119 1180 2175 lieet
1200 2135 1325 2176 sermone
1348 2120 1461 2185 rustico,
1480 2127 1581 2185 tamen,
1605 2128 1634 2173 ut
1657 2120 1748 2184 credo,
1768 2134 1847 2175 sensu
1861 2137 1907 2176 ca-

234 2216 395 2275 salutem.
852 2201 855 2205 ’
878 2198 881 2206 ’
1113 2211 1216 2265 tbolico
1228 2211 1350 2281 exposita
1365 2209 1507 2265 inveniret.
1523 2208 1610 2274 Unde,
1625 2208 1709 2264 irater
1725 2210 1909 2276 sanctissime,

294 2304 463 2375 linguonum
482 2303 603 2359 riromm
626 2315 758 2358 conamen
782 2301 931 2371 antiquitus
951 2297 1012 2364 luit,
1031 2305 1062 2353 ut
1113 2303 1214 2359 obnixe
1231 2303 1361 2372 deprecor
1380 2311 1411 2356 ut
1432 2317 1500 2370 opus
1512 2301 1583 2371 qnod
1597 2300 1680 2355 nimia
1696 2300 1909 2371 postulationes

226 2396 384 2452 invitem
407 2393 567 2459 scribendo,
587 2407 634 2448 sua
649 2400 829 2462 provocarent
840 2391 929 2447 studia
945 2403 972 2444 ct
983 2405 1062 2445 exer·
1114 2410 1158 2450 me
1172 2393 1323 2458 extorsisti,
1337 2394 1381 2464 pia
1396 2394 1545 2448 intentione
1560 2391 1673 2461 relegas,
1688 2392 1831 2462 diligenter
1844 2408 1909 2448 exu-

221 2492 364 2544 oerent
377 2484 496 2556 ingenia.
510 2484 586 2551 Quod
608 2483 671 2541 licet
688 2497 781 2540 eorum
796 2481 919 2552 exemplo
934 2481 1063 2536 moderno
1114 2486 1221 2541 mines:
1237 2493 1265 2540 ct
1287 2484 1374 2540 sicubi
1393 2484 1563 2539 correctione
1581 2498 1648 2554 opus
1666 2484 1712 2549 sit,
1728 2481 1851 2539 lraterno
1865 2483 1907 2537 al-

219 2588 392 2647 temporo
408 2590 497 2648 agere
521 2576 685 2642 decreveris,
708 2583 797 2629 tamen
811 2573 952 2628 mirandus
968 2573 993 2625 in
1012 2572 1063 2626 buc
1113 2574 1185 2630 lectu
1202 2575 1252 2630 boe
1267 2573 1333 2629 mibi
1353 2574 1480 2629 intimare
1496 2589 1550 2628 uon
1564 2573 1665 2637 tardes,
1688 2581 1718 2628 ut
1740 2588 1772 2628 ea
1796 2590 1856 2644 qum
1879 2573 1906 2628 in

216 2682 275 2723 es
316 2668 607 2737 quodoouvcnicntem
621 2681 765 2736 personam
788 2665 822 2718 ad
842 2663 911 2720 istud
931 2665 1072 2719 conamen
1114 2667 1197 2722 variis
1215 2667 1439 2738 occupationibus
1458 2658 1584 2723 detentus
1597 2666 1710 2722 forsitan
1726 2667 1908 2735 incautepro·

218 2773 329 2813 ιιοιι
340 2757 495 2829 quesieris:
510 2772 571 2813 cum
588 2765 642 2810 taur
657 2757 736 2810 rilem
756 2763 838 2825 atque
862 2753 1007 2808 iubabilctn
1028 2752 1063 2806 ad
1113 2758 1173 2823 tuli,
1186 2768 1231 2813 tua
1244 2756 1428 2812 admonitione
1440 2764 1601 2824 conventus,
1616 2756 1753 2827 corrigere
1766 2746 1906 2812 studeant:

218 2846 329 2905 hoe
348 2846 464 2904 odicium
490 2847 627 2903 bominem
655 2845 779 2917 elegeris,
802 2845 851 2931 cui¹
868 2859 918 2899 nec
942 2842 1063 2898 scientiae
1113 2855 1143 2901 ut
1157 2848 1244 2917 etqui
1260 2848 1391 2914 seminat,
1407 2847 1487 2903 sinrul
1502 2849 1627 2920 gaudeat,
1646 2848 1734 2917 etqui
1748 2848 1835 2913 irretit,
1851 2846 1908 2902 im·
1945 2837 1949 2845 '

220 2936 1063 3010 opeqneeeloquentiaelaeultaseirestribuuntzmarime
1112 2943 1240 3007 ctumque
1267 2937 1371 3007 pariter
1405 2934 1569 3011 congregem
1597 2939 1802 3009 sempiternum.
1835 2938 1907 3009 Lego

223 3031 493 3087 cuntiudeserto
515 3028 598 3085 rurali
620 3044 702 3099 opere
726 3028 813 3100 magis
836 3027 977 3083 institutus
998 3026 1060 3090 sim,
1112 3039 1178 3095 ergo
1190 3033 1313 3082 veterum
1326 3026 1419 3093 libros,
1436 3036 1464 3084 et
1477 3027 1545 3100 legis
1557 3029 1606 3085 bei
1621 3029 1742 3085 intentus
1761 3028 1906 3083 meditator
1953 3013 1955 3017 ¹

225 3114 375 3175 victum
388 3120 506 3192 propriis
522 3120 648 3176 manibus
662 3134 794 3190 quaerore,
809 3133 891 3190 quam
906 3118 1009 3175 urbana
1021 3116 1061 3171 la·
1113 3115 1210 3182 existe,
1224 3116 1404 3188 doctorisque,
1417 3117 1547 3173 sicuttibi
1564 3117 1712 3187 injunctum
1721 3126 1772 3184 est,
1784 3117 1907 3173 ministe-

228 3207 464 3267 enodatiores
477 3209 604 3267 condere.
632 3209 772 3279 lnjunxisti
794 3210 867 3267 enim
891 3208 958 3263 mibi
981 3223 1061 3278 nego
1113 3207 1184 3262 rium
1202 3214 1313 3264 strenue
1328 3223 1437 3280 perage.
1450 3208 1484 3264 Et
1494 3209 1613 3279 primum
1630 3225 1662 3265 ex
1675 3209 1744 3265 libro
1758 3208 1905 3271 Geneseos,

230 3287 344 3354 tium
356 3300 424 3355 ultra
437 3301 565 3356 virtutem
576 3315 664 3355 meam
677 3318 684 3354 :
701 3308 727 3355 ut
740 3299 954 3354 Pentateuebum
965 3297 1060 3370 lloysi,
1114 3313 1163 3369 per
1174 3313 1265 3355 rerum
1278 3300 1451 3356 invisibilium
1466 3302 1630 3356 creationem
1642 3300 1816 3355 invisibilium
1824 3300 1907 3355 medi-

233 3387 398 3451 betleem
424 3403 581 3463 sanctorum
605 3392 716 3450 Petrum
745 3406 938 3465 usquequaque
965 3390 1061 3457 dictis,
1075 3382 1099 3447 C
1114 3390 1412 3461 terisetteerum,·aede
1423 3393 1548 3450 machina
1559 3390 1708 3462 corporalis
1719 3390 1811 3446 mundi
1823 3388 1906 3461 spiri-

236 3476 354 3542 simet
375 3502 485 3544 sensum
506 3486 601 3543 litterae
621 3502 653 3542 ac
676 3485 824 3556 spiritualis
836 3483 1019 3555 intelligentiae
1034 3482 1062 3537 in
1115 3483 1214 3540 tualem
1234 3485 1347 3554 exquire
1371 3483 1592 3556 intelligentium
1619 3482 1712 3553 sieque
1737 3481 1834 3537 deinde
1858 3494 1907 3549 pcr

238 3575 409 3634 volumine
429 3579 641 3650 digereremeet
658 3593 692 3634 ea
717 3593 777 3648 quae
799 3578 833 3633 ab
857 3576 916 3631 aliis
939 3574 1062 3644 exposita
1113 3573 1226 3629 Patmm
1255 3576 1411 3632 historicam
1442 3578 1646 3648 generationem
1681 3581 1782 3629 sanetae
1809 3571 1904 3625 Eccle-

241 3669 331 3723 ιἱοιι
351 3669 499 3726 invenirem
523 3670 635 3740 pmprio
658 3667 749 3725 labore
767 3667 910 3723 enucleare
926 3681 1060 3723 curarem.
1114 3666 1162 3721 sie
1188 3666 1330 3737 mysticam
1349 3667 1439 3722 edisce
1459 3666 1672 3730 fecunditatem,
1698 3663 1847 3733 moralique
1865 3662 1905 3716 iu-

244 3746 374 3816 Verum
387 3763 586 3835 bacquantum
604 3776 691 3817 meam
708 3759 1064 3831 possibilitatemexcedaut
1095 3757 1223 3812 ·tellectu
1253 3755 1420 3812 sufficienter
1450 3756 1618 3823 instructus,
1661 3771 1710 3826 per
1738 3754 1905 3825 patriarcba·

247 3843 297 3896 ΙΙΙ
323 3851 414 3907 melius
426 3852 509 3917 nosti,
524 3867 585 3906 cum
600 3851 627 3906 in
640 3848 797 3906 difficillimo
814 3848 873 3905 loco
888 3862 1065 3912 conversans,
1115 3863 1174 3903 rum
1190 3847 1293 3903 deloco
1313 3847 1341 3902 iu
1357 3847 1445 3903 locum
1465 3847 1728 3918 transmigrationem
1746 3855 1866 3901 nostram
1879 3846 1906 3900 in

247 3940 502 4015 temporetam
525 3944 616 4015 gregis
636 3942 778 4007 Dominiei,
805 3956 840 3996 ne
862 3941 887 3996 ei
910 3939 1064 3996 necessaria
1115 3939 1168 3993 boe
1177 3939 1277 3994 mundo
1288 3939 1430 3995 considera
1441 3938 1905 4010 peregrinationem:quibusnam-

248 4024 363 4090 desint
375 4044 478 4091 tautum
492 4047 638 4104 occupatus
661 4034 723 4099 sim,
749 4042 779 4087 ut
798 4046 849 4087 uec
866 4031 981 4086 aliorum
992 4031 1064 4087 dicta
1115 4031 1186 4087 ditas
1200 4045 1253 4087 noo
1265 4031 1292 4086 in
1303 4031 1443 4101 praesenti,
1454 4031 1540 4086 sedin
1551 4030 1641 4085 lutura
1658 4030 1713 4083 vita
1727 4029 1904 4099 promittitur,

249 4125 423 4196 perlegere,
439 4139 489 4181 neo
503 4125 613 4196 propria
634 4123 790 4195 excogitare
811 4122 899 4177 brcat.
925 4120 979 4178 Sed
1001 4122 1063 4191 quia
1115 4120 1179 4191 quia
1191 4120 1262 4175 lieur
1274 4120 1388 4176 Deorum
1400 4120 1528 4174 uidebitur
1541 4120 1568 4172 in
1582 4118 1658 4174 Sion.
1671 4118 1710 4172 lie
1724 4127 1823 4172 eutero
1840 4132 1904 4187 quu-

252 4211 332 4269 Μαι
342 4215 464 4271 ebaritati
478 4216 580 4286 aliquid
593 4216 727 4286 denegare
742 4229 795 4270 non
808 4216 904 4280 audeo,
918 4228 969 4268 nec
981 4214 1064 4268 etiam
1114 4227 1168 4282 que
1180 4213 1295 4269 obscero
1307 4222 1337 4267 ut
1349 4212 1523 4267 commissum
1535 4211 1583 4265 tibi
1596 4225 1664 4281 opus
1680 4225 1712 4265 ea
1727 4217 1817 4264 niente
1831 4207 1904 4262 acei-

254 4304 333 4360 luro
354 4308 486 4363 sanedtati
512 4307 670 4364 inobediens
689 4321 750 4362 esse
770 4307 861 4372 velim,
882 4306 985 4362 arctius
1001 4305 1064 4360 buie
1113 4309 1174 4380 pias
1188 4324 1241 4379 qua
1255 4308 1302 4363 tibi
1319 4308 1450 4363 directum
1470 4314 1524 4374 est,
1548 4314 1576 4362 et
1593 4314 1648 4360 tam
1665 4306 1808 4374 tuisquam
1821 4302 1903 4357 etiarn
1955 4355 1961 4367 ,

257 4400 407 4468 meepert
422 4384 585 4470 mancipari,
608 4407 638 4454 ut
654 4407 786 4468 quantum
806 4398 936 4461 valerem,
953 4405 1007 4452 tuae
1021 4411 1062 4453 sa·
1115 4410 1221 4455 tuorum
1241 4399 1403 4472 utilitatibus
1422 4399 1508 4470 ipsunt
1527 4396 1715 4453 accommodes
1731 4413 1738 4448 :
1755 4408 1805 4448 neo
1819 4393 1901 4448 ctiam

259 4479 428 4544 tisiaeerem
442 4488 586 4555 voluntati,
604 4505 656 4544 non
674 4489 746 4560 quod
761 4489 838 4554 mild,
855 4489 901 4543 scd
918 4488 990 4557 quod
1003 4486 1064 4542 aliis
1114 4493 1137 4548 si
1149 4491 1229 4546 alicui
1246 4491 1279 4546 de
1293 4489 1418 4545 affinibus
1434 4490 1488 4544 tuis
1504 4488 1567 4542 iilud
1581 4486 1724 4556 placuerit,
1737 4491 1865 4556 praestare
1879 4483 1904 4537 ci

262 4573 347 4633 ”¹³¹0
360 4579 402 4645 etr,
417 4580 605 4641 wirsiderans·
619 4579 682 4634 teet
695 4581 767 4634 enin
783 4580 853 4633 stem
866 4577 1019 4649 postulasti,
1036 4585 1064 4632 er
1114 4584 1241 4656 deneges,
1260 4593 1291 4640 ur
1307 4595 1359 4639 rua
1377 4582 1529 4637 dilectionis
1539 4579 1661 4643 auectus,
1678 4593 1710 4633 ee
1724 4576 1810 4633 nestri
1825 4575 1901 4630 tabe

267 4675 429 4725 millium
448 4670 559 4726 Pstlfflffl
582 4670 677 4737 libms,
701 4670 728 4726 5¹1
750 4670 847 4740 (luibus
864 4670 945 4725 lebat·
963 4668 1064 4738 aliquid
1115 4680 1154 4736 ris
1165 4679 1286 4746 effeetus,
1302 4669 1491 4750 plurimorum,
1508 4674 1555 4730 bei
1570 4674 1592 4729 si
1607 4672 1733 4727 voluntas
1745 4670 1791 4735 sit,
1806 4682 1904 4723 eonsu-

194 4770 196 4775 ’
272 4752 315 4808 ‘¹⁰
331 4760 460 4816 “illimis
481 4760 549 4830 1θὸῑὸ
568 4776 727 4832 e¹lileswffl
746 4775 817 4826 0⁸⁵⁹·
841 4767 972 4830 (duilium
987 4759 1063 4814 ¹1⁰⁰st
1076 4737 1102 4799 D
1115 4771 1153 4826 lut
1167 4769 1286 4835 utilitati,
1305 4779 1439 4839 quatenus
1452 4766 1539 4836 magis
1551 4781 1600 4836 pro
1615 4778 1734 4835 expenso
1749 4759 1850 4816 talento
1864 4757 1904 4812 lu-

277 4847 378 4921 l‘e'l‘tl
391 4873 398 4905 ²
412 4861 441 4908 0²
459 4853 564 4925 sindili
581 4856 729 4910 Secundum
750 4853 977 4924 ⁰llli⁰f¹¹¹¹¹ll³le¹1¹
997 4852 1061 4919 loci·
1115 4879 1164 4919 cro
1182 4861 1334 4917 mercedem
1355 4858 1528 4928 accipiamus,
1554 4870 1636 4927 quam
1659 4855 1768 4910 detento
1780 4860 1864 4922 atque
1876 4849 1904 4905 in

283 4947 363 5001 pmii
388 4944 452 5000 mibi
473 4946 540 5000 salis
565 4960 626 5001 2⁸⁵2
651 4946 809 5009 videbatur,
836 4945 950 5010 inserui»
967 4959 1062 5000 t³⁰r¹¹¹¹¹
1116 4965 1216 5011 terram
1227 4953 1343 5019 delosso,
1351 4953 1479 5007 damnum
1491 4965 1541 5021 pro
1552 4948 1684 5019 parcitate
1694 4952 1787 5004 nostra
1798 4932 1899 5002 sentia·

289 5029 428 5091 ¹¹⁰⁰¹¹¹¹ll¹¹⁸
458 5044 521 5092 ³⁰¹⁰
550 5037 576 5091 in
607 5036 705 5108 l>³tl¹¹a
733 5036 901 5106 emmelis·
934 5035 963 5090 Sl
996 5034 1062 5105 ‘lull
1115 5036 1903 5115 muslteatitudincmtuamomnitemporebeneraletttcm

293 5128 351 5173 Ἧι
362 5127 440 5194 gratia
460 5128 551 5185 diviua
577 5128 688 5199 indigno
712 5129 779 5184 mibi
797 5128 933 5185 elucidare
951 5128 1061 5199 dignata
1113 5139 1205 5194 divina
1235 5138 1321 5209 gracia
1343 5135 1494 5202 custodiar,
1518 5142 1611 5192 sancte
1633 5132 1724 5198 Pater,
1753 5143 1901 5187 memorem

298 5215 341 5271 “b
356 5211 379 5269 '1¹¹
397 5215 461 5275 locis
483 5220 646 5276 necessariis
659 5220 739 5275 simul
756 5237 817 5277 cum
831 5229 893 5275 nota
911 5219 1063 5291 agnominis
1114 5234 1210 5292 nostre,

301 5297 344 5353 Μ
362 5302 510 5384 interposui,
534 5321 668 5383 quatenus
689 5312 771 5369 sciret
793 5312 879 5369 lectur
893 5325 954 5381 quae
966 5326 999 5367 ex
1011 5310 1063 5366 Pa·
