4509 6850
307 616 355 674 an
418 566 423 576 ’
642 612 673 668 n.
694 610 819 665 itanum
839 609 950 665 naum
968 608 1126 665 nnctner.
1148 608 1300 665 nucum.
1321 608 1465 667 omnen
1483 610 1572 666 rans
1589 611 1609 667 r.
1882 619 1936 678 tta

308 743 361 785 tem
378 737 478 785 sauetae
504 724 681 782 fraternitatis
706 723 831 776 inierant.
863 721 917 777 ista
943 720 1093 776 differentia
1108 725 1132 782 Α
1147 719 1228 775 istum
1251 721 1335 776 solem
1358 723 1443 778 maris
1457 724 1588 792 accipere,
1603 741 1657 784 uno
1672 726 1759 781 solum
1784 730 1936 800 bominum,

308 833 479 894 peecatorum
493 819 588 875 ludam
609 818 771 881 tradentem,
795 815 905 869 aPetru
930 813 1093 884 distinguit:
1146 810 1297 866 sedetiam
1320 825 1448 880 preomm
1474 814 1612 883 corporeis
1634 816 1721 871 oculis
1748 819 1932 890 propalatum

268 968 271 973 ,
309 933 361 970 noa
379 913 442 984 qnia
452 910 552 982 petenti
576 924 629 962 trun
642 907 678 961 sit
697 907 900 976 ignoscendum,
913 920 946 958 ne
959 911 1052 957 cotttra
1064 901 1096 956 il·
1147 907 1174 953 et
1196 903 1274 954 istam
1300 901 1416 971 pluriam
1432 918 1485 972 qua
1501 902 1824 977 iructusgignunturqui
1848 911 1932 969 adre-

309 993 1097 1063 lanrsententiamliomiuiueniamusquapracipitsemper
1147 987 1291 1045 sectionem
1313 993 1436 1062 eorporis
1462 994 1518 1048 dati
1543 1003 1615 1050 sunt.
1632 997 1772 1064 Quantum
1792 1000 1868 1056 enim
1889 1005 1931 1058 bu-

310 1091 502 1164 ignoscendum
522 1104 583 1143 esse
599 1087 676 1141 fratri
696 1086 795 1157 petenti
811 1094 840 1138 ut
854 1084 905 1137 sibi
924 1083 1009 1137 irater
1022 1083 1096 1154 igno·
1144 1083 1189 1152 jus
1200 1085 1262 1138 uitae
1276 1084 1401 1139 solatium
1415 1086 1511 1141 alierat
1525 1086 1568 1142 lux
1583 1089 1634 1143 ista
1658 1090 1787 1156 risilrilis,
1801 1103 1833 1148 et
1849 1096 1929 1163 pluria

310 1194 384 1249 srat;
399 1182 445 1236 sed
461 1182 523 1250 quia
538 1180 609 1234 illius
626 1177 729 1247 peceati
747 1183 820 1229 tanta
846 1174 984 1239 labescst,
1002 1182 1031 1226 ut
1047 1172 1096 1227 de·
1147 1174 1385 1244 corporalisque
1409 1185 1463 1229 tam
1492 1176 1612 1247 ingratus
1628 1187 1670 1233 est
1693 1188 1723 1236 ut
1745 1195 1799 1235 non
1828 1186 1928 1239 sentia.

310 1273 437 1344 precandi
448 1271 628 1327 burnilitatem
640 1268 731 1322 subire
746 1283 797 1321 uon
808 1264 904 1336 possit,
917 1264 1023 1319 etianrsi
1034 1279 1098 1334 pee-
1147 1262 1222 1329 Quod
1237 1263 1361 1319 solatium
1377 1265 1498 1320 ridemus
1507 1275 1535 1320 et
1543 1266 1624 1336 justia
1633 1267 1661 1321 iu
1676 1267 1729 1323 hac
1751 1268 1819 1335 vita,
1838 1278 1866 1325 et
1877 1288 1929 1341 pee-

311 1375 399 1417 eertum
410 1378 487 1417 suum
496 1360 565 1415 mala
578 1358 743 1415 conscientia
755 1370 902 1426 agnoscere
916 1363 944 1409 et
957 1352 1098 1408 enuntiare
1148 1355 1284 1411 catoribus
1294 1358 1474 1412 conmnmiter
1487 1358 1620 1413 exbiberi.
1631 1357 1691 1415 Non
1703 1369 1795 1418 autem
1806 1362 1847 1418 aii
1862 1382 1869 1416 :
1885 1363 1929 1430 pat

311 1464 433 1523 rogatur.
448 1453 514 1508 Cum
525 1451 596 1505 enim
609 1450 676 1505 ditit
690 1448 784 1514 ludas,
802 1447 921 1510 Perconi,
937 1447 1006 1517 qaod
1017 1445 1100 1499 tradi·
1147 1443 1211 1511 sarit
1235 1444 1315 1499 tolera
1334 1446 1397 1499 eriri
1411 1463 1489 1517 anper
1509 1447 1588 1502 ianas
1601 1458 1627 1504 et
1650 1449 1746 1516 maios,
1762 1452 1811 1507 sed
1825 1454 1927 1520 addidit,

311 1545 392 1597 derint
406 1543 559 1612 sanquinem
578 1540 680 1609 justiam
697 1537 804 1609 (rtatim.
828 1536 923 1607 axin),
940 1534 1044 1589 facilius
1059 1543 1099 1589 ta·
1148 1550 1235 1598 rauna,
1250 1533 1277 1590 'td
1300 1544 1352 1602 est,
1363 1550 1442 1605 quem
1462 1537 1520 1607 ipse
1536 1537 1599 1593 iecit
1621 1541 1868 1610 atquecoustitttii,
1882 1553 1927 1600 eta

311 1646 372 1683 nnn
385 1630 571 1700 desperatione
583 1628 704 1683 cucurrit
717 1626 750 1681 ad
766 1626 900 1695 laqueum,
917 1641 998 1699 aptam
1009 1625 1098 1680 lmrni·
1150 1620 1222 1676 nullo
1236 1622 1336 1692 aliquid
1347 1625 1462 1694 sumpsit
1472 1634 1501 1680 ut
1513 1624 1632 1694 iaceret;
1651 1628 1732 1684 sicuti
1757 1630 1785 1684 in
1796 1629 1892 1688 Genesi
1901 1634 1928 1689 de

311 1719 385 1774 pape
411 1721 515 1774 reniam
543 1720 703 1789 ,inprecatus
727 1725 778 1773 ast.
800 1717 969 1788 Quapropter
984 1716 1100 1770 multum
1150 1711 1275 1767 omnibus
1299 1712 1477 1769 luminaribus
1499 1716 1643 1783 scribitur;
1659 1718 1704 1788 qui
1719 1719 1831 1789 proprie
1853 1729 1930 1790 potet

311 1812 424 1864 interest
436 1809 507 1880 quali
522 1810 688 1880 paenitentiae
699 1809 821 1880 ignoscat
834 1807 915 1861 Deos.
930 1805 1005 1861 llulti
1027 1806 1099 1861 enim
1151 1800 1242 1857 dicere
1254 1817 1304 1858 sna
1314 1804 1473 1860 esseomuia
1484 1819 1544 1875 quae
1555 1806 1588 1862 de
1599 1806 1796 1864 nibilocrearit
1812 1826 1820 1862 z
1836 1818 1867 1865 ut
1878 1811 1930 1867 biae

311 1901 394 1953 ranlto
407 1900 488 1956 citius
500 1914 530 1955 se
548 1900 669 1955 luterrtur
684 1914 820 1969 peccasse,
837 1909 918 1968 atque
928 1899 963 1952 ita
975 1884 1025 1953 sibi
1036 1913 1099 1953 suc·
1152 1888 1357 1945 ³d¹¹¹⁰¹¹0s⁰¹¹¹¹¹r
1369 1900 1469 1961 ‘luania
1485 1893 1647 1951 libssfflfflioe
1661 1896 1781 1953 issiffllclti
1793 1900 1892 1958 ¹¹⁰⁸!ss
1903 1915 1929 1956 0¹

311 2000 421 2046 ‹atarsent
436 2001 465 2048 ut
478 1994 651 2048 vehententer
665 2009 695 2047 se
709 2008 835 2063 peccasse
854 1992 970 2059 nolleut;
994 1993 1041 2049 sed
1060 2002 1100 2047 ta·
1151 1987 1286 2049 limi)to
1300 1980 1358 2052 (²1⁰⁸
1378 1990 1508 2051 lmistam
1523 1985 1679 2054 debeam,
1690 2001 1752 2057 ⁴1¹¹ae
1764 2003 1820 2043 ⁰⁰¹¹
1836 1990 1929 2045 creati·

313 2097 372 2133 nnn
398 2082 516 2135 :numum
541 2083 575 2136 arl
593 2082 788 2138 humiliandum
811 2091 838 2137 et
860 2084 1099 2154 obtemperandum
1116 2081 1138 2140 B
1153 2085 1224 2134 musa
1240 2071 1286 2126 sed
1301 2073 1457 2130 ¹¹¹¹¹¹¹⁰fib¹¹⁵
1471 2074 1634 2147 sscoeiifflffi·
1816 2151 1821 2162 ,

314 2169 514 2243 iobtmendum]
529 2187 586 2237 cur,
602 2159 853 2242 implorandamque
867 2174 972 2227 reniam
984 2188 1036 2228 non
1051 2173 1100 2230 de·
1189 2162 1220 2217 Si
1238 2163 1307 2217 enim
1322 2163 1431 2235 difidit}
1444 2182 1487 2220 0⁰³
1504 2166 1549 2238 ‘illi
1564 2184 1606 2224 1¹⁰⁸
1622 2167 1746 2240 distem·
1770 2186 1853 2241 lim
1875 2187 1934 2223 Μ·

312 2269 423 2328 pouunt.
442 2261 529 2328 Quam
549 2263 647 2318 mentis
668 2261 836 2317 allectionem
864 2272 975 2334 propter
997 2263 1101 2333 peccati

312 2353 534 2420 rmgnitudinenr,
544 2354 600 2424 jam
613 2354 645 2410 de
657 2354 833 2410 damnatione
852 2355 914 2410 illos
928 2355 1028 2411 babere
1043 2370 1101 2411 cre·

312 2443 427 2497 dendum
439 2454 490 2500 est.
505 2446 538 2500 b't
555 2447 658 2501 lanceat
673 2445 787 2502 tortasse
801 2461 915 2515 peccare
927 2445 955 2500 in
970 2444 1101 2515 Spiritum

311 2541 446 2600 sarratam,
460 2533 539 2588 idest
551 2550 600 2605 per
617 2535 748 2593 malitiam
762 2542 789 2590 et
802 2534 942 2601 inuidiam,
954 2533 1101 2589 fraternam

311 2639 467 2693 oppugnare
480 2624 639 2680 charitatem
653 2634 714 2696 post
728 2632 866 2695 acceptam
887 2624 1002 2695 gratiam
1017 2622 1102 2694 Spiri-

312 2721 355 2768 tns·
371 2715 467 2769 sancti.
480 2716 556 2782 Quod
577 2725 717 2789 peecatum
741 2714 870 2770 Dominus
882 2730 969 2785 ireque
987 2714 1040 2779 lrfc,
1055 2728 1101 2769 no

312 2822 366 2874 que
386 2805 411 2858 in
427 2803 518 2859 tuturo
530 2806 628 2860 secolo
643 2806 741 2860 dinritti
772 2805 848 2861 dicit.
871 2803 937 2861 Siue
960 2804 1015 2859 ulla
1034 2818 1101 2876 ergo

312 2895 479 2953 dubitatione
501 2898 644 2969 diligamns
663 2898 786 2954 iuirnicas
807 2909 927 2964 nostros,
951 2897 1104 2954 benefacia-

313 3002 374 3041 mus
388 2988 430 3042 liis
448 2988 495 3059 qui
509 2989 624 3044 oderunt
638 3004 698 3053 nos,
711 2996 739 3044 ct
752 3003 861 3044 oremus
871 3003 921 3059 pro
932 2988 972 3045 eis
985 2988 1031 3058 qui
1043 3002 1102 3058 per·

312 3088 526 3148 setpmnturuos,
536 3090 565 3136 ut
580 3081 626 3135 ilat
637 3080 708 3152 qnod
719 3080 1101 3151 consequenterpnsitumest:

349 3170 383 3224 lt't
406 3172 463 3226 ritis
490 3173 541 3242 poi
567 3173 656 3229 Patria
671 3175 760 3240 nestri
784 3174 870 3245 quiin
891 3172 962 3229 catis
986 3183 1033 3241 eat,
1057 3174 1102 3247 qtti

312 3262 391 3316 rotem
421 3281 498 3319 sunm
522 3266 587 3320 ariri
610 3266 673 3337 picit
696 3283 774 3339 saper
802 3267 882 3323 iones
910 3276 934 3323 rt
962 3267 1057 3334 molon
1077 3276 1101 3322 et

312 3354 376 3426 pluit
399 3373 478 3428 snper
486 3358 573 3429 jactas
588 3370 610 3412 et
623 3359 746 3430 injuratos.
761 3358 853 3417 Prima
870 3376 935 3432 pars
947 3357 1027 3430 liuius
1039 3374 1101 3416 sen·

1152 2251 1240 2306 cedem
1259 2251 1395 2319 babebitis,
1424 2271 1508 2309 nenne
1519 2266 1543 2309 et
1557 2257 1690 2328 publicani
1708 2258 1758 2313 boc
1775 2257 1931 2329 {acietuillt

1151 2346 1174 2397 ai
1185 2344 1359 2402 salutaveritis
1372 2347 1467 2418 iratres
1486 2360 1582 2405 uestrae
1607 2360 1720 2419 tantam,
1741 2354 1808 2426 qaid
1832 2355 1933 2427 alapia

1152 2436 1253 2505 facitis,
1273 2454 1357 2492 nonne
1369 2448 1393 2493 et
1403 2439 1498 2494 clinici
1519 2441 1568 2494 troc
1587 2441 1708 2511 [amanti
1720 2441 1837 2517 (litua.)
1853 2445 1934 2503 Publi-

1152 2543 1234 2585 canos
1245 2529 1352 2601 quidem
1367 2528 1462 2597 tnaaet,
1485 2543 1625 2590 exactores
1640 2534 1778 2592 Romanos
1798 2538 1933 2604 vocabant,

1152 2618 1198 2687 qui
1213 2619 1256 2689 de,
1267 2621 1404 2691 republica
1425 2637 1518 2677 curam
1530 2624 1676 2702 habebant.
1690 2626 1827 2682 Dicuntur
1841 2628 1884 2684 bic
1891 2645 1935 2700 pa-

1152 2711 1262 2779 blicani,
1276 2714 1321 2783 qui
1336 2715 1442 2786 publiea
1461 2717 1602 2789 vectigalia
1615 2718 1737 2791 exigunt,
1751 2721 1800 2791 qui
1814 2719 1880 2794 [rel]
1892 2738 1934 2793 pu·

1152 2801 1223 2858 blica
1243 2803 1350 2875 negotia
1372 2804 1462 2861 saculi
1487 2805 1561 2863 lucra
1582 2803 1731 2864 sectantur.
1745 2809 1856 2868 Etbniei
1870 2813 1934 2869 enim

1152 2890 1255 2959 Graece,
1280 2893 1376 2950 Latine
1401 2904 1495 2967 gentes
1516 2898 1651 2955 dicuntur.
1675 2898 1744 2956 liam
1763 2900 1836 2966 tom
1850 2902 1937 2959 Grnre

1152 2997 1218 3054 geos
1229 2983 1336 3040 dicitur.
1350 2985 1438 3057 Atque
1451 2989 1511 3043 ideo
1519 2988 1634 3061 gentiles
1645 2992 1793 3074 nuncupati
1809 3002 1881 3058 sunt,
1893 2995 1934 3064 qai

1154 3075 1221 3133 tales
1234 3085 1297 3134 sunt
1310 3087 1339 3134 ut
1357 3079 1465 3138 inerant
1474 3082 1569 3155 geniti,
1583 3084 1633 3141 snb
1640 3093 1755 3156 peccata
1765 3086 1871 3143 scilieet
1883 3087 1935 3142 ita-

1152 3165 1185 3222 lis
1201 3168 1359 3226 servientes.
1371 3171 1444 3230 Talis
1453 3172 1563 3231 enimin
1581 3176 1633 3233 hae
1648 3176 1787 3249 Evangelii
1808 3178 1934 3234 sententia

1152 3269 1248 3313 sensus
1268 3268 1311 3315 est
1324 3279 1331 3316 z
1345 3260 1374 3317 Si
1395 3264 1477 3321 etiam
1499 3266 1634 3338 publicani
1651 3277 1680 3324 et
1693 3267 1797 3325 ethuici
1820 3284 1884 3341 erga
1897 3269 1934 3325 di·

1153 3347 1268 3411 lectorcs
1280 3359 1709 3418 sunsnaturadneenomntesse
1719 3362 1847 3430 benefici,
1859 3378 1934 3435 qino

314 3446 406 3499 tentiae
420 3462 454 3500 ex
470 3447 514 3500 illu
529 3449 619 3518 regola
634 3449 807 3520 intelligenda
822 3459 863 3505 est
875 3467 928 3522 qua
943 3461 971 3506 et
982 3436 1136 3508 Ιοιιιιιιιὲε(1
1153 3453 1210 3500 tum
1226 3462 1286 3514 tos,
1303 3447 1402 3520 inquil.
1420 3452 1518 3522 (lilibus
1529 3459 1559 3511 ul
1575 3456 1675 3528 andus
1685 3451 1865 3529 professionis
1884 3454 1934 3511 etti·

313 3535 377 3589 dicit
393 3556 399 3588 :
415 3535 491 3590 lledit
506 3537 558 3591 ittb
572 3548 723 3606 potestatem
736 3541 806 3608 filiae
822 3540 868 3595 oet
885 3541 943 3609 pieri
957 3540 1048 3614 (ioan.
1067 3543 1098 3614 t).

316 3626 391 3682 [nus
414 3628 486 3682 enim
506 3630 667 3684 naturaliter
690 3630 775 3686 lilius
799 3632 845 3687 oei
869 3640 921 3699 est,
943 3633 989 3703 (pti
1016 3630 1126 3689 nescit'

312 3719 424 3774 onminu
446 3735 558 3789 peecare
582 3739 589 3775 :
617 3737 666 3777 nos
679 3731 769 3777 autem
782 3730 915 3794 potestate
925 3733 1036 3796 accepta
1045 3712 1102 3780 etti-

313 3810 400 3864 eimur
410 3809 468 3876 salii,
486 3810 514 3864 iu
528 3820 656 3882 quantum
669 3827 701 3869 ea
712 3829 772 3885 quae
785 3814 820 3869 ab
834 3814 880 3868 illu
894 3814 1100 3887 praecipiuntur,

262 3910 271 3923 “
314 3907 464 3977 implemus.
480 3907 555 3964 Unde
574 3918 601 3963 et
614 3909 759 3985 apostoliea
776 3909 916 3980 disciplina
927 3910 1101 3981 adoptionem

313 3996 438 4068 appellat,
453 4016 506 4070 qua
528 4001 556 4059 in
580 4008 710 4056 aeternam
723 4001 908 4057 haereditatem
919 4016 1058 4067 vocamur,
1071 4010 1102 4059 ιιι

311 4089 466 4145 coheredes
486 4090 588 4149 Cbristi
610 4107 671 4148 esse
691 4095 834 4164 possimus.
855 4093 916 4148 Filii
929 4108 994 4164 ergo
1019 4092 1101 4150 effici-

311 4198 372 4238 mm
389 4185 593 4254 regeneratione
604 4187 730 4257 spiritali,
743 4194 771 4243 et
780 4187 973 4256 adoptamurin
989 4200 1101 4257 reguum

312 4273 371 4336 Dei.
388 4291 440 4331 nnn
459 4284 586 4346 tanquam
601 4277 691 4341 alieni,
706 4277 754 4333 scd
778 4286 906 4348 tanquam
919 4276 954 4332 ab
977 4275 1023 4332 illo
1036 4274 1102 4333 tacti

311 4376 338 4421 et
351 4369 447 4437 creati,
464 4368 544 4425 idest
567 4369 667 4424 conditi
681 4381 705 4436 ι,
725 4378 754 4424 ut
773 4386 855 4425 unum
870 4367 1031 4424 beneficium
1053 4368 1097 4432 sit,

311 4476 365 4529 qrto
389 4476 439 4516 nos
463 4458 529 4517 iecit
543 4476 603 4518 esse
627 4475 676 4531 per
699 4461 922 4532 omnipotentiam
937 4477 1024 4528 sumn,
1039 4476 1100 4516 curn

311 4562 373 4608 ante
394 4554 461 4608 nibil
472 4570 610 4620 essemus;
629 4555 754 4619 alterum,
769 4571 823 4625 qno
834 4555 981 4625 adoptavit,
995 4563 1024 4608 ut
1038 4570 1100 4610 eum

310 4649 343 4698 eo'
359 4653 485 4713 tanquam
514 4644 562 4700 tibi
587 4645 642 4700 rita
664 4653 764 4700 :eterna
786 4660 835 4716 pro
849 4654 939 4700 nostra
955 4644 1099 4715 participa-

311 4733 382 4787 tione
397 4733 558 4789 irueremur.
574 4734 667 4804 itaque
693 4750 747 4788 non
765 4735 804 4788 ait
820 4752 826 4786 z
844 4732 936 4789 Facite
951 4733 1013 4797 ista,
1035 4731 1099 4802 quia

1153 3535 1231 3601 miar,
1261 3536 1298 3594 ita
1312 3554 1378 3596 eura
1396 3558 1508 3603 neeesse
1527 3547 1621 3604 estoit
1644 3548 1934 3616 vimaranensem

1153 3625 1232 3707 tiaris
1253 3627 1314 3685 sinu
1337 3631 1489 3692 allectionis
1511 3637 1638 3709 amplecti
1663 3639 1768 3696 debetis
1789 3640 1872 3696 etiam
1886 3656 1933 3695 noa

1152 3723 1284 3772 arnautes.
1309 3717 1386 3777 Unde
1411 3724 1526 3795 quaesitu
1543 3728 1653 3800 dignum
1672 3729 1781 3787 videtur
1808 3733 1934 3803 qunnrodo

1152 3821 1214 3863 cnm
1237 3809 1368 3868 Dominus
1381 3805 1429 3870 eoi
1441 3817 1487 3887 qui
1500 3817 1643 3891 diligentes
1659 3835 1689 3877 se
1713 3822 1802 3878 solum
1817 3824 1934 3893 otgunt.

1152 3897 1383 3960 benefacientibus
1405 3906 1458 3963 sibi
1485 3908 1658 3967 benefaciunt
1682 3913 1792 3979 amieis,
1820 3914 1932 3969 terantur

1153 4003 1207 4045 non
1222 3992 1302 4047 modo
1312 3994 1459 4065 perfectam
1470 4015 1524 4056 nou
1538 4002 1638 4058 babere
1657 4004 1834 4071 charitatem,
1849 4023 1932 4063 rerum

1152 4083 1338 4150 peccatoribus
1363 4089 1522 4161 aequiparari
1542 4100 1656 4150 testetur
1680 4095 1725 4152 illc
1744 4100 1864 4171 pectoris
1889 4100 1932 4155 llo

1153 4172 1244 4227 nunlci
1273 4176 1417 4246 recubitor,
1442 4180 1588 4253 Epistolam
1601 4183 1635 4241 de
1649 4186 1696 4243 Dei
1717 4196 1746 4243 ct
1771 4190 1885 4260 proximi
1898 4190 1933 4243 di·

1153 4261 1267 4320 lectioue
1279 4280 1479 4339 consummans,
1502 4288 1536 4329 ne
1548 4275 1651 4346 uspiam
1665 4275 1931 4337 inimieosmonnerit

1151 4365 1212 4407 csse
1220 4353 1385 4441 diligendos,
1404 4361 1451 4416 sed
1466 4361 1588 4420 absolute
1601 4364 1700 4423 dixerit
1716 4388 1723 4422 z
1740 4367 1819 4438 Quod
1835 4372 1857 4426 ri
1878 4370 1929 4425 dili·

1151 4461 1243 4515 gamus
1266 4448 1385 4517 ionicam,
1396 4450 1467 4508 Dens
1479 4455 1508 4510 itt
1522 4455 1594 4510 troiia
1607 4467 1705 4526 ntanct,
1717 4469 1741 4515 el
1754 4460 1871 4517 charitat
1880 4461 1928 4532 ejtt

1151 4539 1178 4591 irr
1189 4539 1262 4594 troiia
1273 4541 1387 4613 perfecta
1400 4556 1438 4600 ert
1446 4544 1472 4617 (l
1478 4546 1555 4603 Joan.
1566 4547 1613 4618 tv).
1626 4548 1701 4616 Quod
1714 4551 1737 4607 si
1748 4567 1830 4623 qrtent
1839 4561 1925 4615 morib

1152 4629 1219 4683 sciat
1238 4646 1299 4686 eum
1317 4649 1369 4687 non
1386 4635 1418 4690 de
1440 4637 1610 4696 inimicorum
1626 4655 1720 4697 amore
1742 4643 1873 4708 docuisse,
1888 4642 1928 4698 sed

1152 4729 1178 4774 et
1193 4720 1253 4775 illos
1263 4719 1377 4779 fratrum
1392 4728 1498 4782 nomine
1509 4731 1756 4799 comprehendisse,
1774 4733 1928 4803 fraternique

310 4827 374 4879 aab
389 4826 451 4891 nm
467 4828 513 4881 sea
528 4826 608 4881 eota
623 4827 674 4881 tna
692 4836 719 4880 a
731 4827 787 4881 son
801 4826 860 4896 pttt.
875 4825 942 4881 euru
961 4832 1050 4880 aorem
1063 4823 1099 4879 aa
1111 4802 1138 4862 Ι)
1151 4813 1252 4866 annom
1279 4812 1376 4869 narro
1401 4817 1483 4888 diligt,
1497 4827 1524 4873 o
1549 4835 1597 4890 nro
1610 4820 1650 4876 ets
1671 4824 1837 4893 proconisso
1849 4838 1930 4885 outo

311 4917 362 4971 iroe
375 4933 425 4971 nos
438 4926 517 4971 rucat
536 4933 583 4987 pet·
598 4919 684 4987 ipsum
700 4918 882 4990 Unigenitum,
895 4918 928 4972 ad
942 4914 1098 4972 similitudi·

310 5020 372 5058 nrm
390 5020 467 5058 suam
490 5020 539 5061 nos
556 5016 643 5061 vocat.
655 5008 701 5062 llle
716 5009 797 5070 enim,
813 5007 884 5062 sicut
901 5014 1098 5077 consequenter

310 5095 385 5158 dicit,
402 5092 481 5147 soient
494 5111 570 5148 raum
584 5098 649 5150 oriri
663 5096 727 5165 [orit
738 5095 906 5166 superbonus
919 5104 943 5150 et
957 5096 1050 5161 attalae,
1072 5105 1097 5152 et

309 5185 374 5256 pluit
387 5202 464 5256 snper
474 5185 561 5256 justas
582 5197 605 5241 et
623 5186 744 5257 injurios.
762 5184 825 5240 Sirc
837 5186 917 5242 solent
936 5204 1024 5254 rtrum,
1042 5201 1096 5241 nno

310 5275 390 5329 istum
403 5275 508 5330 carneis
519 5276 604 5331 oculis
614 5274 746 5330 risibilem
757 5276 883 5344 accipias,
898 5276 945 5331 sed
959 5276 1032 5330 illam
1048 5290 1094 5331 sa-

308 5365 448 5437 pientiam,
474 5368 506 5422 de
532 5382 584 5437 qua
605 5366 704 5422 dieitur
731 5385 737 5420 ι
767 5365 922 5422 Cartdoreat
943 5367 1011 5421 eninr
1028 5365 1094 5422 iacis

309 5467 413 5512 atterttoe
442 5454 517 5526 (Sap.
550 5453 616 5527 vn);
642 5454 675 5511 de
700 5472 752 5526 qna
784 5457 848 5513 item
872 5457 989 5512 dieitur:
1013 5456 1094 5511 Orata

309 5557 346 5601 ert
380 5548 443 5600 milti
467 5547 578 5616 justitiae
603 5545 651 5600 soi.
682 5547 716 5602 Et
749 5547 845 5601 iterum
875 5566 881 5601 :
909 5545 987 5601 totos
1006 5556 1094 5601 atttent

307 5639 353 5710 qui
372 5639 467 5693 timetis
491 5653 584 5692 nornen
601 5636 716 5701 Darnini,
733 5637 879 5692 orietttrroi
887 5637 1000 5706 justitiae
1020 5632 1092 5706 (tta-

308 5731 378 5785 laelr.
397 5731 444 5803 rr).
469 5729 505 5786 Ut
519 5731 601 5785 etiam
622 5729 739 5800 pluviam
765 5729 882 5797 accipias
910 5727 1094 5799 irrigationem

308 5823 437 5879 doetrinae
451 5823 581 5888 veritatis,
597 5822 660 5892 quia
684 5829 711 5876 et
726 5819 806 5875 bonis
818 5829 846 5874 et
859 5817 937 5873 malis
958 5817 1092 5888 appamit,

1150 4900 1253 4956 seilicet
1271 4913 1364 4960 utnon
1379 4922 1486 4978 semper
1503 4909 1603 4965 inimici
1619 4922 1790 4980 remaneant,
1815 4915 1861 4971 sed
1873 4916 1928 4971 resi

1150 4993 1255 5061 piscant
1269 5009 1284 5048 a
1298 4995 1395 5052 diaboli
1410 5000 1522 5070 laqueis,
1538 5001 1670 5073 nobisque
1682 5018 1815 5074 germano
1838 5006 1929 5063 toene

1150 5085 1295 5142 socientur.
1315 5086 1369 5144 Noe
1389 5089 1485 5146 durum
1506 5093 1628 5148 rideatur
1644 5097 1715 5163 quod
1740 5099 1861 5154 nondum
1874 5112 1928 5155 erc·

1150 5177 1254 5238 dentes,
1274 5187 1383 5249 propter
1398 5195 1473 5251 spem
1486 5189 1576 5238 tamen
1591 5183 1718 5240 credendi
1734 5184 1837 5245 iratres
1849 5188 1930 5259 appel-

1149 5266 1301 5339 lari'posse
1328 5262 1452 5328 dicimus.
1480 5272 1546 5329 Nam
1570 5275 1641 5332 idem
1657 5274 1839 5338 loannesens
1856 5283 1931 5339 etlam

1148 5358 1215 5426 filios
1240 5359 1288 5414 oet
1307 5376 1403 5418 vocare
1416 5363 1514 5436 legitur
1529 5384 1536 5420 ε
1552 5365 1627 5434 Quod
1649 5365 1739 5437 Jecur,
1763 5371 1862 5444 inquit,
1879 5391 1932 5429 rao·

1148 5448 1247 5503 ritnrnr
1261 5461 1316 5504 erat
1331 5468 1378 5522 pro
1392 5466 1475 5523 pene,
1488 5464 1512 5508 et
1526 5473 1579 5512 aaa
1599 5466 1703 5513 tarttmtr
1724 5478 1774 5531 pro
1796 5473 1880 5534 gente,
1891 5464 1933 5519 rei

1147 5549 1175 5594 at
1186 5540 1255 5608 filias
1270 5541 1330 5608 Dei,
1343 5545 1387 5614 qtti
1400 5554 1473 5599 crant
1487 5546 1610 5617 dispersi,
1632 5563 1801 5623 congregaret
1815 5556 1842 5608 itt
1856 5573 1934 5611 anan

1147 5630 1238 5703 (ioan.
1251 5634 1299 5707 m).
1312 5635 1435 5703 Qumrdiu
1445 5639 1519 5694 enirn
1531 5640 1656 5711 dispersi,
1668 5645 1790 5701 nondum
1804 5648 1852 5705 srlii
1864 5660 1934 5715 sunta

1146 5726 1193 5780 sel
1206 5728 1390 5784 conveniendo
1403 5729 1430 5784 in
1445 5747 1527 5786 unum
1544 5731 1603 5802 jam
1618 5733 1772 5791 cfficiuntur
1787 5736 1847 5793 lilri.

1182 5817 1271 5873 aaron
1286 5834 1346 5889 ergo
1371 5822 1542 5892 perperfecti,
1557 5824 1624 5878 sicut
1637 5835 1662 5879 et
1680 5823 1763 5880 Pater
1781 5839 1868 5884 aester
1885 5844 1935 5883 ιω·

308 5923 336 5969 et
364 5915 440 5970 bouis
459 5923 484 5970 et
500 5915 577 5971 malis
597 5913 797 5984 evangelizatus
825 5920 866 5967 cst
884 5910 1014 5967 Christus.
1030 5910 1093 5966 Sive
1144 5907 1215 5963 terris
1229 5908 1358 5980 perfector
1379 5921 1426 5967 eet.
1448 5911 1513 5970 Sine
1525 5915 1576 5972 ista
1595 5915 1749 5984 dilectione,
1774 5929 1871 5991 quaet
1884 5920 1938 5978 iai·

343 6039 355 6066 ⁰
372 6025 406 6080 lt
419 6036 457 6083 eat
467 6028 577 6094 conditi,
593 6026 678 6093 glossa
691 6034 775 6082 certe.
