4509 6850
695 585 799 643 971

1343 584 1404 637 B.
1447 583 1701 638 mnam
1742 581 1961 639 mmm
1999 582 2317 639 anctum.
2360 583 2669 643 MOGUNT.
2711 585 2996 645 ort-:nunt
3033 585 3213 644 PARS
3251 587 3291 642 l.

3872 594 3984 651 9⁷2

696 711 827 752 vero
857 692 1068 749 volebat
1100 694 1359 748 Dominus
1403 706 1497 747 eos
1540 690 1821 760 praeterire
1874 701 2130 761 tanquam
2155 691 2283 746 alie-
2313 698 2358 757 Α
2385 712 2572 767 aquas,
2600 706 2657 751 at
2696 699 2888 753 veniret
2925 698 2996 753 ad
3015 697 3219 756 lesam.
3259 699 3361 768 Qui
3389 710 3583 773 putant
3607 703 3824 763 Domini
3850 722 3986 765 eor-

695 803 817 855 noS,
854 784 921 842 ad
951 800 1088 855 quos
1114 785 1182 841 de
1228 783 1469 855 periculo
1520 783 1788 854 naufragii
1841 784 2148 840 liberandos
2179 786 2275 839 ad-

689 886 939 943 venerat,
968 877 1069 934 nisi
1113 884 1174 932 ut
1210 878 1277 932 ad
1325 878 1512 930 boram
1552 876 1751 931 turbati
1782 884 1838 932 et
1875 884 2153 945 paventeS,
2184 877 2280 933 sed

691 972 952 1029 contiuuo
982 969 1191 1026 liberati
1214 969 1444 1039 amplius
1481 968 1774 1038 ereptionis
1820 984 1931 1024 sune
1959 969 2279 1025 miraculum

695 1071 996 1135 stuperent,
1021 1077 1085 1117 ac
1108 1059 1343 1131 majores
1367 1059 1604 1132 ereptori
1633 1075 1731 1115 suo
1757 1060 1958 1129 gratias
1982 1058 2282 1115 referrent?

694 1158 829 1225 Quia
859 1165 913 1212 et
954 1156 1009 1211 in
1045 1153 1460 1225 tempestatibus
1496 1154 1832 1224 passionum,
1873 1167 1993 1222 quae
2017 1166 2115 1222 pro
2144 1166 2279 1208 con-

694 1249 891 1306 stantia
920 1248 1045 1304 fidei
1076 1265 1106 1303 a
1142 1246 1362 1319 perfidis
1384 1247 1725 1318 ingeruntur,
1743 1244 1867 1299 talis
1893 1259 2278 1315 nonnunquam

693 1343 931 1413 provisio
955 1341 1216 1396 divinitus
1242 1338 1575 1404 ostenditur;
1634 1352 1774 1409 saepe
1817 1336 1962 1391 enim
1995 1336 2066 1390 ita
2096 1335 2281 1390 fideles

695 1436 746 1489 in
780 1432 1124 1488 tribulatione
1152 1430 1353 1500 positos
1380 1443 1612 1499 superna
1636 1428 1809 1498 pietas
1830 1423 2132 1482 deseruisse
2164 1426 2279 1481 visa

693 1535 798 1589 est,
828 1532 888 1578 ut
916 1522 1070 1594 quasi
1102 1520 1410 1576 laborantes
1438 1520 1492 1574 in
1515 1519 1652 1573 mari
1681 1517 1977 1587 discipulos
2001 1517 2282 1587 praeterire

693 1613 851 1669 iesus
863 1613 1101 1667 voluisse
1127 1618 1428 1681 putaretur.
1449 1608 1603 1665 Unde
1617 1615 1701 1663 est
1723 1606 1854 1663 illud
1867 1605 2123 1662 Ecclesiae
2146 1621 2281 1659 mar-

696 1705 817 1777 tyrii
860 1703 1156 1761 certamina
1212 1700 1571 1758 desudantis:
1621 1699 1800 1767 Quare
1839 1714 1921 1752 me
1965 1696 2155 1752 oblitus
2205 1713 2279 1761 es,

693 1811 858 1864 quare
877 1810 958 1849 me
982 1792 1262 1865 repulisti?
1290 1801 1339 1848 et
1359 1808 1521 1863 quare
1547 1791 1711 1846 tristis
1737 1790 1919 1845 incedo
1942 1788 2067 1843 dum
2102 1787 2281 1860 affliqit

697 1902 784 1941 mc
804 1885 1069 1950 inimicus,
1098 1884 1223 1938 dum
1246 1882 1652 1953 confringuntur
1678 1881 1854 1934 omnia
1881 1896 1999 1933 ossa
2016 1893 2149 1939 mea,
2173 1886 2279 1931 etc.

2379 802 2480 857 pus
2508 788 2628 843 ideo
2656 802 2761 843 non
2806 805 2928 846 esse
2954 806 3166 882 verum,
3195 792 3323 862 quia
3367 807 3532 863 super
3576 794 3768 853 molles
3809 812 3989 872 aquas

2379 878 2539 935 molle
2554 888 2837 937 etaereum
2859 881 3159 949 incesserit,
3182 885 3541 956 respondeant
3559 890 3835 959 quomodo
3864 907 3992 949 am-

2377 970 2648 1027 bulaverit
2687 971 2895 1039 Petrus,
2921 988 3083 1044 quem
3110 975 3299 1045 utique
3335 990 3525 1031 verum
3557 977 3844 1035 hominem
3875 997 3991 1039 non

2369 1061 2673 1130 negabunt.

2465 1150 2651 1207 Videns
2681 1169 2797 1207 vero
2837 1165 3044 1209 ventum
3072 1155 3306 1212 validum
3331 1157 3526 1212 timuit.
3557 1157 3628 1214 Et
3651 1177 3777 1216 cum
3803 1178 3986 1234 σῶμα·

2381 1251 2454 1295 set
2485 1243 2668 1315 mergi,
2690 1243 2934 1299 clamavit
2962 1245 3141 1302 dicent
3165 1262 3184 1301 .·
3212 1246 3469 1316 Domine,
3514 1251 3720 1305 salvum
3748 1269 3833 1307 me
3877 1254 3986 1325 [ac.

2382 1333 2618 1389 Ardebat
2643 1335 2808 1390 animi
2840 1335 2993 1401 fides,
3025 1338 3119 1391 sed
3169 1338 3404 1393 humana
3457 1338 3726 1410 fragilitas
3772 1342 3832 1398 in
3864 1358 3989 1413 pro-

2388 1420 2615 1478 fundum
2647 1427 2915 1482 trahebat.
2943 1426 3225 1483 Paululum
3269 1444 3399 1502 ergo
3435 1431 3763 1502 relinquitur
3806 1442 3989 1491 tenta-

2385 1513 2538 1580 tioni,
2567 1523 2627 1569 nt
2655 1527 2920 1588 augeatur
2946 1517 3098 1585 tides,
3126 1528 3179 1574 et
3211 1519 3475 1593 intelligat
3503 1537 3563 1578 se
3585 1538 3696 1579 non
3721 1522 3990 1583 facilitate

2383 1606 2776 1676 postulationis,
2805 1607 2900 1663 sed
2929 1609 3166 1679 potentia
3189 1610 3400 1665 Domini
3430 1622 3840 1669 conservatum.

2456 1696 2525 1750 Et
2570 1698 2822 1753 continuo
2871 1700 3150 1755 extendens
3201 1717 3415 1757 manum
3454 1703 3799 1773 apprehendit
3847 1722 3984 1760 eum.

2385 1788 2611 1861 (Mina.)
2646 1788 2758 1846 Nisi
2789 1805 2918 1861 crgo
2958 1791 3220 1847 Dominus
3250 1793 3584 1849 extendisset
3627 1810 3859 1850 manum
3896 1798 3987 1867 qui

2384 1880 2511 1936 alibi
2540 1890 2824 1951 negantem
2877 1882 3114 1953 respexit
3139 1882 3377 1950 Petrum,
3410 1884 3526 1955 ipse
3568 1884 3769 1943 Petrus
3816 1888 3991 1958 proti-

695 1974 870 2047 (Psal.
894 1975 1047 2047 xtn).
1067 1975 1173 2031 Sed
1196 1974 1378 2030 dicant
1407 1972 1610 2028 inimici
1634 1970 2025 2036 terrentes,ubi
2046 1977 2119 2023 est
2140 1967 2280 2021 Deus
2387 1985 2490 2025 nus
2517 1980 2856 2042 mergeretur
2903 1972 2957 2027 in
3007 1973 3357 2043 profundum,
3384 1989 3486 2031 nec
3509 1977 3681 2031 etiam
3733 1978 3989 2035 evaderet

693 2067 1094 2139 eoruquuasi
1121 2064 1463 2136 naufragium
1484 2063 1646 2119 fessis
1683 2064 1997 2117 minitantes
2023 2058 2284 2131 apostolis
2313 2049 2360 2110 B
2389 2059 2680 2116 infernum.
2733 2061 2995 2133 Respexit
3038 2063 3300 2121 Dominus
3325 2108 3341 2133 ,
3393 2075 3448 2122 et
3496 2068 3564 2123 ad
3602 2068 3988 2139 poenitentiam

697 2159 829 2213 dicit
860 2158 973 2227 ipse
1000 2156 1141 2212 Deus
1180 2170 1368 2211 eorum
1395 2172 1408 2209 :
1456 2152 1588 2208 Cum
1633 2154 1906 2207 transieris
1958 2168 2052 2223 per
2087 2167 2282 2221 aquas.
2389 2153 2686 2219 convertit;
2720 2168 2940 2210 manum
2967 2156 3230 2224 extendit,
3257 2166 3314 2212 et
3346 2155 3743 2227 indulgentiam
3775 2160 3986 2227 tribuit,

697 2258 867 2302 tecum
893 2264 1005 2313 ero,
1038 2255 1086 2301 et
1126 2246 1346 2317 flumina
1385 2260 1488 2299 non
1516 2245 1747 2314 aperient
1778 2253 1846 2298 te.
1881 2242 2012 2297 Cum
2043 2239 2288 2296 ambula·
2388 2254 2445 2301 et
2486 2246 2567 2301 sic
2609 2244 2839 2301 salutem
2891 2246 3190 2318 perfectam
3236 2247 3513 2319 discipulis
3559 2248 3793 2305 invenit.
3854 2250 3987 2318 Quia

697 2340 832 2393 veris
851 2340 906 2395 in
929 2339 1045 2410 iqne
1066 2354 1169 2391 non
1211 2336 1552 2401 combureris,
1571 2344 1620 2389 et
1644 2336 1859 2406 flamma
1883 2350 1985 2388 non
2008 2332 2209 2387 ardebit
2234 2333 2288 2387 in
2383 2336 2540 2408 juxta
2572 2335 2727 2392 Pauli
2754 2352 2941 2393 vocem
2968 2353 3072 2393 non
3101 2348 3176 2394 est
3228 2338 3466 2407 volentis,
3499 2355 3667 2412 neque
3694 2343 3990 2409 currentis,

635 2413 644 2422 “
696 2441 748 2485 te
781 2430 916 2499 (isa.
949 2428 1127 2501 mn).
1160 2427 1314 2495 Quod
1351 2434 1529 2481 antem
1560 2424 1808 2495 sequitur
1838 2441 1851 2477 ε

775 2547 842 2601 Et
892 2563 1002 2617 prae
1053 2545 1238 2600 timore
1287 2542 1662 2598 clamaverunt.
1704 2539 1974 2613 (Hieron.)
2019 2539 2290 2597 Confusus

665 2637 926 2705 .clantor,
957 2646 1013 2692 et
1038 2636 1246 2691 incerta
1270 2649 1370 2689 vox
1418 2632 1597 2704 magni
1631 2631 1841 2687 timoris
1885 2630 2142 2686 indicium
2181 2639 2284 2686 est.

699 2712 961 2801 (Manu.)
1010 2725 1116 2782 Sed
1160 2741 1347 2782 verum
1399 2731 1484 2778 est
1524 2721 1827 2778 Psalmistoe
1874 2722 2283 2778 testimonium:

697 2820 838 2888 Quia
863 2835 1021 2892 prope
1047 2828 1121 2873 est
1150 2818 1407 2872 Dominus
1454 2816 1757 2870 timentibus
1796 2831 1851 2869 se
1869 2855 1885 2880 ,
1935 2824 1984 2869 et
2009 2831 2111 2869 non
2141 2814 2291 2869 dere·

698 2909 889 2984 linquit
916 2926 1092 2966 omnes
1118 2909 1441 2981 quisperant
1464 2908 1519 2961 in
1546 2923 1604 2963 eo
1626 2903 1797 2980 (psat.
1823 2904 2022 2979 cxuv).
2055 2905 2211 2962 Unde
2234 2916 2291 2961 et

697 3001 946 3057 subditur
969 3015 984 3054 ε

768 3110 1060 3183 Statimque
1088 3111 1243 3167 Iesus
1271 3111 1476 3166 locutus
1521 3120 1596 3164 est
1636 3109 1709 3165 eis
1749 3109 1926 3164 dicens
1952 3124 1972 3161 .·
2000 3108 2199 3164 Habete
2227 3109 2290 3179 fi-

693 3205 928 3269 daciam,
959 3220 1055 3275 eqo
1088 3219 1231 3269 sum,
1274 3200 1432 3256 nolite
1462 3201 1662 3256 timere.
1696 3199 1966 3273 (Hieron.)
1997 3199 2151 3267 Quod
2175 3200 2288 3269 pri·

700 3312 851 3352 mum
888 3296 1208 3352 versabatur
1247 3296 1299 3348 in
1354 3308 1543 3361 causa,
1572 3294 1675 3349 boc
1703 3301 1858 3348 curat
1886 3300 1943 3348 et
1971 3292 2286 3348 timentibus

695 3387 976 3460 praecipit,
1009 3387 1197 3443 dicens
1230 3404 1243 3442 ;
1283 3383 1484 3441 Habete
1518 3384 1794 3455 fiduciam,
1817 3382 1977 3439 nolite
2002 3382 2201 3439 timere.
2218 3382 2288 3438 Et
2313 3404 2360 3467 C

691 3480 842 3550 -quod
871 3479 1145 3550 sequitur:
1179 3478 1291 3549 qu
1312 3494 1448 3542 sum,
1476 3490 1576 3531 nec
1602 3474 1879 3546 subjungit
1912 3473 2034 3545 quis
2062 3474 2169 3530 sit:
2196 3473 2284 3529 vel

695 3585 768 3624 ex
811 3583 944 3625 voce
980 3576 1106 3622 nota
1139 3574 1387 3638 poterant
1430 3580 1556 3621 eum
1591 3564 1914 3636 intelligere,
1940 3564 2034 3634 qui
2060 3578 2159 3636 per
2184 3563 2284 3620 ob-

695 3677 887 3718 scuras
914 3661 1087 3716 noctis
1114 3657 1366 3714 tenebras
1398 3657 1720 3728 loquebatur
1744 3697 1761 3723 ,
1809 3655 1894 3713 vel
1938 3657 2116 3727 ipsum
2162 3670 2284 3712 esse

699 3755 840 3810 scire
860 3761 1127 3825 poterant,
1152 3767 1315 3822 quem
1353 3751 1590 3806 locutum
1621 3751 1686 3806 ad
1710 3749 1950 3822 Moysem
1975 3758 2240 3805 noverant
2265 3767 2278 3804 :

698 3845 832 3902 11aec
882 3845 1020 3900 dices
1070 3845 1197 3916 filiis
1235 3842 1445 3900 Israel:
1475 3842 1579 3910 Qui
1620 3852 1697 3898 est
1734 3843 1875 3897 misit
1933 3857 2017 3896 me
2071 3841 2140 3894 ad
2194 3856 2283 3896 aas

697 3937 900 4010 (Exod.
932 3937 1036 4010 ιιι).

766 4051 1100 4123 Respondeas
1126 4062 1301 4106 autem
1330 4050 1520 4106 Petrus
1558 4051 1691 4106 dixit
1714 4053 1801 4106 ei:
1833 4051 2055 4106 Domine
2074 4092 2090 4117 ,
2133 4053 2181 4107 si
2224 4061 2282 4107 tu

689 4161 773 4209 es,
790 4143 921 4214 jube
950 4159 1034 4198 me
1078 4143 1249 4198 venire
1292 4142 1363 4196 ad
1392 4151 1441 4197 te
1484 4158 1641 4213 nuper
1671 4158 1857 4214 aquas.
1905 4140 1976 4196 Et
2008 4143 2118 4212 ipse
2162 4142 2280 4197 ait:

711 4239 857 4296 Veni.
887 4239 945 4294 ln
982 4238 1235 4294 omnibus
1268 4237 1401 4293 loeis
1438 4236 1831 4292 ardentissimae
1858 4235 1982 4291 fidei
2010 4235 2284 4291 invenitur

693 4331 907 4387 Petrus.
939 4329 1288 4400 lnterrogatis
1335 4326 1613 4398 discipulis
1652 4342 1814 4398 quem
1842 4327 2092 4383 homines
2135 4326 2283 4382 dice-

697 4432 822 4480 rent
847 4421 1061 4487 Jesum,
1120 4420 1213 4476 Dei
1262 4420 1458 4476 Filium
1510 4419 1819 4476 confltetur.
1882 4419 2166 4476 Valentem
2212 4422 2282 4476 ad

677 4515 1004 4586 :passionem
1053 4527 1279 4584 pergere
1305 4511 1558 4580 probibet
1601 4529 1614 4564 :
1653 4518 1708 4566 et
1749 4511 1879 4566 licet
1929 4519 2077 4568 erret
2106 4511 2160 4567 in
2192 4526 2272 4578 re,

696 4614 877 4660 tamen
909 4619 1014 4657 non
1037 4609 1185 4657 errat
1214 4601 1268 4656 in
1306 4600 1522 4667 affectu,
1551 4600 1741 4657 nolens
1766 4617 1890 4658 eum
1915 4604 2078 4670 mori,
2113 4618 2280 4673 quem

679 4693 891 4749 -Filium
921 4693 1016 4748 Dei
1041 4691 1219 4747 fuerat
1243 4690 1404 4761 paulo
1448 4699 1575 4746 ante
1602 4690 1905 4747 confessus.
1940 4691 1997 4747 ln
2038 4700 2280 4749 montem

2387 2428 2478 2482 sed
2510 2428 2808 2484 miserantis
2838 2428 2935 2484 Dei
2958 2428 3138 2502 (Rom.
3184 2429 3283 2503 rx).
3313 2427 3424 2486 Nec
3453 2430 3597 2486 enim
3654 2438 3852 2487 nostro
3886 2432 3987 2487 sal-

2389 2525 2639 2581 vabimur
2672 2525 2892 2592 merito,
2915 2525 3013 2581 sed
3040 2524 3184 2581 illius
3209 2525 3371 2581 dono.

2461 2614 2533 2668 Et
2585 2615 2660 2669 ait
2703 2613 2782 2668 illi
2818 2628 2836 2666 .·
2879 2612 3105 2670 Hodicoe
3154 2615 3320 2684 fidei,
3373 2631 3537 2687 quare
3585 2617 3893 2675 dubitasti?
3931 2620 3989 2678 Si

2388 2707 2633 2779 apostolo
2657 2706 2842 2776 Petro,
2867 2709 2935 2764 de
2959 2707 3114 2779 cujus
3151 2707 3254 2765 fide
3278 2717 3334 2764 et
3358 2710 3555 2767 ardore
3580 2713 3785 2769 mentis
3824 2730 3989 2785 supra

2389 2799 2626 2855 diximus
2652 2842 2668 2867 ,
2709 2798 2802 2870 qui
2846 2798 3183 2855 confidenter
3225 2802 3496 2873 rogaverit
3517 2802 3863 2862 Salvatorem
3913 2809 3990 2864 di-

2389 2904 2537 2955 cens,
2569 2888 2813 2956 Domine,
2839 2889 2886 2944 si
2920 2898 2976 2944 tu
3008 2906 3063 2945 et
3088 2931 3104 2958 ,
3139 2890 3270 2961 jube
3290 2908 3373 2947 me
3401 2894 3572 2950 venire
3610 2895 3684 2949 ad
3733 2905 3783 2952 te
3833 2915 3990 2969 super

2389 2995 2577 3051 aquas,
2612 2978 2738 3049 quia
2779 2977 3056 3049 paululum
3110 2980 3306 3046 timuit,
3338 2981 3538 3038 dicitur
3563 2984 3638 3051 ei,
3664 2984 3899 3044 Hadicoe
3916 2989 3985 3058 fi-

2388 3070 2495 3135 dei,
2525 3086 2690 3143 quare
2735 3070 3027 3126 dubitasti?
3056 3070 3196 3141 Quid
3244 3074 3400 3130 nobis
3427 3074 3720 3133 dicendum
3754 3087 3865 3146 est,
3896 3081 3986 3152 qui

2389 3161 2552 3233 huius
2582 3162 2806 3219 modicae
2831 3161 2957 3218 fidei
2995 3178 3097 3219 nec
3139 3164 3421 3220 minimam
3469 3167 3691 3237 quidem
3721 3170 3986 3229 babemus

2387 3253 2809 3324 portiunculam.
2850 3252 3077 3329 (Manu.)
3109 3254 3331 3329 Mystice
3377 3266 3556 3314 autem
3601 3262 3749 3331 quod
3795 3262 3987 3321 Petrus

2390 3363 2422 3401 a
2450 3345 2680 3404 Domino
2720 3348 2908 3420 jussus
2957 3350 3142 3406 venire
3189 3349 3388 3407 fluctus
3430 3354 3602 3411 maris
3640 3355 3852 3425 caleat,
3883 3373 3986 3430 quo

2390 3439 2573 3494 veniat
2600 3440 2668 3495 ad
2704 3438 2911 3508 Jesum,
2938 3441 3207 3514 significat
3235 3443 3534 3506 Ecclesiam
3562 3445 3723 3518 cujus
3753 3451 3875 3522 ipse
3902 3468 3988 3524 pa·

2386 3536 2502 3584 stor
2526 3538 2611 3585 est
2633 3531 2940 3587 tendentem
2962 3531 3030 3587 ad
3065 3531 3339 3590 coelestem
3370 3534 3624 3605 patriam,
3654 3535 3855 3595 fluctus
3884 3539 3985 3595 bu·

2380 3618 2471 3690 jus
2493 3619 2673 3677 saeculi
2703 3621 2931 3693 vestigio
2969 3631 3130 3679 rectae
3155 3622 3283 3680 fidei
3310 3632 3368 3680 et
3395 3625 3679 3697 gressibus
3712 3629 3982 3686 bonorum

2387 3712 2692 3781 superando
2732 3712 2963 3770 calcare.
3009 3713 3080 3771 Et
3113 3716 3258 3785 quod
3287 3714 3482 3773 Petrus
3509 3724 3841 3789 tempestate
3880 3728 3985 3778 ter·

2386 3801 2526 3858 ritus
2552 3802 2610 3857 in
2640 3801 2897 3861 fluctibus
2944 3805 3120 3877 mergi
3158 3806 3343 3877 erepit,
3373 3804 3703 3866 infirmiores
3738 3825 3985 3883 quosque

2388 3893 2442 3949 in
2468 3892 2705 3949 Ecclesia
2732 3910 2869 3966 quos
2913 3894 3151 3965 procella
3186 3898 3660 3969 persecutionum,
3689 3914 3790 3957 seu
3827 3900 3985 3960 turbo

2387 3985 2742 4043 tentationum
2774 3995 2982 4054 terret,
3032 3995 3089 4045 et
3142 4003 3174 4043 a
3200 3999 3393 4047 tenore
3420 3990 3567 4058 fidei,
3599 3992 3714 4049 sive
3754 4007 3791 4048 a
3837 4002 3984 4052 statu

2384 4075 2649 4133 bonorum
2724 4087 2945 4133 actuum
3006 4077 3285 4148 paululum
3358 4077 3588 4137 reflectit
3626 4121 3643 4148 ,
3694 4082 3981 4155 exprimit.

2385 4165 2533 4234 Quos
2563 4174 2743 4222 tamen
2772 4180 2841 4222 ne
2864 4165 3108 4223 funditus
3146 4167 3202 4224 in
3229 4167 3535 4240 perfidiam,
3584 4170 3722 4228 etin
3773 4174 3986 4246 voragi-

2384 4271 2508 4313 nem
2535 4265 2880 4329 peccatorum
2908 4269 3249 4332 mergantur,
3280 4270 3532 4333 porrecta
3572 4263 3781 4323 divina
3800 4268 3985 4340 pmi-

2385 4348 2624 4404 tiationis
2649 4348 2873 4406 dextera
2916 4350 3194 4420 extrahit3
3236 4360 3293 4409 et
3341 4352 3482 4410 sicut
3508 4352 3737 4413 Petrum
3763 4364 3979 4415 emtum

2384 4439 2454 4496 de
2473 4440 2653 4511 abyssi
2696 4440 2907 4513 pelago,
2933 4442 3008 4497 ita
3039 4440 3162 4500 illos
3190 4452 3410 4516 ereptos
3442 4442 3515 4502 de
3560 4454 3981 4517 perne-toran

2384 4529 2640 4586 scandalo
2660 4529 2714 4585 in
2738 4530 2897 4587 firmo
2922 4532 3123 4603 quietis
3153 4532 3710 4613 supemoesototuxta
3738 4534 3985 4595 nenb-

2383 4620 2565 4678 cabit:
2603 4621 2730 4692 quia
2754 4621 3086 4694 impossibile
3108 4630 3218 4692 est,
3247 4631 3519 4681 uteorum
3536 4622 3743 4697 aliq-t·
3766 4634 3981 4699 meu.

2384 4727 2521 4783 quos
2548 4727 2779 4769 censura
2801 4713 2933 4785 justi
2973 4715 3173 4783 judicis
3217 4715 3638 4787 praedestinatus
3682 4715 3876 4783 hahet,
3914 4715 3982 4775 ad

664 4799 817 4839 -cum
843 4782 1123 4838 Salvatore
1158 4781 1302 4835 inter
1332 4779 1537 4849 primos
1576 4778 1841 4845 ascendit,
1868 4779 2002 4835 etin
2027 4780 2279 4850 passione
2308 4776 2356 4837 D
2382 4807 2547 4861 vitam
2580 4814 2861 4862 aetemam·
2912 4803 3029 4859 Una
3061 4807 3181 4879 ψῃ
3229 4807 3437 4863 vffifflfl
3473 4807 3590 4863 ait:
3622 4803 3802 4863 m
3838 4807 3982 4883 “a

672 4871 843 4927 solus
869 4872 1131 4940 sequitur.
1151 4870 1450 4927 Peccatum
1472 4870 1797 4941 negationis,
1827 4869 1972 4941 quod
1997 4885 2064 4926 ex
2085 4885 2281 4942 repen-

675 4961 808 5015 tino
839 4961 1033 5016 timore
1073 4961 1461 5026 descenderat,
1511 4960 1870 5017 amarissimis
1900 4962 2083 5018 statim
2111 4964 2284 5020 abluit

666 5052 966 5123 lacrymis.
998 5051 1129 5107 Post
1156 5051 1463 5121 passionem
1515 5067 1640 5107 cum
1680 5059 1829 5107 esset
1871 5052 1925 5107 in
1957 5052 2077 5109 lacu
2105 5053 2282 5111 Gene-

691 5143 898 5209 saretb,
928 5151 984 5198 et
1009 5142 1369 5212 piscarentur,
1393 5149 1449 5197 et
1477 5141 1737 5198 Dominus
1777 5148 1948 5198 staret
1993 5143 2049 5198 in
2073 5143 2276 5213 littore,

667 5232 814 5288 aliis
857 5231 1116 5302 paulatim
1142 5233 1553 5303 navigantibus,
1587 5231 1675 5287 ille
1707 5248 1814 5289 non
1841 5235 2044 5303 patitur
2070 5250 2272 5302 moras,

678 5324 787 5381 -sed
815 5325 1092 5381 accinctus
1115 5325 1380 5396 ependyte
1426 5339 1525 5380 suo
1567 5326 1750 5381 statim
1796 5327 2166 5397 proecipitatur
2216 5330 2273 5386 in

670 5417 902 5474 fluctus.
932 5417 1137 5473 Eodem
1164 5417 1327 5488 igitur
1352 5415 1477 5472 fidei
1511 5418 1704 5475 ardore
1728 5433 1836 5491 quo
1865 5431 2098 5490 semper,
2126 5437 2272 5479 nunc

685 5524 904 5582 quoque
938 5510 1152 5568 caeteris
1179 5510 1483 5566 tacentibus
1530 5511 1759 5568 credidit
1802 5527 1861 5568 se
1897 5527 2054 5583 posse
2092 5512 2272 5572 facere

673 5612 786 5672 per
815 5600 1147 5658 voluntatem
1186 5601 1451 5675 magistri,
1486 5602 1631 5672 quod
1662 5619 1768 5658 non
1797 5612 2011 5674 poterat
2034 5620 2132 5676 per
2167 5621 2269 5662 na-

670 5705 885 5751 .turam.
911 5691 946 5747 J
953 5692 1048 5749 ube
1073 5710 1178 5760 nte,
1202 5693 1400 5764 inquit,
1426 5695 1599 5749 venire
1635 5695 1706 5749 ad
1727 5705 1775 5750 te
1794 5712 1952 5766 super
1977 5713 2162 5769 aquas.
2188 5699 2269 5755 Tu

676 5783 938 5853 ,pt-recipe,
966 5790 1022 5839 et
1039 5782 1184 5840 illico
1206 5783 1583 5840 solidabuntur
1610 5783 1787 5850 undae,
1807 5800 1872 5840 ac
1891 5784 2010 5842 leve
2039 5786 2131 5843 flet
2148 5803 2271 5844 cor-

672 5883 789 5940 pus
811 5871 955 5941 quod
983 5886 1080 5942 per
1102 5885 1163 5928 se
1182 5887 1347 5944 grave
1380 5880 1486 5929 est.

742 5979 825 6034 Et
841 5981 1156 6042 descendens
1186 5980 1377 6042 Petrus
1414 5985 1479 6042 de
1508 5984 1750 6042 navicula
1774 5987 2078 6048 ambulabat
2113 6007 2271 6063 super

2382 4898 2473 4954 dat
2505 4899 2636 4953 mihi
2658 4897 2825 4955 Pater
2844 4899 2916 4954 ad
2953 4915 3033 4955 me
3061 4899 3249 4967 veniet,
3277 4911 3325 4955 et
3353 4915 3469 4955 ειιιιι
3501 4900 3594 4975 qui
3614 4903 3758 4955 mir
3778 4902 3858 4955 nd
3874 4915 3978 4971 ιε,

2381 5005 2485 5045 non
2527 4988 2738 5061 ejiciam
2780 4989 2925 5062 saras
2949 4991 3129 5063 (snum,
3177 4991 3277 5059 rt]-
3329 4987 3485 5047 tta-n
3513 4991 3666 5047 enim
3709 4987 3978 5051 Πομὴν

2376 5079 2491 5151 pios
2515 5079 2581 5135 de
2600 5080 2884 5145 tentatione
2902 5083 3101 5151 eripere
3125 5079 3213 5155 {tt
3233 5079 3381 5137 Patr.
3409 5079 3497 5155 111.
3524 5079 3730 5139 Etm
3750 5079 3986 5139 *iih-

2378 5179 2572 5243 potens
2595 5171 2739 5227 inter
2760 5170 3005 5228 turbines
3029 5179 3413 5243 tempestatum
3441 5163 3982 5243 fflfflssffl

2380 5262 2450 5318 ab
2478 5262 2626 5321 omni
2674 5262 2916 5335 nequitia
2945 5279 3241 5335 pravarum
3289 5263 3485 5323 {lm-m
3529 5262 3845 5323 mm

2378 5352 2658 5410 videamus
2679 5352 2810 5426 quid
2828 5355 3074 5424 sequitur
3097 5371 3109 5407 :
3842 5377 3850 5384 -

2451 5443 2521 5499 Et
2558 5460 2678 5500 cutm
2714 5444 3029 5500 escendisset
3081 5448 3137 5500 in
3161 5440 3461 5500 nudarunt
3509 5440 3738 5504 m
3766 5452 3979 5508 m

2378 5533 2563 5610 (aa.)
2580 5533 2758 5591 Prima
2776 5550 2908 5608 ergo
2921 5539 3305 5608 trepidantium
3321 5544 3377 5596 et
3393 5536 3834 5612 pedm
3850 5536 3978 5596 nh-

2347 5627 2563 5690 ,ventio
2605 5634 2690 5683 est
2736 5626 3013 5685 incussum
3057 5632 3313 5688 cordibus
3361 5620 3650 5704 expellam
3690 5628 3970 5694 Em

2379 5714 2628 5774 Secunda
2655 5726 3033 5790 tempestatum
3061 5720 3233 5776 ‘furias
3273 5736 3385 5776 πε
3429 5720 3750 5792 prm-unffi
3770 5720 3974 5780 *m
