<?xml version="1.0" encoding="UTF-8"?>
<!DOCTYPE html PUBLIC "-//W3C//DTD XHTML 1.0 Transitional//EN"
    "http://www.w3.org/TR/xhtml1/DTD/xhtml1-transitional.dtd">
<html xmlns="http://www.w3.org/1999/xhtml" xml:lang="en" lang="en">
 <head>
  <title>
</title>
<meta http-equiv="Content-Type" content="text/html;charset=utf-8" />
  <meta name='ocr-system' content='tesseract 3.04.00' />
  <meta name='ocr-capabilities' content='ocr_page ocr_carea ocr_par ocr_line ocrx_word'/>
</head>
<body>
  <div class='ocr_page' id='page_1' title='image "./patrologiaecurs88unkngoog_0093.png"; bbox 0 0 4509 6850; ppageno 0'>
   <div class='ocr_carea' id='block_1_1' title="bbox 824 689 1419 891">
    <p class='ocr_par' dir='ltr' id='par_1_1' title="bbox 824 689 1419 891">
     <span class='ocr_line' id='line_1_1' title="bbox 824 689 1419 754; baseline 0 -2"><span class='ocrx_word' id='word_1_1' title='bbox 824 689 1050 752; x_wconf 75' lang='lat' dir='ltr'><strong>bdlsttotntls</strong></span> <span class='ocrx_word' id='word_1_2' title='bbox 1069 692 1099 750; x_wconf 86' lang='lat' dir='ltr'><strong>S.</strong></span> <span class='ocrx_word' id='word_1_3' title='bbox 1118 694 1252 753; x_wconf 76' lang='lat' dir='ltr'><strong>onnus.</strong></span> <span class='ocrx_word' id='word_1_4' title='bbox 1265 728 1303 738; x_wconf 96' lang='lat'>-</span> <span class='ocrx_word' id='word_1_5' title='bbox 1315 697 1379 754; x_wconf 74' lang='lat' dir='ltr'><strong>tls.</strong></span> <span class='ocrx_word' id='word_1_6' title='bbox 1397 696 1419 752; x_wconf 88' lang='lat' dir='ltr'><strong>l.</strong></span> 
     </span>
     <span class='ocr_line' id='line_1_2' title="bbox 898 823 1350 891; baseline 0.011 -7"><span class='ocrx_word' id='word_1_7' title='bbox 898 823 1158 887; x_wconf 67' lang='lat' dir='ltr'><strong>buccelleno</strong></span> <span class='ocrx_word' id='word_1_8' title='bbox 1179 827 1350 891; x_wconf 82' lang='lat' dir='ltr'><strong>FIGURAE.</strong></span> 
     </span>
    </p>
   </div>
   <div class='ocr_carea' id='block_1_2' title="bbox 1034 949 1187 965">
    <p class='ocr_par' dir='ltr' id='par_1_2' title="bbox 1034 949 1187 965">
     <span class='ocr_line' id='line_1_3' title="bbox 1034 949 1187 965; baseline -0.013 0"><span class='ocrx_word' id='word_1_9' title='bbox 1034 949 1187 965; x_wconf 42' lang='grc' dir='ltr'><strong><em>ἠ</em></strong></span> 
     </span>
    </p>
   </div>
   <div class='ocr_carea' id='block_1_3' title="bbox 256 1012 1934 4362">
    <p class='ocr_par' dir='ltr' id='par_1_3' title="bbox 256 1012 1934 4362">
     <span class='ocr_line' id='line_1_4' title="bbox 339 1012 1934 1089; baseline 0.003 -15"><span class='ocrx_word' id='word_1_10' title='bbox 339 1022 425 1079; x_wconf 77' lang='lat' dir='ltr'><strong>Recte</strong></span> <span class='ocrx_word' id='word_1_11' title='bbox 445 1018 527 1089; x_wconf 71' lang='lat' dir='ltr'><strong>igitur</strong></span> <span class='ocrx_word' id='word_1_12' title='bbox 546 1012 752 1086; x_wconf 86' lang='lat' dir='ltr'><strong>quaternarium</strong></span> <span class='ocrx_word' id='word_1_13' title='bbox 767 1019 909 1068; x_wconf 83' lang='lat' dir='ltr'><strong>numemn&#39;r</strong></span> <span class='ocrx_word' id='word_1_14' title='bbox 932 1012 1208 1084; x_wconf 77' lang='lat' dir='ltr'><strong>perlectionelscum</strong></span> <span class='ocrx_word' id='word_1_15' title='bbox 1225 1015 1306 1071; x_wconf 84' lang='lat' dir='ltr'><strong>Patre</strong></span> <span class='ocrx_word' id='word_1_16' title='bbox 1332 1024 1360 1070; x_wconf 88' lang='lat' dir='ltr'><strong>et</strong></span> <span class='ocrx_word' id='word_1_17' title='bbox 1382 1013 1488 1083; x_wconf 87' lang='lat' dir='ltr'><strong>Spiritu</strong></span> <span class='ocrx_word' id='word_1_18' title='bbox 1505 1021 1600 1069; x_wconf 88' lang='lat' dir='ltr'><strong>sancto</strong></span> <span class='ocrx_word' id='word_1_19' title='bbox 1613 1028 1683 1070; x_wconf 92' lang='lat' dir='ltr'><strong>unus</strong></span> <span class='ocrx_word' id='word_1_20' title='bbox 1704 1012 1794 1081; x_wconf 80' lang='lat' dir='ltr'><strong>Dens,</strong></span> <span class='ocrx_word' id='word_1_21' title='bbox 1818 1017 1862 1074; x_wconf 90' lang='lat' dir='ltr'><strong>cui</strong></span> <span class='ocrx_word' id='word_1_22' title='bbox 1881 1019 1934 1078; x_wconf 87' lang='lat' dir='ltr'><strong>soli</strong></span> 
     </span>
     <span class='ocr_line' id='line_1_5' title="bbox 303 1104 1933 1181; baseline -0.003 -8"><span class='ocrx_word' id='word_1_23' title='bbox 303 1122 439 1174; x_wconf 86' lang='lat' dir='ltr'><strong>sacratum</strong></span> <span class='ocrx_word' id='word_1_24' title='bbox 457 1124 526 1181; x_wconf 87' lang='lat' dir='ltr'><strong>pene</strong></span> <span class='ocrx_word' id='word_1_25' title='bbox 543 1107 631 1162; x_wconf 87' lang='lat' dir='ltr'><strong>nullos</strong></span> <span class='ocrx_word' id='word_1_26' title='bbox 645 1106 762 1179; x_wconf 70' lang='lat' dir='ltr'><strong>ignorat,</strong></span> <span class='ocrx_word' id='word_1_27' title='bbox 776 1112 804 1160; x_wconf 92' lang='lat' dir='ltr'><strong>et</strong></span> <span class='ocrx_word' id='word_1_28' title='bbox 820 1105 881 1161; x_wconf 88' lang='lat' dir='ltr'><strong>ideo</strong></span> <span class='ocrx_word' id='word_1_29' title='bbox 899 1104 1053 1160; x_wconf 87' lang='lat' dir='ltr'><strong>beneidnm</strong></span> <span class='ocrx_word' id='word_1_30' title='bbox 1066 1105 1093 1160; x_wconf 94' lang='lat' dir='ltr'><strong>in</strong></span> <span class='ocrx_word' id='word_1_31' title='bbox 1145 1109 1347 1166; x_wconf 85' lang='lat' dir='ltr'><strong>benedictiones</strong></span> <span class='ocrx_word' id='word_1_32' title='bbox 1367 1107 1419 1164; x_wconf 69' lang='lat' dir='ltr'><strong>illac</strong></span> <span class='ocrx_word' id='word_1_33' title='bbox 1445 1114 1617 1178; x_wconf 91' lang='lat' dir='ltr'><strong>competunt,</strong></span> <span class='ocrx_word' id='word_1_34' title='bbox 1643 1122 1711 1177; x_wconf 92' lang='lat' dir='ltr'><strong>quas</strong></span> <span class='ocrx_word' id='word_1_35' title='bbox 1731 1115 1787 1164; x_wconf 86' lang='lat' dir='ltr'><strong>tres</strong></span> <span class='ocrx_word' id='word_1_36' title='bbox 1806 1111 1885 1180; x_wconf 87' lang='lat' dir='ltr'><strong>pueri</strong></span> <span class='ocrx_word' id='word_1_37' title='bbox 1905 1111 1933 1168; x_wconf 86' lang='lat' dir='ltr'><strong>iu</strong></span> 
     </span>
     <span class='ocr_line' id='line_1_6' title="bbox 302 1183 1933 1270; baseline -0.004 -7"><span class='ocrx_word' id='word_1_38' title='bbox 302 1210 389 1265; x_wconf 89' lang='lat' dir='ltr'><strong>lorma</strong></span> <span class='ocrx_word' id='word_1_39' title='bbox 410 1204 501 1262; x_wconf 89' lang='lat' dir='ltr'><strong>crucis</strong></span> <span class='ocrx_word' id='word_1_40' title='bbox 514 1200 615 1257; x_wconf 76' lang='lat' dir='ltr'>Christi</span> <span class='ocrx_word' id='word_1_41' title='bbox 635 1198 858 1270; x_wconf 72' lang='lat' dir='ltr'><strong>transfiguratum</strong></span> <span class='ocrx_word' id='word_1_42' title='bbox 878 1206 950 1254; x_wconf 87' lang='lat' dir='ltr'><strong>totus</strong></span> <span class='ocrx_word' id='word_1_43' title='bbox 960 1198 1034 1253; x_wconf 87' lang='lat' dir='ltr'><strong>orbis</strong></span> <span class='ocrx_word' id='word_1_44' title='bbox 1048 1183 1094 1252; x_wconf 83' lang='lat' dir='ltr'><strong>ve·</strong></span> <span class='ocrx_word' id='word_1_45' title='bbox 1143 1202 1250 1259; x_wconf 79' lang='lat' dir='ltr'><strong>camino</strong></span> <span class='ocrx_word' id='word_1_46' title='bbox 1270 1200 1340 1270; x_wconf 78' lang='lat' dir='ltr'><strong>ignis</strong></span> <span class='ocrx_word' id='word_1_47' title='bbox 1363 1198 1503 1265; x_wconf 89' lang='lat' dir='ltr'><strong>ardentis,</strong></span> <span class='ocrx_word' id='word_1_48' title='bbox 1530 1212 1625 1254; x_wconf 89' lang='lat' dir='ltr'><strong>omues</strong></span> <span class='ocrx_word' id='word_1_49' title='bbox 1650 1208 1790 1255; x_wconf 86' lang='lat' dir='ltr'><strong>creaturas</strong></span> <span class='ocrx_word' id='word_1_50' title='bbox 1817 1200 1852 1256; x_wconf 88' lang='lat' dir='ltr'><strong>ad</strong></span> <span class='ocrx_word' id='word_1_51' title='bbox 1874 1200 1933 1260; x_wconf 91' lang='lat' dir='ltr'><strong>lau·</strong></span> 
     </span>
     <span class='ocr_line' id='line_1_7' title="bbox 302 1287 1930 1370; baseline -0.004 -13"><span class='ocrx_word' id='word_1_52' title='bbox 302 1307 423 1357; x_wconf 85' lang='lat' dir='ltr'><strong>ueratur.</strong></span> <span class='ocrx_word' id='word_1_53' title='bbox 448 1292 590 1370; x_wconf 87' lang='lat' dir='ltr'><strong>Siquidem</strong></span> <span class='ocrx_word' id='word_1_54' title='bbox 602 1290 731 1346; x_wconf 88' lang='lat' dir='ltr'><strong>mundum</strong></span> <span class='ocrx_word' id='word_1_55' title='bbox 744 1297 860 1359; x_wconf 88' lang='lat' dir='ltr'><strong>quatuor</strong></span> <span class='ocrx_word' id='word_1_56' title='bbox 878 1287 1018 1344; x_wconf 89' lang='lat' dir='ltr'><strong>elementis</strong></span> <span class='ocrx_word' id='word_1_57' title='bbox 1031 1303 1095 1343; x_wconf 89' lang='lat' dir='ltr'><strong>con-</strong></span> <span class='ocrx_word' id='word_1_58' title='bbox 1144 1290 1204 1344; x_wconf 92' lang='lat' dir='ltr'><strong>dem</strong></span> <span class='ocrx_word' id='word_1_59' title='bbox 1224 1289 1361 1346; x_wconf 78' lang='lat' dir='ltr'><strong>creatoris</strong></span> <span class='ocrx_word' id='word_1_60' title='bbox 1375 1289 1551 1357; x_wconf 82' lang='lat' dir='ltr'><strong>exhortando,</strong></span> <span class='ocrx_word' id='word_1_61' title='bbox 1567 1289 1763 1346; x_wconf 76' lang='lat' dir='ltr'><strong>concinnebant</strong></span> <span class='ocrx_word' id='word_1_62' title='bbox 1782 1299 1864 1363; x_wconf 85' lang='lat' dir='ltr'><strong>atque</strong></span> <span class='ocrx_word' id='word_1_63' title='bbox 1887 1293 1930 1352; x_wconf 91' lang='lat' dir='ltr'><strong>di·</strong></span> 
     </span>
     <span class='ocr_line' id='line_1_8' title="bbox 300 1378 1929 1451; baseline -0.004 -5"><span class='ocrx_word' id='word_1_64' title='bbox 300 1400 375 1446; x_wconf 85' lang='lat' dir='ltr'><strong>stare</strong></span> <span class='ocrx_word' id='word_1_65' title='bbox 388 1384 562 1443; x_wconf 74' lang='lat' dir='ltr'><strong>manifestum</strong></span> <span class='ocrx_word' id='word_1_66' title='bbox 577 1388 630 1447; x_wconf 89' lang='lat' dir='ltr'><strong>est,</strong></span> <span class='ocrx_word' id='word_1_67' title='bbox 644 1380 734 1444; x_wconf 89' lang='lat' dir='ltr'><strong>idest,</strong></span> <span class='ocrx_word' id='word_1_68' title='bbox 749 1379 821 1449; x_wconf 74' lang='lat' dir='ltr'><strong>igne,</strong></span> <span class='ocrx_word' id='word_1_69' title='bbox 832 1392 907 1444; x_wconf 91' lang='lat' dir='ltr'><strong>aere,</strong></span> <span class='ocrx_word' id='word_1_70' title='bbox 919 1393 989 1448; x_wconf 87' lang='lat' dir='ltr'><strong>aqua</strong></span> <span class='ocrx_word' id='word_1_71' title='bbox 1001 1387 1028 1433; x_wconf 89' lang='grc' dir='ltr'>ει</span> <span class='ocrx_word' id='word_1_72' title='bbox 1039 1385 1093 1434; x_wconf 87' lang='lat' dir='ltr'><strong>ter·</strong></span> <span class='ocrx_word' id='word_1_73' title='bbox 1143 1380 1239 1435; x_wconf 89' lang='lat' dir='ltr'><strong>cebant</strong></span> <span class='ocrx_word' id='word_1_74' title='bbox 1253 1397 1260 1436; x_wconf 74' lang='grc' dir='ltr'>ι</span> <span class='ocrx_word' id='word_1_75' title='bbox 1274 1378 1434 1446; x_wconf 83' lang='lat' dir='ltr'><strong>Benedicite,</strong></span> <span class='ocrx_word' id='word_1_76' title='bbox 1447 1380 1536 1435; x_wconf 87' lang='lat' dir='ltr'><strong>omnio</strong></span> <span class='ocrx_word' id='word_1_77' title='bbox 1552 1378 1760 1451; x_wconf 75' lang='lat' dir='ltr'><strong>operabamini,</strong></span> <span class='ocrx_word' id='word_1_78' title='bbox 1773 1380 1929 1451; x_wconf 73' lang='lat' dir='ltr'><strong>Dominum,</strong></span> 
     </span>
     <span class='ocr_line' id='line_1_9' title="bbox 300 1469 1932 1543; baseline -0.004 -6"><span class='ocrx_word' id='word_1_79' title='bbox 300 1499 341 1537; x_wconf 87' lang='lat' dir='ltr'><strong>ra.</strong></span> <span class='ocrx_word' id='word_1_80' title='bbox 359 1482 393 1536; x_wconf 85' lang='lat' dir='ltr'><strong>Et</strong></span> <span class='ocrx_word' id='word_1_81' title='bbox 408 1475 599 1535; x_wconf 85' lang='lat' dir='ltr'><strong>totumnrbem</strong></span> <span class='ocrx_word' id='word_1_82' title='bbox 612 1479 728 1543; x_wconf 89' lang='lat' dir='ltr'><strong>quatuor</strong></span> <span class='ocrx_word' id='word_1_83' title='bbox 739 1470 880 1526; x_wconf 86' lang='lat' dir='ltr'><strong>terminari</strong></span> <span class='ocrx_word' id='word_1_84' title='bbox 894 1469 1016 1540; x_wconf 88' lang='lat' dir='ltr'><strong>partibus</strong></span> <span class='ocrx_word' id='word_1_85' title='bbox 1035 1469 1093 1524; x_wconf 87' lang='lat' dir='ltr'><strong>sive</strong></span> <span class='ocrx_word' id='word_1_86' title='bbox 1142 1477 1171 1524; x_wconf 90' lang='lat' dir='ltr'><strong>et</strong></span> <span class='ocrx_word' id='word_1_87' title='bbox 1191 1478 1298 1526; x_wconf 67' lang='lat' dir='ltr'><strong>caetera.</strong></span> <span class='ocrx_word' id='word_1_88' title='bbox 1328 1470 1366 1527; x_wconf 83' lang='lat' dir='ltr'><strong>De</strong></span> <span class='ocrx_word' id='word_1_89' title='bbox 1389 1486 1443 1542; x_wconf 87' lang='lat' dir='ltr'><strong>quo</strong></span> <span class='ocrx_word' id='word_1_90' title='bbox 1467 1477 1494 1527; x_wconf 90' lang='lat' dir='ltr'><strong>et</strong></span> <span class='ocrx_word' id='word_1_91' title='bbox 1520 1469 1662 1527; x_wconf 84' lang='lat' dir='ltr'><strong>Psalmista</strong></span> <span class='ocrx_word' id='word_1_92' title='bbox 1690 1471 1786 1527; x_wconf 87' lang='lat' dir='ltr'><strong>dicit:</strong></span> <span class='ocrx_word' id='word_1_93' title='bbox 1809 1470 1932 1532; x_wconf 77' lang='lat' dir='ltr'><strong>Laudent</strong></span> 
     </span>
     <span class='ocr_line' id='line_1_10' title="bbox 299 1558 1930 1642; baseline -0.004 -16"><span class='ocrx_word' id='word_1_94' title='bbox 299 1570 407 1642; x_wconf 78' lang='lat' dir='ltr'><strong>augulis</strong></span> <span class='ocrx_word' id='word_1_95' title='bbox 417 1574 512 1624; x_wconf 91' lang='lat' dir='ltr'><strong>notum</strong></span> <span class='ocrx_word' id='word_1_96' title='bbox 526 1572 578 1628; x_wconf 88' lang='lat' dir='ltr'><strong>est,</strong></span> <span class='ocrx_word' id='word_1_97' title='bbox 588 1562 693 1619; x_wconf 91' lang='lat' dir='ltr'><strong>oriente</strong></span> <span class='ocrx_word' id='word_1_98' title='bbox 706 1559 808 1615; x_wconf 89' lang='lat' dir='ltr'><strong>scilicet</strong></span> <span class='ocrx_word' id='word_1_99' title='bbox 817 1568 845 1615; x_wconf 91' lang='lat' dir='ltr'><strong>et</strong></span> <span class='ocrx_word' id='word_1_100' title='bbox 855 1559 1004 1624; x_wconf 87' lang='lat' dir='ltr'><strong>occidente,</strong></span> <span class='ocrx_word' id='word_1_101' title='bbox 1015 1558 1092 1627; x_wconf 91' lang='lat' dir='ltr'><strong>aqui·</strong></span> <span class='ocrx_word' id='word_1_102' title='bbox 1141 1577 1201 1615; x_wconf 83' lang='lat' dir='ltr'><strong>eum</strong></span> <span class='ocrx_word' id='word_1_103' title='bbox 1214 1560 1272 1618; x_wconf 83' lang='lat' dir='ltr'><strong>coeli</strong></span> <span class='ocrx_word' id='word_1_104' title='bbox 1285 1573 1310 1617; x_wconf 85' lang='lat' dir='ltr'><strong>et</strong></span> <span class='ocrx_word' id='word_1_105' title='bbox 1328 1572 1409 1629; x_wconf 88' lang='lat' dir='ltr'><strong>terro,</strong></span> <span class='ocrx_word' id='word_1_106' title='bbox 1425 1579 1497 1617; x_wconf 83' lang='lat' dir='ltr'><strong>mare</strong></span> <span class='ocrx_word' id='word_1_107' title='bbox 1516 1570 1541 1616; x_wconf 85' lang='lat' dir='ltr'><strong>et</strong></span> <span class='ocrx_word' id='word_1_108' title='bbox 1560 1563 1648 1617; x_wconf 83' lang='lat' dir='ltr'><strong>omnin</strong></span> <span class='ocrx_word' id='word_1_109' title='bbox 1666 1579 1725 1635; x_wconf 83' lang='lat' dir='ltr'><strong>qnoe</strong></span> <span class='ocrx_word' id='word_1_110' title='bbox 1742 1565 1769 1618; x_wconf 86' lang='lat' dir='ltr'><strong>in</strong></span> <span class='ocrx_word' id='word_1_111' title='bbox 1790 1564 1826 1620; x_wconf 83' lang='lat' dir='ltr'><strong>eir</strong></span> <span class='ocrx_word' id='word_1_112' title='bbox 1846 1574 1930 1626; x_wconf 80' lang='lat' dir='ltr'><strong>sunt:</strong></span> 
     </span>
     <span class='ocr_line' id='line_1_11' title="bbox 299 1648 1929 1725; baseline -0.006 -6"><span class='ocrx_word' id='word_1_113' title='bbox 299 1663 363 1718; x_wconf 85' lang='lat' dir='ltr'><strong>lone</strong></span> <span class='ocrx_word' id='word_1_114' title='bbox 374 1670 402 1716; x_wconf 90' lang='lat' dir='ltr'><strong>et</strong></span> <span class='ocrx_word' id='word_1_115' title='bbox 419 1655 541 1713; x_wconf 68' lang='lat' dir='ltr'><strong>merisne.</strong></span> <span class='ocrx_word' id='word_1_116' title='bbox 559 1652 797 1722; x_wconf 84' lang='lat' dir='ltr'><strong>Quatnorquoqne</strong></span> <span class='ocrx_word' id='word_1_117' title='bbox 812 1658 875 1705; x_wconf 77' lang='lat' dir='ltr'><strong>suunt</strong></span> <span class='ocrx_word' id='word_1_118' title='bbox 893 1648 1091 1705; x_wconf 86' lang='lat' dir='ltr'><strong>vicissitudines</strong></span> <span class='ocrx_word' id='word_1_119' title='bbox 1141 1651 1223 1720; x_wconf 85' lang='lat' dir='ltr'><strong>quia,</strong></span> <span class='ocrx_word' id='word_1_120' title='bbox 1251 1654 1399 1709; x_wconf 86' lang='lat' dir='ltr'><strong>secundnm</strong></span> <span class='ocrx_word' id='word_1_121' title='bbox 1417 1651 1585 1724; x_wconf 79' lang='lat' dir='ltr'><strong>Apostolum,</strong></span> <span class='ocrx_word' id='word_1_122' title='bbox 1598 1668 1631 1707; x_wconf 80' lang='lat' dir='ltr'><strong>en</strong></span> <span class='ocrx_word' id='word_1_123' title='bbox 1652 1653 1709 1724; x_wconf 83' lang='lat' dir='ltr'><strong>ipso</strong></span> <span class='ocrx_word' id='word_1_124' title='bbox 1733 1663 1758 1707; x_wconf 88' lang='lat' dir='ltr'><strong>et</strong></span> <span class='ocrx_word' id='word_1_125' title='bbox 1779 1670 1826 1724; x_wconf 86' lang='lat' dir='ltr'><strong>per</strong></span> <span class='ocrx_word' id='word_1_126' title='bbox 1844 1655 1929 1725; x_wconf 77' lang='lat' dir='ltr'><strong>ipsust</strong></span> 
     </span>
     <span class='ocr_line' id='line_1_12' title="bbox 299 1742 1931 1823; baseline -0.006 -15"><span class='ocrx_word' id='word_1_127' title='bbox 299 1765 464 1823; x_wconf 70' lang='lat' dir='ltr'><strong>tenvpcuum,</strong></span> <span class='ocrx_word' id='word_1_128' title='bbox 479 1747 578 1811; x_wconf 88' lang='lat' dir='ltr'><strong>idest,</strong></span> <span class='ocrx_word' id='word_1_129' title='bbox 593 1759 650 1810; x_wconf 89' lang='lat' dir='ltr'><strong>ver,</strong></span> <span class='ocrx_word' id='word_1_130' title='bbox 662 1751 752 1808; x_wconf 71' lang='lat' dir='ltr'><strong>ustas,</strong></span> <span class='ocrx_word' id='word_1_131' title='bbox 773 1749 928 1806; x_wconf 78' lang='lat' dir='ltr'><strong>autumnus,</strong></span> <span class='ocrx_word' id='word_1_132' title='bbox 942 1742 1046 1805; x_wconf 86' lang='lat' dir='ltr'><strong>biems;</strong></span> <span class='ocrx_word' id='word_1_133' title='bbox 1063 1747 1092 1795; x_wconf 90' lang='grc' dir='ltr'>ει</span> <span class='ocrx_word' id='word_1_134' title='bbox 1141 1751 1166 1799; x_wconf 84' lang='grc' dir='ltr'>ει</span> <span class='ocrx_word' id='word_1_135' title='bbox 1181 1745 1209 1799; x_wconf 88' lang='lat' dir='ltr'><strong>in</strong></span> <span class='ocrx_word' id='word_1_136' title='bbox 1224 1746 1280 1816; x_wconf 86' lang='lat' dir='ltr'><strong>ipso</strong></span> <span class='ocrx_word' id='word_1_137' title='bbox 1293 1754 1354 1801; x_wconf 82' lang='lat' dir='ltr'><strong>sunt</strong></span> <span class='ocrx_word' id='word_1_138' title='bbox 1368 1746 1467 1810; x_wconf 83' lang='lat' dir='ltr'><strong>omnin,</strong></span> <span class='ocrx_word' id='word_1_139' title='bbox 1487 1744 1536 1815; x_wconf 82' lang='lat' dir='ltr'><strong>ipsi</strong></span> <span class='ocrx_word' id='word_1_140' title='bbox 1553 1744 1637 1798; x_wconf 83' lang='lat' dir='ltr'><strong>bonor</strong></span> <span class='ocrx_word' id='word_1_141' title='bbox 1657 1753 1681 1799; x_wconf 87' lang='lat' dir='ltr'><strong>et</strong></span> <span class='ocrx_word' id='word_1_142' title='bbox 1696 1743 1781 1815; x_wconf 75' lang='lat' dir='ltr'><strong>pluria</strong></span> <span class='ocrx_word' id='word_1_143' title='bbox 1794 1745 1823 1799; x_wconf 87' lang='lat' dir='ltr'><strong>in</strong></span> <span class='ocrx_word' id='word_1_144' title='bbox 1832 1745 1931 1800; x_wconf 80' lang='lat' dir='ltr'><strong>seculo</strong></span> 
     </span>
     <span class='ocr_line' id='line_1_13' title="bbox 298 1831 1930 1913; baseline -0.005 -17"><span class='ocrx_word' id='word_1_145' title='bbox 298 1851 417 1913; x_wconf 81' lang='lat' dir='ltr'><strong>quantor</strong></span> <span class='ocrx_word' id='word_1_146' title='bbox 440 1837 606 1909; x_wconf 74' lang='lat' dir='ltr'><strong>quadrantes</strong></span> <span class='ocrx_word' id='word_1_147' title='bbox 632 1832 764 1888; x_wconf 84' lang='lat' dir='ltr'><strong>naturalis</strong></span> <span class='ocrx_word' id='word_1_148' title='bbox 785 1831 848 1896; x_wconf 88' lang='lat' dir='ltr'><strong>diei,</strong></span> <span class='ocrx_word' id='word_1_149' title='bbox 866 1831 892 1886; x_wconf 95' lang='lat' dir='ltr'><strong>id</strong></span> <span class='ocrx_word' id='word_1_150' title='bbox 916 1839 967 1897; x_wconf 91' lang='lat' dir='ltr'><strong>est,</strong></span> <span class='ocrx_word' id='word_1_151' title='bbox 995 1837 1091 1902; x_wconf 91' lang='lat' dir='ltr'><strong>quater</strong></span> <span class='ocrx_word' id='word_1_152' title='bbox 1141 1832 1308 1888; x_wconf 77' lang='lat' dir='ltr'><strong>soculorum.</strong></span> <span class='ocrx_word' id='word_1_153' title='bbox 1333 1832 1388 1891; x_wconf 83' lang='lat' dir='ltr'><strong>Cur</strong></span> <span class='ocrx_word' id='word_1_154' title='bbox 1414 1847 1479 1889; x_wconf 90' lang='lat' dir='ltr'><strong>vero</strong></span> <span class='ocrx_word' id='word_1_155' title='bbox 1503 1833 1530 1888; x_wconf 92' lang='lat' dir='ltr'><strong>in</strong></span> <span class='ocrx_word' id='word_1_156' title='bbox 1558 1833 1626 1888; x_wconf 87' lang='lat' dir='ltr'><strong>rotis</strong></span> <span class='ocrx_word' id='word_1_157' title='bbox 1654 1841 1771 1903; x_wconf 90' lang='lat' dir='ltr'><strong>quatuor</strong></span> <span class='ocrx_word' id='word_1_158' title='bbox 1796 1832 1930 1889; x_wconf 88' lang='lat' dir='ltr'><strong>elementa</strong></span> 
     </span>
     <span class='ocr_line' id='line_1_14' title="bbox 297 1921 1930 1997; baseline -0.003 -12"><span class='ocrx_word' id='word_1_159' title='bbox 297 1945 372 1985; x_wconf 77' lang='lat' dir='ltr'><strong>sene</strong></span> <span class='ocrx_word' id='word_1_160' title='bbox 383 1928 470 1990; x_wconf 74' lang='lat' dir='ltr'><strong>borae,</strong></span> <span class='ocrx_word' id='word_1_161' title='bbox 487 1940 548 1997; x_wconf 84' lang='lat' dir='ltr'><strong>qnae</strong></span> <span class='ocrx_word' id='word_1_162' title='bbox 561 1931 651 1978; x_wconf 81' lang='lat' dir='ltr'><strong>tannen</strong></span> <span class='ocrx_word' id='word_1_163' title='bbox 664 1922 708 1977; x_wconf 91' lang='lat' dir='ltr'><strong>bis</strong></span> <span class='ocrx_word' id='word_1_164' title='bbox 721 1921 805 1977; x_wconf 91' lang='lat' dir='ltr'><strong>initiis</strong></span> <span class='ocrx_word' id='word_1_165' title='bbox 818 1922 1021 1992; x_wconf 70' lang='lat' dir='ltr'><strong>dignoscuntur,</strong></span> <span class='ocrx_word' id='word_1_166' title='bbox 1036 1936 1090 1976; x_wconf 92' lang='lat' dir='ltr'><strong>ma·</strong></span> <span class='ocrx_word' id='word_1_167' title='bbox 1140 1921 1197 1979; x_wconf 88' lang='lat' dir='ltr'><strong>sive</strong></span> <span class='ocrx_word' id='word_1_168' title='bbox 1212 1931 1329 1994; x_wconf 85' lang='lat' dir='ltr'><strong>quatuor</strong></span> <span class='ocrx_word' id='word_1_169' title='bbox 1348 1933 1469 1995; x_wconf 85' lang='lat' dir='ltr'><strong>tempora</strong></span> <span class='ocrx_word' id='word_1_170' title='bbox 1483 1938 1530 1980; x_wconf 91' lang='lat' dir='ltr'><strong>seu</strong></span> <span class='ocrx_word' id='word_1_171' title='bbox 1543 1931 1660 1994; x_wconf 87' lang='lat' dir='ltr'><strong>quatuor</strong></span> <span class='ocrx_word' id='word_1_172' title='bbox 1671 1922 1764 1994; x_wconf 79' lang='lat' dir='ltr'><strong>plagas</strong></span> <span class='ocrx_word' id='word_1_173' title='bbox 1774 1921 1868 1978; x_wconf 90' lang='lat' dir='ltr'><strong>muudi</strong></span> <span class='ocrx_word' id='word_1_174' title='bbox 1883 1922 1930 1980; x_wconf 84' lang='lat' dir='ltr'><strong>dc·</strong></span> 
     </span>
     <span class='ocr_line' id='line_1_15' title="bbox 298 2007 1930 2084; baseline -0.004 -12"><span class='ocrx_word' id='word_1_175' title='bbox 298 2034 333 2073; x_wconf 89' lang='lat' dir='ltr'><strong>ne</strong></span> <span class='ocrx_word' id='word_1_176' title='bbox 349 2016 476 2072; x_wconf 88' lang='lat' dir='ltr'><strong>videlicet</strong></span> <span class='ocrx_word' id='word_1_177' title='bbox 489 2022 517 2068; x_wconf 89' lang='lat' dir='ltr'><strong>et</strong></span> <span class='ocrx_word' id='word_1_178' title='bbox 531 2010 654 2079; x_wconf 83' lang='lat' dir='ltr'><strong>meridie,</strong></span> <span class='ocrx_word' id='word_1_179' title='bbox 669 2025 781 2080; x_wconf 88' lang='lat' dir='ltr'><strong>vespere</strong></span> <span class='ocrx_word' id='word_1_180' title='bbox 803 2017 830 2064; x_wconf 91' lang='lat' dir='ltr'><strong>et</strong></span> <span class='ocrx_word' id='word_1_181' title='bbox 848 2009 1019 2079; x_wconf 89' lang='lat' dir='ltr'><strong>intempesto.</strong></span> <span class='ocrx_word' id='word_1_182' title='bbox 1036 2007 1090 2063; x_wconf 86' lang='lat' dir='ltr'><strong>Sed</strong></span> <span class='ocrx_word' id='word_1_183' title='bbox 1139 2013 1282 2083; x_wconf 84' lang='lat' dir='ltr'><strong>pinxerim,</strong></span> <span class='ocrx_word' id='word_1_184' title='bbox 1296 2014 1353 2069; x_wconf 86' lang='lat' dir='ltr'><strong>banc</strong></span> <span class='ocrx_word' id='word_1_185' title='bbox 1366 2014 1437 2068; x_wconf 87' lang='lat' dir='ltr'><strong>ratio</strong></span> <span class='ocrx_word' id='word_1_186' title='bbox 1451 2021 1503 2079; x_wconf 85' lang='lat' dir='ltr'><strong>est,</strong></span> <span class='ocrx_word' id='word_1_187' title='bbox 1515 2013 1579 2084; x_wconf 90' lang='lat' dir='ltr'><strong>quia</strong></span> <span class='ocrx_word' id='word_1_188' title='bbox 1592 2012 1680 2068; x_wconf 91' lang='lat' dir='ltr'><strong>omnis</strong></span> <span class='ocrx_word' id='word_1_189' title='bbox 1696 2010 1789 2068; x_wconf 87' lang='lat' dir='ltr'><strong>mundi</strong></span> <span class='ocrx_word' id='word_1_190' title='bbox 1804 2011 1930 2068; x_wconf 86' lang='lat' dir='ltr'><strong>machina</strong></span> 
     </span>
     <span class='ocr_line' id='line_1_16' title="bbox 296 2100 1928 2178; baseline 0.001 -21"><span class='ocrx_word' id='word_1_191' title='bbox 296 2107 435 2178; x_wconf 71' lang='lat' dir='ltr'><strong>qrromodn</strong></span> <span class='ocrx_word' id='word_1_192' title='bbox 454 2104 528 2162; x_wconf 71' lang='lat' dir='ltr'><strong>envoi</strong></span> <span class='ocrx_word' id='word_1_193' title='bbox 551 2102 744 2159; x_wconf 87' lang='lat' dir='ltr'><strong>convenienter</strong></span> <span class='ocrx_word' id='word_1_194' title='bbox 762 2102 848 2172; x_wconf 81' lang='lat' dir='ltr'><strong>possit</strong></span> <span class='ocrx_word' id='word_1_195' title='bbox 870 2101 928 2156; x_wconf 78' lang='lat' dir='ltr'><strong>broc</strong></span> <span class='ocrx_word' id='word_1_196' title='bbox 949 2100 1089 2170; x_wconf 85' lang='lat' dir='ltr'><strong>dispositio</strong></span> <span class='ocrx_word' id='word_1_197' title='bbox 1139 2105 1295 2175; x_wconf 82' lang='lat' dir='ltr'><strong>temporalis</strong></span> <span class='ocrx_word' id='word_1_198' title='bbox 1306 2112 1359 2171; x_wconf 88' lang='lat' dir='ltr'><strong>est,</strong></span> <span class='ocrx_word' id='word_1_199' title='bbox 1377 2112 1405 2160; x_wconf 90' lang='lat' dir='ltr'><strong>et</strong></span> <span class='ocrx_word' id='word_1_200' title='bbox 1419 2104 1534 2175; x_wconf 84' lang='lat' dir='ltr'><strong>quadam</strong></span> <span class='ocrx_word' id='word_1_201' title='bbox 1544 2104 1719 2175; x_wconf 83' lang='lat' dir='ltr'><strong>permistione</strong></span> <span class='ocrx_word' id='word_1_202' title='bbox 1732 2103 1928 2159; x_wconf 88' lang='lat' dir='ltr'><strong>elementorum</strong></span> 
     </span>
     <span class='ocr_line' id='line_1_17' title="bbox 295 2191 1928 2269; baseline -0.002 -15"><span class='ocrx_word' id='word_1_203' title='bbox 295 2198 436 2269; x_wconf 64' lang='lat' dir='ltr'><strong>ceroptari,</strong></span> <span class='ocrx_word' id='word_1_204' title='bbox 453 2194 632 2252; x_wconf 88' lang='lat' dir='ltr'><strong>intimandum</strong></span> <span class='ocrx_word' id='word_1_205' title='bbox 646 2201 697 2248; x_wconf 92' lang='lat' dir='ltr'><strong>est.</strong></span> <span class='ocrx_word' id='word_1_206' title='bbox 722 2191 751 2247; x_wconf 86' lang='lat' dir='ltr'><strong>Si</strong></span> <span class='ocrx_word' id='word_1_207' title='bbox 766 2205 831 2263; x_wconf 77' lang='lat' dir='ltr'><strong>ergo</strong></span> <span class='ocrx_word' id='word_1_208' title='bbox 845 2200 964 2247; x_wconf 83' lang='lat' dir='ltr'><strong>erectam</strong></span> <span class='ocrx_word' id='word_1_209' title='bbox 981 2205 1088 2246; x_wconf 91' lang='lat' dir='ltr'><strong>crucem</strong></span> <span class='ocrx_word' id='word_1_210' title='bbox 1139 2199 1221 2264; x_wconf 90' lang='lat' dir='ltr'><strong>atque</strong></span> <span class='ocrx_word' id='word_1_211' title='bbox 1241 2209 1369 2250; x_wconf 90' lang='lat' dir='ltr'><strong>successu</strong></span> <span class='ocrx_word' id='word_1_212' title='bbox 1388 2201 1541 2266; x_wconf 90' lang='lat' dir='ltr'><strong>temporum</strong></span> <span class='ocrx_word' id='word_1_213' title='bbox 1553 2193 1690 2250; x_wconf 88' lang='lat' dir='ltr'><strong>variabilis</strong></span> <span class='ocrx_word' id='word_1_214' title='bbox 1704 2194 1761 2250; x_wconf 90' lang='lat' dir='ltr'><strong>sive</strong></span> <span class='ocrx_word' id='word_1_215' title='bbox 1772 2193 1928 2260; x_wconf 83' lang='lat' dir='ltr'><strong>mutabilis,</strong></span> 
     </span>
     <span class='ocr_line' id='line_1_18' title="bbox 295 2280 1928 2356; baseline 0 -13"><span class='ocrx_word' id='word_1_216' title='bbox 295 2290 465 2345; x_wconf 84' lang='lat' dir='ltr'><strong>voluerimus</strong></span> <span class='ocrx_word' id='word_1_217' title='bbox 475 2285 606 2356; x_wconf 87' lang='lat' dir='ltr'><strong>aspicere,</strong></span> <span class='ocrx_word' id='word_1_218' title='bbox 619 2284 720 2352; x_wconf 74' lang='lat' dir='ltr'><strong>iguem,</strong></span> <span class='ocrx_word' id='word_1_219' title='bbox 733 2282 805 2351; x_wconf 91' lang='lat' dir='ltr'><strong>qood</strong></span> <span class='ocrx_word' id='word_1_220' title='bbox 816 2297 970 2352; x_wconf 90' lang='lat' dir='ltr'><strong>supremum</strong></span> <span class='ocrx_word' id='word_1_221' title='bbox 980 2290 1023 2337; x_wconf 91' lang='lat' dir='ltr'><strong>est</strong></span> <span class='ocrx_word' id='word_1_222' title='bbox 1033 2280 1089 2337; x_wconf 88' lang='lat' dir='ltr'><strong>elc-</strong></span> <span class='ocrx_word' id='word_1_223' title='bbox 1140 2282 1282 2340; x_wconf 88' lang='lat' dir='ltr'><strong>Salomone</strong></span> <span class='ocrx_word' id='word_1_224' title='bbox 1294 2291 1449 2352; x_wconf 85' lang='lat' dir='ltr'><strong>attestante,</strong></span> <span class='ocrx_word' id='word_1_225' title='bbox 1466 2284 1512 2355; x_wconf 91' lang='lat' dir='ltr'><strong>qui</strong></span> <span class='ocrx_word' id='word_1_226' title='bbox 1523 2284 1562 2339; x_wconf 88' lang='lat' dir='ltr'><strong>ait</strong></span> <span class='ocrx_word' id='word_1_227' title='bbox 1577 2298 1584 2338; x_wconf 76' lang='grc' dir='ltr'>ι</span> <span class='ocrx_word' id='word_1_228' title='bbox 1600 2282 1696 2339; x_wconf 85' lang='lat' dir='ltr'><strong>Omnia</strong></span> <span class='ocrx_word' id='word_1_229' title='bbox 1712 2283 1928 2356; x_wconf 71' lang='lat' dir='ltr'><strong>tempestatem,</strong></span> 
     </span>
     <span class='ocr_line' id='line_1_19' title="bbox 256 2368 1927 2455; baseline 0.001 -22"><span class='ocrx_word' id='word_1_230' title='bbox 256 2449 261 2455; x_wconf 27' lang='grc' dir='ltr'>Ι</span> <span class='ocrx_word' id='word_1_231' title='bbox 295 2387 463 2441; x_wconf 89' lang='lat' dir='ltr'><strong>mentorum,</strong></span> <span class='ocrx_word' id='word_1_232' title='bbox 483 2375 590 2429; x_wconf 88' lang='lat' dir='ltr'><strong>inance</strong></span> <span class='ocrx_word' id='word_1_233' title='bbox 611 2371 683 2427; x_wconf 92' lang='lat' dir='ltr'><strong>illins</strong></span> <span class='ocrx_word' id='word_1_234' title='bbox 701 2371 883 2438; x_wconf 87' lang='lat' dir='ltr'><strong>collocemus;</strong></span> <span class='ocrx_word' id='word_1_235' title='bbox 906 2386 997 2426; x_wconf 86' lang='lat' dir='ltr'><strong>aerem</strong></span> <span class='ocrx_word' id='word_1_236' title='bbox 1019 2385 1086 2441; x_wconf 89' lang='lat' dir='ltr'><strong>quo-</strong></span> <span class='ocrx_word' id='word_1_237' title='bbox 1099 2368 1124 2429; x_wconf 89' lang='lat' dir='ltr'>B</span> <span class='ocrx_word' id='word_1_238' title='bbox 1138 2388 1162 2434; x_wconf 88' lang='lat' dir='ltr'><strong>et</strong></span> <span class='ocrx_word' id='word_1_239' title='bbox 1184 2381 1239 2434; x_wconf 83' lang='lat' dir='ltr'><strong>suis</strong></span> <span class='ocrx_word' id='word_1_240' title='bbox 1259 2381 1350 2450; x_wconf 83' lang='lat' dir='ltr'><strong>spatiis</strong></span> <span class='ocrx_word' id='word_1_241' title='bbox 1372 2387 1508 2435; x_wconf 83' lang='lat' dir='ltr'><strong>transeunt</strong></span> <span class='ocrx_word' id='word_1_242' title='bbox 1532 2378 1654 2436; x_wconf 80' lang='lat' dir='ltr'><strong>uniuersa</strong></span> <span class='ocrx_word' id='word_1_243' title='bbox 1678 2378 1726 2433; x_wconf 83' lang='lat' dir='ltr'><strong>sub</strong></span> <span class='ocrx_word' id='word_1_244' title='bbox 1752 2378 1825 2435; x_wconf 76' lang='lat' dir='ltr'><strong>culo.</strong></span> <span class='ocrx_word' id='word_1_245' title='bbox 1850 2377 1927 2434; x_wconf 83' lang='lat' dir='ltr'><strong>Nunc</strong></span> 
     </span>
     <span class='ocr_line' id='line_1_20' title="bbox 295 2463 1927 2541; baseline -0.003 -11"><span class='ocrx_word' id='word_1_246' title='bbox 295 2483 351 2537; x_wconf 82' lang='lat' dir='ltr'><strong>que</strong></span> <span class='ocrx_word' id='word_1_247' title='bbox 373 2475 402 2521; x_wconf 83' lang='lat' dir='ltr'><strong>et</strong></span> <span class='ocrx_word' id='word_1_248' title='bbox 425 2479 538 2536; x_wconf 76' lang='lat' dir='ltr'><strong>aquam,</strong></span> <span class='ocrx_word' id='word_1_249' title='bbox 561 2479 620 2534; x_wconf 73' lang='lat' dir='ltr'><strong>uve</strong></span> <span class='ocrx_word' id='word_1_250' title='bbox 644 2463 734 2519; x_wconf 78' lang='lat' dir='ltr'><strong>menn</strong></span> <span class='ocrx_word' id='word_1_251' title='bbox 757 2473 821 2520; x_wconf 66' lang='lat' dir='ltr'><strong>suun</strong></span> <span class='ocrx_word' id='word_1_252' title='bbox 843 2463 1086 2528; x_wconf 69' lang='lat' dir='ltr'><strong>insinuantium</strong></span> <span class='ocrx_word' id='word_1_253' title='bbox 1138 2468 1308 2541; x_wconf 70' lang='lat' dir='ltr'><strong>iqntsaerem</strong></span> <span class='ocrx_word' id='word_1_254' title='bbox 1319 2472 1413 2537; x_wconf 73' lang='lat' dir='ltr'><strong>steen,</strong></span> <span class='ocrx_word' id='word_1_255' title='bbox 1428 2485 1498 2540; x_wconf 75' lang='lat' dir='ltr'><strong>aqua</strong></span> <span class='ocrx_word' id='word_1_256' title='bbox 1511 2469 1691 2526; x_wconf 75' lang='lat' dir='ltr'><strong>humidiorem</strong></span> <span class='ocrx_word' id='word_1_257' title='bbox 1701 2469 1776 2534; x_wconf 77' lang='lat' dir='ltr'><strong>tacit,</strong></span> <span class='ocrx_word' id='word_1_258' title='bbox 1788 2484 1860 2525; x_wconf 75' lang='lat' dir='ltr'><strong>nunc</strong></span> <span class='ocrx_word' id='word_1_259' title='bbox 1871 2474 1927 2526; x_wconf 76' lang='lat' dir='ltr'><strong>ter-</strong></span> 
     </span>
     <span class='ocr_line' id='line_1_21' title="bbox 282 2553 1929 2631; baseline 0.004 -22"><span class='ocrx_word' id='word_1_260' title='bbox 282 2569 453 2614; x_wconf 74' lang='lat' dir='ltr'><strong>transverso</strong></span> <span class='ocrx_word' id='word_1_261' title='bbox 464 2555 553 2611; x_wconf 89' lang='lat' dir='ltr'><strong>crucis</strong></span> <span class='ocrx_word' id='word_1_262' title='bbox 577 2555 661 2627; x_wconf 73' lang='lat' dir='ltr'><strong>ligno,</strong></span> <span class='ocrx_word' id='word_1_263' title='bbox 688 2554 760 2625; x_wconf 93' lang='lat' dir='ltr'><strong>quod</strong></span> <span class='ocrx_word' id='word_1_264' title='bbox 781 2569 829 2624; x_wconf 92' lang='lat' dir='ltr'><strong>per</strong></span> <span class='ocrx_word' id='word_1_265' title='bbox 853 2554 970 2609; x_wconf 87' lang='lat' dir='ltr'><strong>medium</strong></span> <span class='ocrx_word' id='word_1_266' title='bbox 987 2554 1087 2624; x_wconf 87' lang='lat' dir='ltr'><strong>stipitis</strong></span> <span class='ocrx_word' id='word_1_267' title='bbox 1138 2574 1168 2614; x_wconf 86' lang='lat' dir='ltr'><strong>ra</strong></span> <span class='ocrx_word' id='word_1_268' title='bbox 1183 2576 1316 2631; x_wconf 88' lang='lat' dir='ltr'><strong>aquarum</strong></span> <span class='ocrx_word' id='word_1_269' title='bbox 1333 2553 1510 2616; x_wconf 86' lang='lat' dir='ltr'><strong>alluvionibus</strong></span> <span class='ocrx_word' id='word_1_270' title='bbox 1524 2559 1654 2625; x_wconf 86' lang='lat' dir='ltr'><strong>allicitur,</strong></span> <span class='ocrx_word' id='word_1_271' title='bbox 1669 2559 1818 2616; x_wconf 90' lang='lat' dir='ltr'><strong>nnncsolis</strong></span> <span class='ocrx_word' id='word_1_272' title='bbox 1829 2560 1929 2616; x_wconf 84' lang='lat' dir='ltr'><strong>ardore</strong></span> 
     </span>
     <span class='ocr_line' id='line_1_22' title="bbox 293 2646 1927 2721; baseline 0.001 -19"><span class='ocrx_word' id='word_1_273' title='bbox 293 2648 380 2702; x_wconf 83' lang='lat' dir='ltr'><strong>erecti</strong></span> <span class='ocrx_word' id='word_1_274' title='bbox 393 2646 512 2710; x_wconf 90' lang='lat' dir='ltr'><strong>ducitur,</strong></span> <span class='ocrx_word' id='word_1_275' title='bbox 527 2646 716 2714; x_wconf 75' lang='lat' dir='ltr'><strong>consignemus</strong></span> <span class='ocrx_word' id='word_1_276' title='bbox 728 2661 735 2710; x_wconf 92' lang='lat'>;</span> <span class='ocrx_word' id='word_1_277' title='bbox 750 2652 851 2700; x_wconf 88' lang='lat' dir='ltr'><strong>terram</strong></span> <span class='ocrx_word' id='word_1_278' title='bbox 862 2657 936 2711; x_wconf 89' lang='lat' dir='ltr'><strong>vero,</strong></span> <span class='ocrx_word' id='word_1_279' title='bbox 949 2660 1009 2715; x_wconf 88' lang='lat' dir='ltr'><strong>quae</strong></span> <span class='ocrx_word' id='word_1_280' title='bbox 1022 2660 1086 2715; x_wconf 76' lang='lat' dir='ltr'><strong>gra-</strong></span> <span class='ocrx_word' id='word_1_281' title='bbox 1137 2648 1263 2705; x_wconf 91' lang='lat' dir='ltr'><strong>siccatur.</strong></span> <span class='ocrx_word' id='word_1_282' title='bbox 1276 2649 1354 2721; x_wconf 79' lang='lat' dir='ltr'><strong>Aqua</strong></span> <span class='ocrx_word' id='word_1_283' title='bbox 1368 2650 1466 2720; x_wconf 89' lang='lat' dir='ltr'><strong>quippe</strong></span> <span class='ocrx_word' id='word_1_284' title='bbox 1478 2656 1576 2705; x_wconf 85' lang='lat' dir='ltr'><strong>natura</strong></span> <span class='ocrx_word' id='word_1_285' title='bbox 1595 2648 1702 2704; x_wconf 88' lang='lat' dir='ltr'><strong>mobilis</strong></span> <span class='ocrx_word' id='word_1_286' title='bbox 1719 2655 1775 2714; x_wconf 88' lang='grc' dir='ltr'>εει,</span> <span class='ocrx_word' id='word_1_287' title='bbox 1790 2656 1819 2704; x_wconf 85' lang='grc' dir='ltr'>ει</span> <span class='ocrx_word' id='word_1_288' title='bbox 1832 2663 1927 2719; x_wconf 87' lang='lat' dir='ltr'><strong>qnem-</strong></span> 
     </span>
     <span class='ocr_line' id='line_1_23' title="bbox 292 2733 1928 2808; baseline 0.001 -16"><span class='ocrx_word' id='word_1_289' title='bbox 292 2738 407 2795; x_wconf 81' lang='lat' dir='ltr'><strong>vissima</strong></span> <span class='ocrx_word' id='word_1_290' title='bbox 417 2744 461 2793; x_wconf 83' lang='lat' dir='ltr'><strong>est</strong></span> <span class='ocrx_word' id='word_1_291' title='bbox 476 2745 506 2793; x_wconf 88' lang='lat' dir='ltr'><strong>et</strong></span> <span class='ocrx_word' id='word_1_292' title='bbox 516 2736 600 2790; x_wconf 90' lang='lat' dir='ltr'><strong>imum</strong></span> <span class='ocrx_word' id='word_1_293' title='bbox 615 2736 642 2790; x_wconf 93' lang='lat' dir='ltr'><strong>in</strong></span> <span class='ocrx_word' id='word_1_294' title='bbox 657 2735 791 2791; x_wconf 77' lang='lat' dir='ltr'><strong>creaturis</strong></span> <span class='ocrx_word' id='word_1_295' title='bbox 810 2739 885 2789; x_wconf 88' lang='lat' dir='ltr'><strong>tenet</strong></span> <span class='ocrx_word' id='word_1_296' title='bbox 905 2733 1003 2799; x_wconf 93' lang='lat' dir='ltr'><strong>locum,</strong></span> <span class='ocrx_word' id='word_1_297' title='bbox 1019 2734 1088 2790; x_wconf 84' lang='lat' dir='ltr'><strong>inie-</strong></span> <span class='ocrx_word' id='word_1_298' title='bbox 1136 2736 1198 2793; x_wconf 91' lang='lat' dir='ltr'><strong>dam</strong></span> <span class='ocrx_word' id='word_1_299' title='bbox 1211 2737 1340 2793; x_wconf 88' lang='lat' dir='ltr'><strong>circulum</strong></span> <span class='ocrx_word' id='word_1_300' title='bbox 1350 2753 1433 2794; x_wconf 90' lang='lat' dir='ltr'><strong>cursu</strong></span> <span class='ocrx_word' id='word_1_301' title='bbox 1450 2736 1568 2793; x_wconf 90' lang='lat' dir='ltr'><strong>coniicit.</strong></span> <span class='ocrx_word' id='word_1_302' title='bbox 1582 2736 1679 2793; x_wconf 75' lang='lat' dir='ltr'><strong>Omnia</strong></span> <span class='ocrx_word' id='word_1_303' title='bbox 1698 2737 1825 2808; x_wconf 69' lang='lat' dir='ltr'><strong>flumina,</strong></span> <span class='ocrx_word' id='word_1_304' title='bbox 1839 2736 1928 2808; x_wconf 83' lang='lat' dir='ltr'><strong>inquit</strong></span> 
     </span>
     <span class='ocr_line' id='line_1_24' title="bbox 292 2825 1928 2900; baseline -0.001 -15"><span class='ocrx_word' id='word_1_305' title='bbox 292 2830 362 2885; x_wconf 85' lang='lat' dir='ltr'><strong>riori</strong></span> <span class='ocrx_word' id='word_1_306' title='bbox 370 2828 443 2900; x_wconf 90' lang='lat' dir='ltr'><strong>parti</strong></span> <span class='ocrx_word' id='word_1_307' title='bbox 453 2828 544 2884; x_wconf 89' lang='lat' dir='ltr'><strong>crucis</strong></span> <span class='ocrx_word' id='word_1_308' title='bbox 554 2826 722 2897; x_wconf 87' lang='lat' dir='ltr'><strong>deputemus.</strong></span> <span class='ocrx_word' id='word_1_309' title='bbox 741 2825 806 2881; x_wconf 77' lang='lat' dir='ltr'><strong>llaec</strong></span> <span class='ocrx_word' id='word_1_310' title='bbox 822 2826 1020 2897; x_wconf 90' lang='lat' dir='ltr'><strong>quippecmnia</strong></span> <span class='ocrx_word' id='word_1_311' title='bbox 1032 2825 1087 2882; x_wconf 87' lang='lat' dir='ltr'><strong>cle-</strong></span> <span class='ocrx_word' id='word_1_312' title='bbox 1136 2827 1354 2896; x_wconf 87' lang='lat' dir='ltr'><strong>Ecclesiasticus,</strong></span> <span class='ocrx_word' id='word_1_313' title='bbox 1373 2829 1472 2884; x_wconf 81' lang='lat' dir='ltr'><strong>intrant</strong></span> <span class='ocrx_word' id='word_1_314' title='bbox 1488 2830 1516 2883; x_wconf 84' lang='lat' dir='ltr'><strong>in</strong></span> <span class='ocrx_word' id='word_1_315' title='bbox 1529 2845 1612 2895; x_wconf 82' lang='lat' dir='ltr'><strong>more,</strong></span> <span class='ocrx_word' id='word_1_316' title='bbox 1628 2838 1653 2884; x_wconf 84' lang='lat' dir='ltr'><strong>et</strong></span> <span class='ocrx_word' id='word_1_317' title='bbox 1672 2846 1745 2885; x_wconf 68' lang='lat' dir='ltr'><strong>more</strong></span> <span class='ocrx_word' id='word_1_318' title='bbox 1763 2846 1816 2884; x_wconf 84' lang='lat' dir='ltr'><strong>non</strong></span> <span class='ocrx_word' id='word_1_319' title='bbox 1829 2829 1928 2885; x_wconf 77' lang='lat' dir='ltr'><strong>reden·</strong></span> 
     </span>
     <span class='ocr_line' id='line_1_25' title="bbox 292 2917 1926 2990; baseline -0.003 -13"><span class='ocrx_word' id='word_1_320' title='bbox 292 2928 388 2977; x_wconf 83' lang='lat' dir='ltr'><strong>menta</strong></span> <span class='ocrx_word' id='word_1_321' title='bbox 407 2920 480 2979; x_wconf 84' lang='lat' dir='ltr'><strong>sicut</strong></span> <span class='ocrx_word' id='word_1_322' title='bbox 499 2919 615 2990; x_wconf 85' lang='lat' dir='ltr'><strong>quadam</strong></span> <span class='ocrx_word' id='word_1_323' title='bbox 634 2927 737 2974; x_wconf 66' lang='lat' dir='ltr'><strong>naturae</strong></span> <span class='ocrx_word' id='word_1_324' title='bbox 759 2918 960 2989; x_wconf 83' lang='lat' dir='ltr'><strong>propinquitate</strong></span> <span class='ocrx_word' id='word_1_325' title='bbox 977 2919 1087 2975; x_wconf 90' lang='lat' dir='ltr'><strong>sibimet</strong></span> <span class='ocrx_word' id='word_1_326' title='bbox 1136 2918 1192 2985; x_wconf 88' lang='lat' dir='ltr'><strong>dot,</strong></span> <span class='ocrx_word' id='word_1_327' title='bbox 1205 2918 1241 2973; x_wconf 83' lang='lat' dir='ltr'><strong>ad</strong></span> <span class='ocrx_word' id='word_1_328' title='bbox 1254 2917 1340 2973; x_wconf 82' lang='lat' dir='ltr'><strong>locunt</strong></span> <span class='ocrx_word' id='word_1_329' title='bbox 1351 2918 1520 2975; x_wconf 75' lang='lat' dir='ltr'><strong>undcemrtt</strong></span> <span class='ocrx_word' id='word_1_330' title='bbox 1530 2919 1641 2989; x_wconf 73' lang='lat' dir='ltr'><strong>pamirm</strong></span> <span class='ocrx_word' id='word_1_331' title='bbox 1655 2927 1828 2985; x_wconf 59' lang='lat' dir='ltr'><strong>euertuntur,</strong></span> <span class='ocrx_word' id='word_1_332' title='bbox 1840 2918 1926 2973; x_wconf 81' lang='lat' dir='ltr'><strong>stite·</strong></span> 
     </span>
     <span class='ocr_line' id='line_1_26' title="bbox 293 3007 1926 3082; baseline -0.002 -13"><span class='ocrx_word' id='word_1_333' title='bbox 293 3013 517 3079; x_wconf 87' lang='lat' dir='ltr'><strong>commiscentur,</strong></span> <span class='ocrx_word' id='word_1_334' title='bbox 528 3020 558 3067; x_wconf 91' lang='lat' dir='ltr'><strong>ut</strong></span> <span class='ocrx_word' id='word_1_335' title='bbox 572 3012 663 3067; x_wconf 93' lang='lat' dir='ltr'><strong>mnndi</strong></span> <span class='ocrx_word' id='word_1_336' title='bbox 675 3011 855 3082; x_wconf 75' lang='lat' dir='ltr'><strong>integritatem</strong></span> <span class='ocrx_word' id='word_1_337' title='bbox 869 3009 1029 3082; x_wconf 87' lang='lat' dir='ltr'><strong>perdciant:</strong></span> <span class='ocrx_word' id='word_1_338' title='bbox 1048 3011 1085 3068; x_wconf 91' lang='lat' dir='ltr'><strong>ita</strong></span> <span class='ocrx_word' id='word_1_339' title='bbox 1135 3026 1194 3063; x_wconf 85' lang='lat' dir='ltr'><strong>rum</strong></span> <span class='ocrx_word' id='word_1_340' title='bbox 1205 3010 1299 3080; x_wconf 72' lang='lat' dir='ltr'><strong>pluunt.</strong></span> <span class='ocrx_word' id='word_1_341' title='bbox 1315 3009 1386 3081; x_wconf 74' lang='lat' dir='ltr'><strong>ignis</strong></span> <span class='ocrx_word' id='word_1_342' title='bbox 1395 3024 1503 3080; x_wconf 90' lang='lat' dir='ltr'><strong>qnoque</strong></span> <span class='ocrx_word' id='word_1_343' title='bbox 1516 3007 1641 3064; x_wconf 90' lang='lat' dir='ltr'><strong>similiter</strong></span> <span class='ocrx_word' id='word_1_344' title='bbox 1658 3007 1809 3065; x_wconf 86' lang='lat' dir='ltr'><strong>naturalem</strong></span> <span class='ocrx_word' id='word_1_345' title='bbox 1820 3015 1926 3066; x_wconf 88' lang='lat' dir='ltr'><strong>motum</strong></span> 
     </span>
     <span class='ocr_line' id='line_1_27' title="bbox 290 3098 1928 3173; baseline -0.003 -15"><span class='ocrx_word' id='word_1_346' title='bbox 290 3104 378 3159; x_wconf 88' lang='lat' dir='ltr'><strong>etiam</strong></span> <span class='ocrx_word' id='word_1_347' title='bbox 389 3112 506 3173; x_wconf 88' lang='lat' dir='ltr'><strong>quatuor</strong></span> <span class='ocrx_word' id='word_1_348' title='bbox 517 3103 640 3172; x_wconf 91' lang='lat' dir='ltr'><strong>partibus</strong></span> <span class='ocrx_word' id='word_1_349' title='bbox 658 3102 748 3158; x_wconf 90' lang='lat' dir='ltr'><strong>crucis</strong></span> <span class='ocrx_word' id='word_1_350' title='bbox 764 3102 872 3157; x_wconf 88' lang='lat' dir='ltr'><strong>sibimet</strong></span> <span class='ocrx_word' id='word_1_351' title='bbox 885 3102 1040 3171; x_wconf 86' lang='lat' dir='ltr'><strong>sociantur,</strong></span> <span class='ocrx_word' id='word_1_352' title='bbox 1054 3109 1086 3159; x_wconf 91' lang='lat' dir='ltr'><strong>ut</strong></span> <span class='ocrx_word' id='word_1_353' title='bbox 1135 3100 1217 3156; x_wconf 89' lang='lat' dir='ltr'><strong>babet</strong></span> <span class='ocrx_word' id='word_1_354' title='bbox 1242 3099 1311 3155; x_wconf 91' lang='lat' dir='ltr'><strong>unde</strong></span> <span class='ocrx_word' id='word_1_355' title='bbox 1325 3099 1359 3154; x_wconf 93' lang='lat' dir='ltr'><strong>ad</strong></span> <span class='ocrx_word' id='word_1_356' title='bbox 1373 3099 1469 3156; x_wconf 87' lang='lat' dir='ltr'><strong>altiors</strong></span> <span class='ocrx_word' id='word_1_357' title='bbox 1485 3113 1515 3156; x_wconf 86' lang='lat' dir='ltr'><strong>se</strong></span> <span class='ocrx_word' id='word_1_358' title='bbox 1531 3113 1639 3171; x_wconf 84' lang='lat' dir='ltr'><strong>semper</strong></span> <span class='ocrx_word' id='word_1_359' title='bbox 1651 3098 1732 3171; x_wconf 77' lang='lat' dir='ltr'><strong>erigit</strong></span> <span class='ocrx_word' id='word_1_360' title='bbox 1746 3112 1886 3163; x_wconf 89' lang='lat' dir='ltr'><strong>accensus,</strong></span> <span class='ocrx_word' id='word_1_361' title='bbox 1897 3106 1928 3156; x_wconf 84' lang='grc' dir='ltr'>ει</span> 
     </span>
     <span class='ocr_line' id='line_1_28' title="bbox 292 3189 1926 3270; baseline -0.001 -22"><span class='ocrx_word' id='word_1_362' title='bbox 292 3198 444 3270; x_wconf 73' lang='lat' dir='ltr'><strong>perlectam</strong></span> <span class='ocrx_word' id='word_1_363' title='bbox 458 3197 575 3269; x_wconf 69' lang='lat' dir='ltr'><strong>speeiem</strong></span> <span class='ocrx_word' id='word_1_364' title='bbox 589 3196 649 3267; x_wconf 77' lang='lat' dir='ltr'><strong>ejus</strong></span> <span class='ocrx_word' id='word_1_365' title='bbox 665 3196 860 3252; x_wconf 71' lang='lat' dir='ltr'><strong>deprenso-ent.</strong></span> <span class='ocrx_word' id='word_1_366' title='bbox 875 3195 905 3252; x_wconf 76' lang='lat' dir='ltr'><strong>si</strong></span> <span class='ocrx_word' id='word_1_367' title='bbox 918 3204 1007 3253; x_wconf 71' lang='lat' dir='ltr'><strong>aurem</strong></span> <span class='ocrx_word' id='word_1_368' title='bbox 1018 3212 1087 3267; x_wconf 69' lang='lat' dir='ltr'><strong>qua.</strong></span> <span class='ocrx_word' id='word_1_369' title='bbox 1135 3190 1224 3245; x_wconf 90' lang='lat' dir='ltr'><strong>iocum</strong></span> <span class='ocrx_word' id='word_1_370' title='bbox 1239 3189 1290 3246; x_wconf 88' lang='lat' dir='ltr'><strong>sibi</strong></span> <span class='ocrx_word' id='word_1_371' title='bbox 1303 3204 1384 3261; x_wconf 92' lang='lat' dir='ltr'><strong>snper</strong></span> <span class='ocrx_word' id='word_1_372' title='bbox 1395 3205 1458 3246; x_wconf 84' lang='lat' dir='ltr'><strong>nera</strong></span> <span class='ocrx_word' id='word_1_373' title='bbox 1471 3191 1576 3260; x_wconf 81' lang='lat' dir='ltr'><strong>qnaerit.</strong></span> <span class='ocrx_word' id='word_1_374' title='bbox 1592 3189 1753 3247; x_wconf 77' lang='lat' dir='ltr'><strong>Discurrunt</strong></span> <span class='ocrx_word' id='word_1_375' title='bbox 1765 3189 1882 3262; x_wconf 76' lang='lat' dir='ltr'><strong>fulgura,</strong></span> <span class='ocrx_word' id='word_1_376' title='bbox 1897 3195 1926 3246; x_wconf 83' lang='lat' dir='ltr'><strong>ct</strong></span> 
     </span>
     <span class='ocr_line' id='line_1_29' title="bbox 292 3280 1923 3361; baseline -0.006 -16"><span class='ocrx_word' id='word_1_377' title='bbox 292 3300 358 3346; x_wconf 88' lang='lat' dir='ltr'><strong>tuor</strong></span> <span class='ocrx_word' id='word_1_378' title='bbox 370 3289 456 3361; x_wconf 74' lang='lat' dir='ltr'><strong>plagis</strong></span> <span class='ocrx_word' id='word_1_379' title='bbox 475 3289 550 3346; x_wconf 91' lang='lat' dir='ltr'><strong>orbis</strong></span> <span class='ocrx_word' id='word_1_380' title='bbox 568 3305 630 3346; x_wconf 93' lang='lat' dir='ltr'><strong>eam</strong></span> <span class='ocrx_word' id='word_1_381' title='bbox 652 3288 765 3345; x_wconf 86' lang='lat' dir='ltr'><strong>velimus</strong></span> <span class='ocrx_word' id='word_1_382' title='bbox 787 3288 936 3360; x_wconf 79' lang='lat' dir='ltr'><strong>assignare,</strong></span> <span class='ocrx_word' id='word_1_383' title='bbox 948 3286 1085 3358; x_wconf 82' lang='lat' dir='ltr'><strong>jacentem</strong></span> <span class='ocrx_word' id='word_1_384' title='bbox 1134 3281 1237 3338; x_wconf 72' lang='lat' dir='ltr'><strong>crebris</strong></span> <span class='ocrx_word' id='word_1_385' title='bbox 1256 3281 1339 3337; x_wconf 85' lang='lat' dir='ltr'><strong>micat</strong></span> <span class='ocrx_word' id='word_1_386' title='bbox 1353 3282 1459 3353; x_wconf 75' lang='lat' dir='ltr'><strong>ignibus</strong></span> <span class='ocrx_word' id='word_1_387' title='bbox 1479 3283 1573 3338; x_wconf 78' lang='lat' dir='ltr'><strong>nuber.</strong></span> <span class='ocrx_word' id='word_1_388' title='bbox 1593 3281 1726 3354; x_wconf 85' lang='lat' dir='ltr'><strong>Tempora</strong></span> <span class='ocrx_word' id='word_1_389' title='bbox 1740 3295 1857 3351; x_wconf 89' lang='lat' dir='ltr'><strong>namque</strong></span> <span class='ocrx_word' id='word_1_390' title='bbox 1869 3280 1923 3337; x_wconf 92' lang='lat' dir='ltr'><strong>cir·</strong></span> 
     </span>
     <span class='ocr_line' id='line_1_30' title="bbox 292 3374 1924 3452; baseline -0.004 -14"><span class='ocrx_word' id='word_1_391' title='bbox 292 3382 441 3439; x_wconf 74' lang='lat' dir='ltr'><strong>nacturum·</strong></span> <span class='ocrx_word' id='word_1_392' title='bbox 453 3395 564 3438; x_wconf 86' lang='lat' dir='ltr'><strong>neccsse</strong></span> <span class='ocrx_word' id='word_1_393' title='bbox 583 3388 625 3436; x_wconf 90' lang='lat' dir='ltr'><strong>est</strong></span> <span class='ocrx_word' id='word_1_394' title='bbox 644 3380 680 3436; x_wconf 92' lang='lat' dir='ltr'><strong>ita</strong></span> <span class='ocrx_word' id='word_1_395' title='bbox 705 3397 711 3433; x_wconf 94' lang='lat'>:</span> <span class='ocrx_word' id='word_1_396' title='bbox 732 3379 887 3450; x_wconf 91' lang='lat' dir='ltr'><strong>ntprimam</strong></span> <span class='ocrx_word' id='word_1_397' title='bbox 901 3387 1005 3452; x_wconf 88' lang='lat' dir='ltr'><strong>partem</strong></span> <span class='ocrx_word' id='word_1_398' title='bbox 1026 3379 1085 3451; x_wconf 80' lang='lat' dir='ltr'><strong>eins</strong></span> <span class='ocrx_word' id='word_1_399' title='bbox 1135 3374 1204 3433; x_wconf 88' lang='lat' dir='ltr'><strong>culis</strong></span> <span class='ocrx_word' id='word_1_400' title='bbox 1226 3382 1384 3443; x_wconf 86' lang='lat' dir='ltr'><strong>transeunt,</strong></span> <span class='ocrx_word' id='word_1_401' title='bbox 1402 3383 1431 3431; x_wconf 90' lang='lat' dir='ltr'><strong>et</strong></span> <span class='ocrx_word' id='word_1_402' title='bbox 1442 3375 1641 3433; x_wconf 89' lang='lat' dir='ltr'><strong>vicissitudines</strong></span> <span class='ocrx_word' id='word_1_403' title='bbox 1654 3384 1770 3447; x_wconf 88' lang='lat' dir='ltr'><strong>quatuor</strong></span> <span class='ocrx_word' id='word_1_404' title='bbox 1784 3384 1924 3433; x_wconf 85' lang='lat' dir='ltr'><strong>ternorum</strong></span> 
     </span>
     <span class='ocr_line' id='line_1_31' title="bbox 291 3456 1926 3541; baseline -0.004 -12"><span class='ocrx_word' id='word_1_405' title='bbox 291 3475 569 3541; x_wconf 85' lang='lat' dir='ltr'><strong>orienti,·cxtremam</strong></span> <span class='ocrx_word' id='word_1_406' title='bbox 579 3469 725 3538; x_wconf 86' lang='lat' dir='ltr'><strong>occidenti,</strong></span> <span class='ocrx_word' id='word_1_407' title='bbox 740 3470 861 3526; x_wconf 80' lang='lat' dir='ltr'><strong>dextram</strong></span> <span class='ocrx_word' id='word_1_408' title='bbox 874 3470 1003 3541; x_wconf 87' lang='lat' dir='ltr'><strong>aquiloni,</strong></span> <span class='ocrx_word' id='word_1_409' title='bbox 1019 3470 1085 3526; x_wconf 88' lang='lat' dir='ltr'><strong>sini-</strong></span> <span class='ocrx_word' id='word_1_410' title='bbox 1135 3469 1268 3524; x_wconf 87' lang='lat' dir='ltr'><strong>mensium</strong></span> <span class='ocrx_word' id='word_1_411' title='bbox 1281 3468 1392 3525; x_wconf 90' lang='lat' dir='ltr'><strong>orbibus</strong></span> <span class='ocrx_word' id='word_1_412' title='bbox 1416 3477 1489 3524; x_wconf 90' lang='lat' dir='ltr'><strong>eunt.</strong></span> <span class='ocrx_word' id='word_1_413' title='bbox 1513 3456 1607 3524; x_wconf 78' lang='lat' dir='ltr'><strong>Annus</strong></span> <span class='ocrx_word' id='word_1_414' title='bbox 1628 3483 1735 3538; x_wconf 88' lang='lat' dir='ltr'><strong>quoquc</strong></span> <span class='ocrx_word' id='word_1_415' title='bbox 1754 3469 1788 3524; x_wconf 89' lang='lat' dir='ltr'><strong>ab</strong></span> <span class='ocrx_word' id='word_1_416' title='bbox 1805 3482 1838 3525; x_wconf 89' lang='lat' dir='ltr'><strong>eo</strong></span> <span class='ocrx_word' id='word_1_417' title='bbox 1852 3466 1926 3539; x_wconf 90' lang='lat' dir='ltr'><strong>qnod</strong></span> 
     </span>
     <span class='ocr_line' id='line_1_32' title="bbox 291 3557 1924 3634; baseline -0.004 -13"><span class='ocrx_word' id='word_1_418' title='bbox 291 3574 383 3621; x_wconf 81' lang='lat' dir='ltr'><strong>stram</strong></span> <span class='ocrx_word' id='word_1_419' title='bbox 396 3572 488 3621; x_wconf 87' lang='lat' dir='ltr'><strong>austro</strong></span> <span class='ocrx_word' id='word_1_420' title='bbox 507 3564 674 3634; x_wconf 89' lang='lat' dir='ltr'><strong>deputemus.</strong></span> <span class='ocrx_word' id='word_1_421' title='bbox 695 3560 826 3619; x_wconf 88' lang='lat' dir='ltr'><strong>Similiter</strong></span> <span class='ocrx_word' id='word_1_422' title='bbox 846 3578 954 3634; x_wconf 87' lang='lat' dir='ltr'><strong>quoque</strong></span> <span class='ocrx_word' id='word_1_423' title='bbox 968 3571 1085 3634; x_wconf 89' lang='lat' dir='ltr'><strong>quatuor</strong></span> <span class='ocrx_word' id='word_1_424' title='bbox 1135 3577 1243 3632; x_wconf 83' lang='lat' dir='ltr'><strong>semper</strong></span> <span class='ocrx_word' id='word_1_425' title='bbox 1254 3569 1395 3628; x_wconf 88' lang='lat' dir='ltr'><strong>vertatur,</strong></span> <span class='ocrx_word' id='word_1_426' title='bbox 1410 3570 1438 3617; x_wconf 84' lang='lat' dir='ltr'><strong>et</strong></span> <span class='ocrx_word' id='word_1_427' title='bbox 1449 3562 1477 3617; x_wconf 94' lang='lat' dir='ltr'><strong>in</strong></span> <span class='ocrx_word' id='word_1_428' title='bbox 1492 3576 1521 3616; x_wconf 90' lang='lat' dir='ltr'><strong>se</strong></span> <span class='ocrx_word' id='word_1_429' title='bbox 1534 3561 1627 3617; x_wconf 88' lang='lat' dir='ltr'><strong>redeat</strong></span> <span class='ocrx_word' id='word_1_430' title='bbox 1640 3574 1736 3615; x_wconf 87' lang='lat' dir='ltr'><strong>nomen</strong></span> <span class='ocrx_word' id='word_1_431' title='bbox 1748 3559 1862 3630; x_wconf 89' lang='lat' dir='ltr'><strong>accepit.</strong></span> <span class='ocrx_word' id='word_1_432' title='bbox 1879 3557 1924 3615; x_wconf 82' lang='lat' dir='ltr'><strong>bt-</strong></span> 
     </span>
     <span class='ocr_line' id='line_1_33' title="bbox 291 3652 1924 3727; baseline -0.001 -18"><span class='ocrx_word' id='word_1_433' title='bbox 291 3657 495 3713; x_wconf 84' lang='lat' dir='ltr'><strong>ricissitudines</strong></span> <span class='ocrx_word' id='word_1_434' title='bbox 507 3665 657 3727; x_wconf 90' lang='lat' dir='ltr'><strong>temporum</strong></span> <span class='ocrx_word' id='word_1_435' title='bbox 670 3655 802 3712; x_wconf 86' lang='lat' dir='ltr'><strong>naturalis</strong></span> <span class='ocrx_word' id='word_1_436' title='bbox 811 3655 876 3721; x_wconf 89' lang='lat' dir='ltr'><strong>diei,</strong></span> <span class='ocrx_word' id='word_1_437' title='bbox 891 3655 984 3712; x_wconf 85' lang='lat' dir='ltr'><strong>eadem</strong></span> <span class='ocrx_word' id='word_1_438' title='bbox 996 3655 1085 3725; x_wconf 90' lang='lat' dir='ltr'><strong>dispo-</strong></span> <span class='ocrx_word' id='word_1_439' title='bbox 1135 3654 1206 3709; x_wconf 84' lang='lat' dir='ltr'><strong>citur</strong></span> <span class='ocrx_word' id='word_1_440' title='bbox 1214 3661 1242 3708; x_wconf 92' lang='lat' dir='ltr'><strong>et</strong></span> <span class='ocrx_word' id='word_1_441' title='bbox 1250 3654 1325 3709; x_wconf 91' lang='lat' dir='ltr'><strong>orbis</strong></span> <span class='ocrx_word' id='word_1_442' title='bbox 1336 3661 1414 3709; x_wconf 84' lang='lat' dir='ltr'><strong>terrae</strong></span> <span class='ocrx_word' id='word_1_443' title='bbox 1426 3663 1455 3709; x_wconf 90' lang='lat' dir='ltr'><strong>et</strong></span> <span class='ocrx_word' id='word_1_444' title='bbox 1464 3653 1568 3724; x_wconf 76' lang='lat' dir='ltr'><strong>vertigo</strong></span> <span class='ocrx_word' id='word_1_445' title='bbox 1579 3652 1632 3723; x_wconf 89' lang='lat' dir='ltr'><strong>poli</strong></span> <span class='ocrx_word' id='word_1_446' title='bbox 1646 3661 1732 3708; x_wconf 90' lang='lat' dir='ltr'><strong>terras</strong></span> <span class='ocrx_word' id='word_1_447' title='bbox 1742 3659 1824 3722; x_wconf 90' lang='lat' dir='ltr'><strong>atquc</strong></span> <span class='ocrx_word' id='word_1_448' title='bbox 1833 3665 1924 3721; x_wconf 68' lang='lat' dir='ltr'><strong>aequo·</strong></span> 
     </span>
     <span class='ocr_line' id='line_1_34' title="bbox 292 3740 1923 3817; baseline -0.004 -15"><span class='ocrx_word' id='word_1_449' title='bbox 292 3747 396 3803; x_wconf 88' lang='lat' dir='ltr'><strong>sitione</strong></span> <span class='ocrx_word' id='word_1_450' title='bbox 411 3747 437 3802; x_wconf 89' lang='lat' dir='ltr'><strong>in</strong></span> <span class='ocrx_word' id='word_1_451' title='bbox 449 3762 530 3804; x_wconf 90' lang='lat' dir='ltr'><strong>cruce</strong></span> <span class='ocrx_word' id='word_1_452' title='bbox 541 3755 656 3817; x_wconf 82' lang='lat' dir='ltr'><strong>possunt</strong></span> <span class='ocrx_word' id='word_1_453' title='bbox 668 3746 792 3813; x_wconf 90' lang='lat' dir='ltr'><strong>adunari,</strong></span> <span class='ocrx_word' id='word_1_454' title='bbox 808 3754 838 3801; x_wconf 93' lang='lat' dir='ltr'><strong>ut</strong></span> <span class='ocrx_word' id='word_1_455' title='bbox 852 3761 906 3800; x_wconf 92' lang='lat' dir='ltr'><strong>una</strong></span> <span class='ocrx_word' id='word_1_456' title='bbox 919 3746 1023 3816; x_wconf 88' lang='lat' dir='ltr'><strong>species</strong></span> <span class='ocrx_word' id='word_1_457' title='bbox 1035 3760 1084 3800; x_wconf 90' lang='lat' dir='ltr'><strong>an·</strong></span> <span class='ocrx_word' id='word_1_458' title='bbox 1136 3758 1167 3798; x_wconf 90' lang='lat' dir='ltr'><strong>ra</strong></span> <span class='ocrx_word' id='word_1_459' title='bbox 1181 3743 1401 3799; x_wconf 70' lang='lat' dir='ltr'><strong>circumvolvere.</strong></span> <span class='ocrx_word' id='word_1_460' title='bbox 1415 3743 1522 3815; x_wconf 82' lang='lat' dir='ltr'><strong>Gyrans</strong></span> <span class='ocrx_word' id='word_1_461' title='bbox 1535 3742 1655 3815; x_wconf 76' lang='lat' dir='ltr'><strong>gyrando</strong></span> <span class='ocrx_word' id='word_1_462' title='bbox 1667 3742 1742 3798; x_wconf 89' lang='lat' dir='ltr'><strong>vadit</strong></span> <span class='ocrx_word' id='word_1_463' title='bbox 1756 3740 1877 3813; x_wconf 89' lang='lat' dir='ltr'><strong>spiritus,</strong></span> <span class='ocrx_word' id='word_1_464' title='bbox 1893 3748 1923 3797; x_wconf 89' lang='lat' dir='ltr'><strong>et</strong></span> 
     </span>
     <span class='ocr_line' id='line_1_35' title="bbox 292 3830 1926 3910; baseline -0.003 -18"><span class='ocrx_word' id='word_1_465' title='bbox 292 3838 324 3892; x_wconf 85' lang='lat' dir='ltr'><strong>ni</strong></span> <span class='ocrx_word' id='word_1_466' title='bbox 345 3837 469 3894; x_wconf 84' lang='lat' dir='ltr'><strong>sivediei</strong></span> <span class='ocrx_word' id='word_1_467' title='bbox 484 3852 602 3910; x_wconf 78' lang='lat' dir='ltr'><strong>congrue</strong></span> <span class='ocrx_word' id='word_1_468' title='bbox 625 3838 652 3892; x_wconf 93' lang='lat' dir='ltr'><strong>in</strong></span> <span class='ocrx_word' id='word_1_469' title='bbox 670 3837 713 3893; x_wconf 92' lang='lat' dir='ltr'><strong>bis</strong></span> <span class='ocrx_word' id='word_1_470' title='bbox 723 3848 804 3908; x_wconf 85' lang='lat' dir='ltr'><strong>queat</strong></span> <span class='ocrx_word' id='word_1_471' title='bbox 815 3837 931 3894; x_wconf 87' lang='lat' dir='ltr'><strong>ostendi.</strong></span> <span class='ocrx_word' id='word_1_472' title='bbox 944 3837 998 3893; x_wconf 81' lang='lat' dir='ltr'><strong>Ver</strong></span> <span class='ocrx_word' id='word_1_473' title='bbox 1011 3836 1084 3892; x_wconf 90' lang='lat' dir='ltr'><strong>eninr</strong></span> <span class='ocrx_word' id='word_1_474' title='bbox 1135 3830 1164 3886; x_wconf 91' lang='lat' dir='ltr'><strong>in</strong></span> <span class='ocrx_word' id='word_1_475' title='bbox 1179 3830 1294 3888; x_wconf 90' lang='lat' dir='ltr'><strong>circulos</strong></span> <span class='ocrx_word' id='word_1_476' title='bbox 1303 3845 1367 3888; x_wconf 91' lang='lat' dir='ltr'><strong>suos</strong></span> <span class='ocrx_word' id='word_1_477' title='bbox 1378 3832 1531 3888; x_wconf 89' lang='lat' dir='ltr'><strong>revertitur.</strong></span> <span class='ocrx_word' id='word_1_478' title='bbox 1542 3832 1666 3902; x_wconf 84' lang='lat' dir='ltr'><strong>Quinque</strong></span> <span class='ocrx_word' id='word_1_479' title='bbox 1674 3838 1768 3887; x_wconf 88' lang='lat' dir='ltr'><strong>tenent</strong></span> <span class='ocrx_word' id='word_1_480' title='bbox 1778 3846 1852 3887; x_wconf 82' lang='lat' dir='ltr'><strong>rouae</strong></span> <span class='ocrx_word' id='word_1_481' title='bbox 1868 3845 1926 3887; x_wconf 79' lang='lat' dir='ltr'><strong>cce·</strong></span> 
     </span>
     <span class='ocr_line' id='line_1_36' title="bbox 293 3919 1925 3998; baseline -0.006 -14"><span class='ocrx_word' id='word_1_482' title='bbox 293 3938 378 3998; x_wconf 84' lang='lat' dir='ltr'><strong>atque</strong></span> <span class='ocrx_word' id='word_1_483' title='bbox 399 3943 497 3984; x_wconf 87' lang='lat' dir='ltr'><strong>aurora</strong></span> <span class='ocrx_word' id='word_1_484' title='bbox 515 3939 605 3983; x_wconf 90' lang='lat' dir='ltr'><strong>crtum</strong></span> <span class='ocrx_word' id='word_1_485' title='bbox 626 3927 695 3984; x_wconf 91' lang='lat' dir='ltr'><strong>lucis</strong></span> <span class='ocrx_word' id='word_1_486' title='bbox 714 3935 742 3983; x_wconf 89' lang='lat' dir='ltr'><strong>et</strong></span> <span class='ocrx_word' id='word_1_487' title='bbox 763 3927 940 3984; x_wconf 82' lang='lat' dir='ltr'><strong>coalescentia</strong></span> <span class='ocrx_word' id='word_1_488' title='bbox 961 3926 988 3983; x_wconf 95' lang='lat' dir='ltr'><strong>iu</strong></span> <span class='ocrx_word' id='word_1_489' title='bbox 1011 3935 1085 3982; x_wconf 89' lang='lat' dir='ltr'><strong>terra</strong></span> <span class='ocrx_word' id='word_1_490' title='bbox 1135 3923 1203 3990; x_wconf 93' lang='lat' dir='ltr'><strong>lum,</strong></span> <span class='ocrx_word' id='word_1_491' title='bbox 1216 3922 1341 3995; x_wconf 88' lang='lat' dir='ltr'><strong>obliquus</strong></span> <span class='ocrx_word' id='word_1_492' title='bbox 1353 3939 1406 3994; x_wconf 91' lang='lat' dir='ltr'><strong>qua</strong></span> <span class='ocrx_word' id='word_1_493' title='bbox 1428 3938 1458 3980; x_wconf 92' lang='lat' dir='ltr'><strong>se</strong></span> <span class='ocrx_word' id='word_1_494' title='bbox 1478 3923 1618 3993; x_wconf 74' lang='lat' dir='ltr'><strong>signorum</strong></span> <span class='ocrx_word' id='word_1_495' title='bbox 1637 3922 1750 3978; x_wconf 90' lang='lat' dir='ltr'><strong>verterit</strong></span> <span class='ocrx_word' id='word_1_496' title='bbox 1762 3921 1839 3978; x_wconf 91' lang='lat' dir='ltr'><strong>ordo.</strong></span> <span class='ocrx_word' id='word_1_497' title='bbox 1853 3919 1925 3976; x_wconf 87' lang='lat' dir='ltr'><strong>Sunt</strong></span> 
     </span>
     <span class='ocr_line' id='line_1_37' title="bbox 293 4014 1923 4090; baseline -0.002 -17"><span class='ocrx_word' id='word_1_498' title='bbox 293 4018 417 4089; x_wconf 73' lang='lat' dir='ltr'><strong>germina</strong></span> <span class='ocrx_word' id='word_1_499' title='bbox 430 4017 525 4074; x_wconf 86' lang='lat' dir='ltr'><strong>ordine</strong></span> <span class='ocrx_word' id='word_1_500' title='bbox 539 4019 748 4090; x_wconf 85' lang='lat' dir='ltr'><strong>sucproierunt,</strong></span> <span class='ocrx_word' id='word_1_501' title='bbox 762 4027 790 4075; x_wconf 92' lang='lat' dir='ltr'><strong>et</strong></span> <span class='ocrx_word' id='word_1_502' title='bbox 800 4021 835 4076; x_wconf 93' lang='lat' dir='ltr'><strong>ob</strong></span> <span class='ocrx_word' id='word_1_503' title='bbox 849 4020 902 4075; x_wconf 91' lang='lat' dir='ltr'><strong>boc</strong></span> <span class='ocrx_word' id='word_1_504' title='bbox 917 4019 985 4074; x_wconf 89' lang='lat' dir='ltr'><strong>bene</strong></span> <span class='ocrx_word' id='word_1_505' title='bbox 996 4018 1085 4073; x_wconf 90' lang='lat' dir='ltr'><strong>orien-</strong></span> <span class='ocrx_word' id='word_1_506' title='bbox 1135 4030 1242 4085; x_wconf 89' lang='lat' dir='ltr'><strong>quoqne</strong></span> <span class='ocrx_word' id='word_1_507' title='bbox 1253 4024 1281 4070; x_wconf 88' lang='lat' dir='ltr'><strong>et</strong></span> <span class='ocrx_word' id='word_1_508' title='bbox 1294 4016 1345 4086; x_wconf 85' lang='lat' dir='ltr'><strong>ipsi</strong></span> <span class='ocrx_word' id='word_1_509' title='bbox 1354 4029 1449 4071; x_wconf 90' lang='lat' dir='ltr'><strong>versus</strong></span> <span class='ocrx_word' id='word_1_510' title='bbox 1460 4015 1560 4072; x_wconf 88' lang='lat' dir='ltr'><strong>intotis</strong></span> <span class='ocrx_word' id='word_1_511' title='bbox 1570 4015 1715 4086; x_wconf 82' lang='lat' dir='ltr'><strong>conscripti</strong></span> <span class='ocrx_word' id='word_1_512' title='bbox 1729 4014 1855 4086; x_wconf 84' lang='lat' dir='ltr'><strong>spbaerici</strong></span> <span class='ocrx_word' id='word_1_513' title='bbox 1865 4015 1923 4071; x_wconf 80' lang='lat' dir='ltr'><strong>sivo</strong></span> 
     </span>
     <span class='ocr_line' id='line_1_38' title="bbox 295 4097 1925 4182; baseline -0.006 -14"><span class='ocrx_word' id='word_1_514' title='bbox 295 4112 316 4164; x_wconf 89' lang='lat' dir='ltr'><strong>ti</strong></span> <span class='ocrx_word' id='word_1_515' title='bbox 328 4110 502 4181; x_wconf 86' lang='lat' dir='ltr'><strong>deputantur.</strong></span> <span class='ocrx_word' id='word_1_516' title='bbox 517 4097 609 4167; x_wconf 76' lang='lat' dir='ltr'><strong>AEstas</strong></span> <span class='ocrx_word' id='word_1_517' title='bbox 625 4119 715 4166; x_wconf 86' lang='lat' dir='ltr'><strong>antem</strong></span> <span class='ocrx_word' id='word_1_518' title='bbox 736 4120 816 4182; x_wconf 87' lang='lat' dir='ltr'><strong>atque</strong></span> <span class='ocrx_word' id='word_1_519' title='bbox 836 4105 962 4166; x_wconf 77' lang='lat' dir='ltr'><strong>merides</strong></span> <span class='ocrx_word' id='word_1_520' title='bbox 973 4117 1085 4180; x_wconf 88' lang='lat' dir='ltr'><strong>propter</strong></span> <span class='ocrx_word' id='word_1_521' title='bbox 1134 4103 1274 4161; x_wconf 73' lang='lat' dir='ltr'><strong>circularis</strong></span> <span class='ocrx_word' id='word_1_522' title='bbox 1287 4105 1392 4160; x_wconf 90' lang='lat' dir='ltr'><strong>numeri</strong></span> <span class='ocrx_word' id='word_1_523' title='bbox 1413 4123 1420 4159; x_wconf 89' lang='lat'>:</span> <span class='ocrx_word' id='word_1_524' title='bbox 1436 4105 1527 4169; x_wconf 91' lang='lat' dir='ltr'><strong>idest,</strong></span> <span class='ocrx_word' id='word_1_525' title='bbox 1541 4106 1650 4179; x_wconf 73' lang='lat' dir='ltr'><strong>triginta</strong></span> <span class='ocrx_word' id='word_1_526' title='bbox 1665 4120 1713 4161; x_wconf 84' lang='lat' dir='ltr'><strong>sex</strong></span> <span class='ocrx_word' id='word_1_527' title='bbox 1727 4105 1772 4175; x_wconf 92' lang='lat' dir='ltr'><strong>qui</strong></span> <span class='ocrx_word' id='word_1_528' title='bbox 1784 4118 1833 4176; x_wconf 89' lang='lat' dir='ltr'><strong>per</strong></span> <span class='ocrx_word' id='word_1_529' title='bbox 1843 4117 1925 4160; x_wconf 88' lang='lat' dir='ltr'><strong>sena·</strong></span> 
     </span>
     <span class='ocr_line' id='line_1_39' title="bbox 295 4185 1926 4272; baseline -0.001 -19"><span class='ocrx_word' id='word_1_530' title='bbox 295 4196 430 4255; x_wconf 74' lang='lat' dir='ltr'><strong>fervorem</strong></span> <span class='ocrx_word' id='word_1_531' title='bbox 452 4207 546 4255; x_wconf 85' lang='lat' dir='ltr'><strong>austro</strong></span> <span class='ocrx_word' id='word_1_532' title='bbox 568 4208 737 4270; x_wconf 88' lang='lat' dir='ltr'><strong>coaptantur,</strong></span> <span class='ocrx_word' id='word_1_533' title='bbox 763 4202 826 4272; x_wconf 83' lang='lat' dir='ltr'><strong>quia</strong></span> <span class='ocrx_word' id='word_1_534' title='bbox 844 4201 908 4257; x_wconf 89' lang='lat' dir='ltr'><strong>dum</strong></span> <span class='ocrx_word' id='word_1_535' title='bbox 930 4200 958 4256; x_wconf 95' lang='lat' dir='ltr'><strong>in</strong></span> <span class='ocrx_word' id='word_1_536' title='bbox 975 4201 1084 4256; x_wconf 88' lang='lat' dir='ltr'><strong>eisdem</strong></span> <span class='ocrx_word' id='word_1_537' title='bbox 1134 4198 1205 4251; x_wconf 89' lang='lat' dir='ltr'><strong>rium</strong></span> <span class='ocrx_word' id='word_1_538' title='bbox 1232 4185 1340 4250; x_wconf 89' lang='lat' dir='ltr'><strong>senario</strong></span> <span class='ocrx_word' id='word_1_539' title='bbox 1365 4195 1541 4266; x_wconf 88' lang='lat' dir='ltr'><strong>multiplicato</strong></span> <span class='ocrx_word' id='word_1_540' title='bbox 1561 4196 1591 4251; x_wconf 91' lang='lat' dir='ltr'><strong>in</strong></span> <span class='ocrx_word' id='word_1_541' title='bbox 1615 4196 1749 4251; x_wconf 88' lang='lat' dir='ltr'><strong>senarium</strong></span> <span class='ocrx_word' id='word_1_542' title='bbox 1775 4194 1926 4259; x_wconf 80' lang='lat' dir='ltr'><strong>terminat.</strong></span> 
     </span>
     <span class='ocr_line' id='line_1_40' title="bbox 295 4283 1908 4362; baseline -0.002 -18"><span class='ocrx_word' id='word_1_543' title='bbox 295 4289 357 4344; x_wconf 85' lang='lat' dir='ltr'><strong>coeli</strong></span> <span class='ocrx_word' id='word_1_544' title='bbox 372 4288 494 4358; x_wconf 88' lang='lat' dir='ltr'><strong>partibus</strong></span> <span class='ocrx_word' id='word_1_545' title='bbox 505 4288 546 4345; x_wconf 93' lang='lat' dir='ltr'><strong>sol</strong></span> <span class='ocrx_word' id='word_1_546' title='bbox 558 4289 687 4361; x_wconf 72' lang='lat' dir='ltr'><strong>erigitur,</strong></span> <span class='ocrx_word' id='word_1_547' title='bbox 703 4289 876 4362; x_wconf 71' lang='lat' dir='ltr'><strong>flagrantiore</strong></span> <span class='ocrx_word' id='word_1_548' title='bbox 886 4290 1016 4345; x_wconf 91' lang='lat' dir='ltr'><strong>mundum</strong></span> <span class='ocrx_word' id='word_1_549' title='bbox 1029 4294 1085 4344; x_wconf 88' lang='lat' dir='ltr'><strong>tor-</strong></span> <span class='ocrx_word' id='word_1_550' title='bbox 1134 4296 1251 4352; x_wconf 82' lang='lat' dir='ltr'><strong>quornm</strong></span> <span class='ocrx_word' id='word_1_551' title='bbox 1267 4285 1370 4355; x_wconf 88' lang='lat' dir='ltr'><strong>primus</strong></span> <span class='ocrx_word' id='word_1_552' title='bbox 1381 4285 1409 4340; x_wconf 89' lang='lat' dir='ltr'><strong>in</strong></span> <span class='ocrx_word' id='word_1_553' title='bbox 1426 4300 1552 4357; x_wconf 85' lang='lat' dir='ltr'><strong>supremo</strong></span> <span class='ocrx_word' id='word_1_554' title='bbox 1566 4283 1668 4341; x_wconf 90' lang='lat' dir='ltr'><strong>circulo</strong></span> <span class='ocrx_word' id='word_1_555' title='bbox 1678 4285 1724 4340; x_wconf 90' lang='lat' dir='ltr'><strong>bic</strong></span> <span class='ocrx_word' id='word_1_556' title='bbox 1735 4293 1777 4340; x_wconf 90' lang='lat' dir='ltr'><strong>est</strong></span> <span class='ocrx_word' id='word_1_557' title='bbox 1787 4298 1908 4341; x_wconf 79' lang='lat' dir='ltr'><strong>versus:</strong></span> 
     </span>
    </p>
   </div>
   <div class='ocr_carea' id='block_1_4' title="bbox 296 4377 1779 4564">
    <p class='ocr_par' dir='ltr' id='par_1_4' title="bbox 296 4377 1779 4564">
     <span class='ocr_line' id='line_1_41' title="bbox 296 4377 1779 4472; baseline 0.007 -23"><span class='ocrx_word' id='word_1_558' title='bbox 296 4387 339 4432; x_wconf 64' lang='grc' dir='ltr'><strong><em>Μ</em></strong></span> <span class='ocrx_word' id='word_1_559' title='bbox 351 4377 449 4433; x_wconf 53' lang='grc' dir='ltr'><strong>ΨΙΟΓΘ·</strong></span> <span class='ocrx_word' id='word_1_560' title='bbox 464 4377 616 4434; x_wconf 63' lang='lat' dir='ltr'><strong>Aflfflmmls</strong></span> <span class='ocrx_word' id='word_1_561' title='bbox 635 4393 752 4449; x_wconf 62' lang='lat' dir='ltr'><strong>”amque</strong></span> <span class='ocrx_word' id='word_1_562' title='bbox 768 4384 796 4434; x_wconf 59' lang='grc' dir='ltr'><strong>θ*</strong></span> <span class='ocrx_word' id='word_1_563' title='bbox 817 4393 928 4449; x_wconf 63' lang='lat' dir='ltr'><strong>l&#39;edim</strong></span> <span class='ocrx_word' id='word_1_564' title='bbox 938 4378 999 4449; x_wconf 59' lang='lat'><strong>1¹³⁰</strong></span> <span class='ocrx_word' id='word_1_565' title='bbox 1013 4377 1085 4433; x_wconf 63' lang='lat'>⁰⁰⁰5·</span> <span class='ocrx_word' id='word_1_566' title='bbox 1196 4403 1247 4455; x_wconf 79' lang='lat' dir='ltr'><strong>Ver</strong></span> <span class='ocrx_word' id='word_1_567' title='bbox 1257 4405 1341 4456; x_wconf 85' lang='lat' dir='ltr'><strong>oriens</strong></span> <span class='ocrx_word' id='word_1_568' title='bbox 1351 4409 1418 4470; x_wconf 74' lang='lat' dir='ltr'><strong>iguis</strong></span> <span class='ocrx_word' id='word_1_569' title='bbox 1428 4418 1514 4460; x_wconf 83' lang='lat' dir='ltr'><strong>aurora</strong></span> <span class='ocrx_word' id='word_1_570' title='bbox 1524 4410 1647 4472; x_wconf 83' lang='lat' dir='ltr'><strong>bacpsrte</strong></span> <span class='ocrx_word' id='word_1_571' title='bbox 1658 4408 1779 4460; x_wconf 64' lang='lat' dir='ltr'><strong>relucent</strong></span> 
     </span>
     <span class='ocr_line' id='line_1_42' title="bbox 296 4466 1419 4564; baseline 0 -42"><span class='ocrx_word' id='word_1_572' title='bbox 296 4467 371 4522; x_wconf 72' lang='lat' dir='ltr'><strong>denti</strong></span> <span class='ocrx_word' id='word_1_573' title='bbox 384 4466 581 4536; x_wconf 87' lang='lat' dir='ltr'><strong>mancipantur,</strong></span> <span class='ocrx_word' id='word_1_574' title='bbox 598 4480 631 4523; x_wconf 88' lang='lat' dir='ltr'><strong>eo</strong></span> <span class='ocrx_word' id='word_1_575' title='bbox 646 4467 718 4537; x_wconf 91' lang='lat' dir='ltr'><strong>quod</strong></span> <span class='ocrx_word' id='word_1_576' title='bbox 737 4474 803 4523; x_wconf 91' lang='lat' dir='ltr'><strong>tnnc</strong></span> <span class='ocrx_word' id='word_1_577' title='bbox 814 4467 935 4523; x_wconf 91' lang='lat' dir='ltr'><strong>omnium</strong></span> <span class='ocrx_word' id='word_1_578' title='bbox 947 4466 1084 4522; x_wconf 82' lang='lat' dir='ltr'><strong>fructuum</strong></span> <span class='ocrx_word' id='word_1_579' title='bbox 1133 4502 1163 4561; x_wconf 66' lang='lat' dir='ltr'><strong>ln</strong></span> <span class='ocrx_word' id='word_1_580' title='bbox 1177 4503 1269 4561; x_wconf 62' lang='lat' dir='ltr'>infimo</span> <span class='ocrx_word' id='word_1_581' title='bbox 1280 4508 1419 4564; x_wconf 50' lang='lat' dir='ltr'><strong>mohin:</strong></span> 
     </span>
    </p>
   </div>
   <div class='ocr_carea' id='block_1_5' title="bbox 294 4554 1808 5165">
    <p class='ocr_par' dir='ltr' id='par_1_5' title="bbox 295 4554 1449 4808">
     <span class='ocr_line' id='line_1_43' title="bbox 296 4554 1083 4627; baseline 0 -17"><span class='ocrx_word' id='word_1_582' title='bbox 296 4565 377 4610; x_wconf 75' lang='lat' dir='ltr'><strong>terrae</strong></span> <span class='ocrx_word' id='word_1_583' title='bbox 390 4555 486 4610; x_wconf 88' lang='lat' dir='ltr'><strong>messis</strong></span> <span class='ocrx_word' id='word_1_584' title='bbox 499 4554 602 4622; x_wconf 82' lang='lat' dir='ltr'><strong>finitur,</strong></span> <span class='ocrx_word' id='word_1_585' title='bbox 615 4564 643 4612; x_wconf 92' lang='grc' dir='ltr'>ει</span> <span class='ocrx_word' id='word_1_586' title='bbox 658 4555 780 4625; x_wconf 83' lang='lat' dir='ltr'><strong>totadiei</strong></span> <span class='ocrx_word' id='word_1_587' title='bbox 792 4557 879 4627; x_wconf 89' lang='lat' dir='ltr'><strong>spatia</strong></span> <span class='ocrx_word' id='word_1_588' title='bbox 894 4556 1083 4612; x_wconf 85' lang='lat' dir='ltr'><strong>terminantur.</strong></span> 
     </span>
     <span class='ocr_line' id='line_1_44' title="bbox 298 4645 1084 4717; baseline 0 -17"><span class='ocrx_word' id='word_1_589' title='bbox 298 4645 467 4716; x_wconf 79' lang='lat' dir='ltr'><strong>lliemserqo</strong></span> <span class='ocrx_word' id='word_1_590' title='bbox 487 4654 516 4701; x_wconf 88' lang='lat' dir='ltr'><strong>et</strong></span> <span class='ocrx_word' id='word_1_591' title='bbox 526 4645 716 4716; x_wconf 89' lang='lat' dir='ltr'><strong>intempestum</strong></span> <span class='ocrx_word' id='word_1_592' title='bbox 735 4646 912 4717; x_wconf 88' lang='lat' dir='ltr'><strong>septentrioni</strong></span> <span class='ocrx_word' id='word_1_593' title='bbox 932 4645 1084 4701; x_wconf 86' lang='lat' dir='ltr'><strong>assimilan-</strong></span> 
     </span>
     <span class='ocr_line' id='line_1_45' title="bbox 295 4722 1449 4808; baseline 0.003 -18"><span class='ocrx_word' id='word_1_594' title='bbox 295 4746 351 4801; x_wconf 86' lang='lat' dir='ltr'><strong>tur,</strong></span> <span class='ocrx_word' id='word_1_595' title='bbox 374 4750 407 4792; x_wconf 90' lang='lat' dir='ltr'><strong>co</strong></span> <span class='ocrx_word' id='word_1_596' title='bbox 429 4735 500 4806; x_wconf 90' lang='lat' dir='ltr'><strong>qnod</strong></span> <span class='ocrx_word' id='word_1_597' title='bbox 521 4744 585 4791; x_wconf 93' lang='lat' dir='ltr'><strong>tunc</strong></span> <span class='ocrx_word' id='word_1_598' title='bbox 607 4744 679 4791; x_wconf 89' lang='lat' dir='ltr'><strong>terra</strong></span> <span class='ocrx_word' id='word_1_599' title='bbox 698 4736 799 4808; x_wconf 76' lang='lat' dir='ltr'><strong>frigore</strong></span> <span class='ocrx_word' id='word_1_600' title='bbox 820 4745 936 4807; x_wconf 85' lang='lat' dir='ltr'><strong>torpeat,</strong></span> <span class='ocrx_word' id='word_1_601' title='bbox 956 4745 984 4792; x_wconf 93' lang='lat' dir='ltr'><strong>et</strong></span> <span class='ocrx_word' id='word_1_602' title='bbox 999 4737 1085 4807; x_wconf 73' lang='lat' dir='ltr'><strong>magis</strong></span> <span class='ocrx_word' id='word_1_603' title='bbox 1135 4722 1234 4777; x_wconf 73' lang='lat'><strong>⁰⁰¹²¹¹⁰</strong></span> <span class='ocrx_word' id='word_1_604' title='bbox 1248 4736 1365 4793; x_wconf 64' lang='lat' dir='ltr'><strong>”lmine</strong></span> <span class='ocrx_word' id='word_1_605' title='bbox 1378 4722 1449 4777; x_wconf 67' lang='lat'>¹¹5⁰²</span> 
     </span>
    </p>

    <p class='ocr_par' dir='ltr' id='par_1_6' title="bbox 296 4824 1808 4993">
     <span class='ocr_line' id='line_1_46' title="bbox 296 4824 1808 4897; baseline 0.004 -18"><span class='ocrx_word' id='word_1_606' title='bbox 296 4826 380 4894; x_wconf 90' lang='lat' dir='ltr'><strong>quieti</strong></span> <span class='ocrx_word' id='word_1_607' title='bbox 395 4840 477 4895; x_wconf 88' lang='lat' dir='ltr'><strong>quam</strong></span> <span class='ocrx_word' id='word_1_608' title='bbox 486 4824 565 4881; x_wconf 89' lang='lat' dir='ltr'><strong>alieni</strong></span> <span class='ocrx_word' id='word_1_609' title='bbox 575 4824 651 4896; x_wconf 91' lang='lat' dir='ltr'><strong>operi</strong></span> <span class='ocrx_word' id='word_1_610' title='bbox 664 4832 771 4896; x_wconf 90' lang='lat' dir='ltr'><strong>tempus</strong></span> <span class='ocrx_word' id='word_1_611' title='bbox 781 4834 962 4897; x_wconf 91' lang='lat' dir='ltr'><strong>opportunum</strong></span> <span class='ocrx_word' id='word_1_612' title='bbox 972 4826 1018 4880; x_wconf 92' lang='lat' dir='ltr'><strong>sit.</strong></span> <span class='ocrx_word' id='word_1_613' title='bbox 1033 4824 1078 4897; x_wconf 79' lang='lat' dir='ltr'><strong>lqi</strong></span> <span class='ocrx_word' id='word_1_614' title='bbox 1195 4834 1285 4885; x_wconf 76' lang='lat' dir='ltr'><strong>Arctoo</strong></span> <span class='ocrx_word' id='word_1_615' title='bbox 1294 4832 1374 4884; x_wconf 85' lang='lat' dir='ltr'><strong>biems</strong></span> <span class='ocrx_word' id='word_1_616' title='bbox 1384 4831 1482 4896; x_wconf 76' lang='lat' dir='ltr'><strong>lympha</strong></span> <span class='ocrx_word' id='word_1_617' title='bbox 1492 4832 1629 4885; x_wconf 78' lang='lat' dir='ltr'><strong>medianos</strong></span> <span class='ocrx_word' id='word_1_618' title='bbox 1640 4844 1701 4885; x_wconf 88' lang='lat' dir='ltr'><strong>ecce</strong></span> <span class='ocrx_word' id='word_1_619' title='bbox 1713 4832 1808 4886; x_wconf 73' lang='lat' dir='ltr'><strong>locate.</strong></span> 
     </span>
     <span class='ocr_line' id='line_1_47' title="bbox 296 4913 1502 4993; baseline 0.001 -25"><span class='ocrx_word' id='word_1_620' title='bbox 296 4926 340 4968; x_wconf 90' lang='lat' dir='ltr'><strong>tur</strong></span> <span class='ocrx_word' id='word_1_621' title='bbox 356 4914 422 4969; x_wconf 93' lang='lat' dir='ltr'><strong>dum</strong></span> <span class='ocrx_word' id='word_1_622' title='bbox 435 4913 526 4969; x_wconf 90' lang='lat' dir='ltr'><strong>omnia</strong></span> <span class='ocrx_word' id='word_1_623' title='bbox 537 4929 589 4986; x_wconf 89' lang='lat' dir='ltr'><strong>per</strong></span> <span class='ocrx_word' id='word_1_624' title='bbox 599 4929 708 4970; x_wconf 90' lang='lat' dir='ltr'><strong>crucem</strong></span> <span class='ocrx_word' id='word_1_625' title='bbox 721 4922 828 4971; x_wconf 88' lang='lat' dir='ltr'><strong>constat</strong></span> <span class='ocrx_word' id='word_1_626' title='bbox 840 4930 900 4972; x_wconf 90' lang='grc' dir='ltr'>εεεε</span> <span class='ocrx_word' id='word_1_627' title='bbox 914 4923 1083 4985; x_wconf 85' lang='lat' dir='ltr'><strong>recuperato,</strong></span> <span class='ocrx_word' id='word_1_628' title='bbox 1133 4936 1166 4993; x_wconf 64' lang='grc' dir='ltr'><strong>Ε,</strong></span> <span class='ocrx_word' id='word_1_629' title='bbox 1177 4940 1203 4992; x_wconf 66' lang='lat' dir='ltr'><strong>i„</strong></span> <span class='ocrx_word' id='word_1_630' title='bbox 1213 4936 1322 4993; x_wconf 58' lang='lat' dir='ltr'>sinist„</span> <span class='ocrx_word' id='word_1_631' title='bbox 1331 4936 1377 4992; x_wconf 64' lang='lat' dir='ltr'><strong>hic</strong></span> <span class='ocrx_word' id='word_1_632' title='bbox 1386 4951 1481 4993; x_wconf 58' lang='lat' dir='ltr'><strong>,mus</strong></span> <span class='ocrx_word' id='word_1_633' title='bbox 1495 4953 1502 4990; x_wconf 93' lang='lat'>:</span> 
     </span>
    </p>

    <p class='ocr_par' dir='ltr' id='par_1_7' title="bbox 294 5002 1084 5165">
     <span class='ocr_line' id='line_1_48' title="bbox 294 5002 1084 5076; baseline 0 -17"><span class='ocrx_word' id='word_1_634' title='bbox 294 5015 322 5059; x_wconf 86' lang='grc' dir='ltr'>ει</span> <span class='ocrx_word' id='word_1_635' title='bbox 339 5020 389 5074; x_wconf 93' lang='lat' dir='ltr'><strong>per</strong></span> <span class='ocrx_word' id='word_1_636' title='bbox 405 5002 506 5060; x_wconf 86' lang='lat' dir='ltr'><strong>Christi</strong></span> <span class='ocrx_word' id='word_1_637' title='bbox 523 5005 676 5076; x_wconf 86' lang='lat' dir='ltr'><strong>passionem</strong></span> <span class='ocrx_word' id='word_1_638' title='bbox 699 5013 793 5063; x_wconf 89' lang='lat' dir='ltr'><strong>renata</strong></span> <span class='ocrx_word' id='word_1_639' title='bbox 811 5021 844 5061; x_wconf 87' lang='lat' dir='ltr'><strong>ac</strong></span> <span class='ocrx_word' id='word_1_640' title='bbox 856 5004 1016 5071; x_wconf 79' lang='lat' dir='ltr'><strong>meliorata,</strong></span> <span class='ocrx_word' id='word_1_641' title='bbox 1033 5005 1084 5059; x_wconf 88' lang='lat' dir='ltr'><strong>rite</strong></span> 
     </span>
     <span class='ocr_line' id='line_1_49' title="bbox 295 5091 1081 5165; baseline 0 -16"><span class='ocrx_word' id='word_1_642' title='bbox 295 5096 329 5150; x_wconf 87' lang='lat' dir='ltr'><strong>ad</strong></span> <span class='ocrx_word' id='word_1_643' title='bbox 354 5094 413 5165; x_wconf 83' lang='lat' dir='ltr'><strong>ejus</strong></span> <span class='ocrx_word' id='word_1_644' title='bbox 435 5094 541 5151; x_wconf 86' lang='lat' dir='ltr'><strong>laudem</strong></span> <span class='ocrx_word' id='word_1_645' title='bbox 564 5103 661 5153; x_wconf 85' lang='lat' dir='ltr'><strong>cuncta</strong></span> <span class='ocrx_word' id='word_1_646' title='bbox 682 5096 852 5164; x_wconf 80' lang='lat' dir='ltr'><strong>conveniunt,</strong></span> <span class='ocrx_word' id='word_1_647' title='bbox 878 5095 941 5164; x_wconf 85' lang='lat' dir='ltr'><strong>qnia</strong></span> <span class='ocrx_word' id='word_1_648' title='bbox 960 5091 1018 5164; x_wconf 90' lang='lat' dir='ltr'><strong>ipse</strong></span> <span class='ocrx_word' id='word_1_649' title='bbox 1038 5100 1081 5149; x_wconf 89' lang='lat' dir='ltr'><strong>est</strong></span> 
     </span>
    </p>
   </div>
   <div class='ocr_carea' id='block_1_6' title="bbox 1195 4618 1815 4686">
    <p class='ocr_par' dir='ltr' id='par_1_8' title="bbox 1195 4618 1815 4686">
     <span class='ocr_line' id='line_1_50' title="bbox 1195 4618 1815 4686; baseline 0.005 -18"><span class='ocrx_word' id='word_1_650' title='bbox 1195 4618 1341 4681; x_wconf 76' lang='lat' dir='ltr'><strong>Autumnus,</strong></span> <span class='ocrx_word' id='word_1_651' title='bbox 1352 4620 1481 4684; x_wconf 79' lang='lat' dir='ltr'><strong>sepbyrus,</strong></span> <span class='ocrx_word' id='word_1_652' title='bbox 1491 4621 1567 4672; x_wconf 83' lang='lat' dir='ltr'><strong>tellus</strong></span> <span class='ocrx_word' id='word_1_653' title='bbox 1577 4629 1604 4674; x_wconf 86' lang='lat' dir='ltr'><strong>st</strong></span> <span class='ocrx_word' id='word_1_654' title='bbox 1614 4633 1719 4686; x_wconf 82' lang='lat' dir='ltr'><strong>vespera</strong></span> <span class='ocrx_word' id='word_1_655' title='bbox 1730 4621 1771 4672; x_wconf 85' lang='lat' dir='ltr'><strong>bic</strong></span> <span class='ocrx_word' id='word_1_656' title='bbox 1779 4620 1815 4672; x_wconf 86' lang='lat' dir='ltr'><strong>iit.</strong></span> 
     </span>
    </p>
   </div>
   <div class='ocr_carea' id='block_1_7' title="bbox 1199 5045 1790 5115">
    <p class='ocr_par' dir='ltr' id='par_1_9' title="bbox 1199 5045 1790 5115">
     <span class='ocr_line' id='line_1_51' title="bbox 1199 5045 1790 5115; baseline 0.003 -18"><span class='ocrx_word' id='word_1_657' title='bbox 1199 5048 1258 5107; x_wconf 77' lang='lat' dir='ltr'><strong>Aer,</strong></span> <span class='ocrx_word' id='word_1_658' title='bbox 1267 5051 1350 5115; x_wconf 82' lang='lat' dir='ltr'><strong>astas,</strong></span> <span class='ocrx_word' id='word_1_659' title='bbox 1357 5053 1451 5106; x_wconf 82' lang='lat' dir='ltr'><strong>auster,</strong></span> <span class='ocrx_word' id='word_1_660' title='bbox 1462 5046 1512 5100; x_wconf 85' lang='lat' dir='ltr'><strong>arci</strong></span> <span class='ocrx_word' id='word_1_661' title='bbox 1523 5045 1564 5099; x_wconf 87' lang='lat' dir='ltr'><strong>bic</strong></span> <span class='ocrx_word' id='word_1_662' title='bbox 1574 5048 1607 5100; x_wconf 88' lang='lat' dir='ltr'><strong>sit</strong></span> <span class='ocrx_word' id='word_1_663' title='bbox 1616 5048 1790 5112; x_wconf 84' lang='lat' dir='ltr'><strong>meridiesque.</strong></span> 
     </span>
    </p>
   </div>
   <div class='ocr_carea' id='block_1_8' title="bbox 927 5274 1290 5293">
    <p class='ocr_par' dir='ltr' id='par_1_10' title="bbox 927 5274 1290 5293">
     <span class='ocr_line' id='line_1_52' title="bbox 927 5274 1290 5293; baseline -0.006 0"><span class='ocrx_word' id='word_1_664' title='bbox 927 5274 1290 5293; x_wconf 54' lang='lat' dir='ltr'><strong>—m</strong></span> 
     </span>
    </p>
   </div>
   <div class='ocr_carea' id='block_1_9' title="bbox 0 0 2260 6850">
    <p class='ocr_par' dir='ltr' id='par_1_11' title="bbox 0 0 2260 6850">
     <span class='ocr_line' id='line_1_53' title="bbox 0 0 2260 6850; baseline 0 4"><span class='ocrx_word' id='word_1_665' title='bbox 0 0 2260 6850; x_wconf 95' lang='lat' dir='ltr'><strong> </strong></span> 
     </span>
    </p>
   </div>
  </div>
 </body>
</html>
