4509 6850
341 727 393 784 tut
673 718 703 777 B.
723 717 850 776 titulat
868 712 1156 775 nebulunculi-21³.
1178 712 1334 771 ttouuur.
1354 712 1499 772 upuuutt
1517 713 1609 773 PARS
1625 713 1646 769 l.
1926 714 1980 772 '188

342 853 443 899 nauem
457 836 559 894 Christi
574 835 639 890 dicit
653 848 716 888 autu
735 833 842 890 venisse
859 833 887 889 in
900 829 1050 896 Galileam,
1066 829 1139 885 siaul
1151 827 1177 888 A
1190 828 1306 884 ctrinam
1329 827 1453 898 discipuli
1471 842 1525 883 non
1539 826 1674 897 desperit,
1691 841 1746 882 non
1765 827 1916 899 impedivit,
1934 831 1983 886 oed

342 931 379 986 illi
401 932 464 986 dua.
495 928 563 983 Nam
586 927 623 982 ita
647 925 769 982 catatexit
789 925 973 980 narrationem
992 937 1087 978 satam:
1100 919 1135 976 Et
1187 918 1355 989 exspectavit
1368 918 1453 973 donec
1469 933 1579 974 cursum
1593 932 1672 971 suum
1693 916 1840 987 discipulus
1855 933 1979 974 arrasum-

340 1030 530 1085 eansammnta,
543 1018 640 1090 inquit,
653 1019 724 1073 omni
735 1019 887 1084 tentatione,
897 1014 1019 1071 dictatas
1031 1014 1135 1070 recessit
1187 1008 1317 1074 naverin
1333 1008 1484 1078 exemplum
1498 1007 1577 1063 nabis
1590 1006 1723 1078 prebens,
1737 1022 1771 1063 nc
1787 1007 1850 1077 quis
1865 1008 1900 1062 ab
1911 1008 1978 1064 inia-

340 1111 373 1165 nt
388 1110 435 1165 illo
450 1126 531 1181 usqae
542 1109 578 1163 ad
592 1118 702 1179 tempas,
717 1119 742 1163 et
753 1117 931 1179 repressissent
946 1105 1024 1161 Jerns
1038 1107 1066 1160 in
1079 1106 1134 1160 air·
1188 1104 1259 1159 riore
1271 1118 1386 1173 persona
1400 1103 1529 1173 despiciat
1546 1116 1700 1157 sermonem
1717 1102 1920 1172 praedicationis
1933 1117 1976 1158 aa·

339 1210 393 1255 tate
404 1202 432 1256 in
443 1197 623 1264 Gallicanam
634 1198 707 1269 [onia
717 1199 780 1253 exiit
790 1216 837 1269 per
847 1199 992 1252 attiaeraam
1004 1198 1135 1267 regionem
1186 1194 1255 1260 dire,
1269 1194 1323 1249 imo
1345 1195 1522 1250 humilitatem
1544 1194 1718 1264 apostolicam
1742 1193 1851 1248 studeat
1867 1195 1979 1263 imitan',

339 1294 372 1348 tle
391 1292 448 1347 itio.
472 1291 547 1349 Unde
570 1291 730 1361 intelligitur
744 1291 793 1346 hos
809 1299 864 1345 tres
882 1288 1062 1360 evangelistas
1080 1302 1133 1341 non
1186 1283 1248 1353 auia
1267 1282 1350 1339 dicit:
1365 1281 1396 1338 Si
1409 1283 1451 1336 cni
1467 1280 1607 1337 renetntnm
1630 1281 1710 1351 suerit
1725 1282 1839 1348 maenti,
1852 1284 1926 1352 prior
1936 1296 1976 1339 ta-

338 1387 436 1442 Jaarmi
457 1385 629 1457 evangeista
647 1384 784 1440 contraria
799 1397 935 1448 narrasse,
955 1381 1002 1437 sed
1023 1388 1134 1451 praeter-
1184 1385 1240 1429 cent
1256 1374 1282 1447 (l
1291 1375 1352 1431 Car.
1364 1375 1432 1450 rvi.
1448 1374 1481 1429 Et
1493 1373 1700 1445 relietainquit,
1712 1375 1817 1430 ciuitate
1830 1373 1977 1442 Nazareth,

338 1480 446 1534 misisse
459 1478 575 1549 primum
589 1475 696 1531 bomini
711 1476 855 1530 adventum
870 1474 897 1527 in
907 1471 1046 1529 Galilaeam
1060 1479 1134 1542 post·
1183 1465 1252 1519 venit
1266 1465 1426 1519 etltatitaait
1439 1462 1626 1536 capharnaum
1638 1465 1811 1519 eutitianam.
1833 1463 1975 1530 Nazareth,

337 1587 452 1642 mquam
467 1570 621 1642 pappum,
634 1579 687 1635 δι’
700 1568 809 1639 quando
822 1567 876 1623 {1150
890 1580 989 1637 aquam
999 1565 1133 1622 nongenta
1182 1556 1243 1626 flos,
1258 1563 1305 1611 aut
1320 1554 1461 1626 virgultum
1474 1555 1542 1625 ejas.
1563 1553 1752 1625 Caphamaum
1771 1554 1838 1609 ailla
1859 1554 1977 1626 palchen·

337 1662 365 1715 in
379 1662 484 1727 virium,
498 1668 562 1715 tunc
574 1659 647 1714 enim
662 1659 781 1713 nondum
793 1665 854 1713 erat
872 1655 987 1712 traditus
1001 1654 1131 1724 loannes,
1183 1647 1261 1712 nmo,
1275 1646 1333 1703 SM
1354 1661 1418 1717 “tei
1439 1644 1616 1717 tiltlldl'nst,
1628 1644 1685 1700 Sile
1704 1643 1766 1699 ¹¹5¹!ss
1789 1643 1974 1699 emmim

336 1768 399 1807 eum
420 1767 485 1810 reru
506 1753 652 1808 adventurn
675 1751 734 1821 ejus
757 1749 785 1805 in
808 1748 946 1806 Galileam
970 1749 1132 1806 connexisse
1182 1734 1385 1805 inlelllefflffl·
1398 1735 1469 1791 Βθῐῑθ
1483 1733 1973 1804 ῑῐθίιΰθῐῖθᾱθωβίθῑΰθὸῑθὴῐθΙῑῦῑθ

335 1842 538 1898 narrationibus
558 1842 615 1898 suis
636 1840 683 1912 qui
703 1848 765 1912 past
790 1838 923 1896 loannem
946 1839 1074 1895 traditum
1090 1839 1132 1895 ia·
1182 1824 1318 1881 Mlaffllh
1341 1823 1532 1896 Caphamaum
1557 1825 1771 1897 mihimilli»
1786 1825 1853 1895 liuh
1865 1826 1899 1882 (¹0
1911 1824 1973 1882 ΜΝ

335 1945 396 1989 ctus
408 1942 466 2001 est;
480 1934 514 1991 de
533 1949 587 2005 quo
601 1932 661 2004 ejus
678 1932 767 1990 reditu
781 1932 807 1988 in
819 1932 956 1991 Galilaeam
977 1934 1059 1989 etiam
1072 1934 1130 2005 ipse
1181 1916 1339 1987 nti¹¹l²f¹¹¹¹¹i
1353 1931 1414 1988 (ΙΨ)
1433 1916 1483 1973 ⁵¹¹¹)
1504 1916 1563 1988 ¹⁰80
1584 1914 1750 1987 lfflllefsm
1773 1915 1973 1983 mmmm!

334 2023 453 2081 loannes
468 2024 632 2094 evangelista
654 2025 694 2080 sic
716 2021 902 2095 inquinamur
927 2042 989 2097 erpa
1012 2027 1129 2097 cognonit
1180 2006 1300 2065 ‘fficium
1322 2008 1453 2081 Sl)iritllis
1474 2008 1614 2075 doelfinaes
1636 2008 1684 2079 qui
1705 2009 1732 2064 1¹¹
1756 2008 1905 2081 Erarvgeha
1924 2019 1973 2075 Νι

334 2115 412 2170 tesan
435 2114 499 2186 qaia
520 2114 661 2170 audierant
682 2110 824 2169 ulnam
849 2116 911 2185 quia
935 2114 1014 2171 lesus
1039 2115 1127 2188 plnres
1180 2102 1298 2158 limile
1319 2102 1468 2159 ¹¹⁰⁸d⁰oeb
1488 2102 1518 2157 1¹¹
1539 2110 1635 2158 “⁰⁰²³
1649 2101 1749 2173 quippe
1770 2100 1973 2173 Eoelssssllsllllss

334 2205 477 2277 discipulos
490 2204 555 2275 lacit
569 2214 594 2260 et
607 2204 735 2277 baptizat,
748 2222 827 2277 qaam
837 2205 964 2273 loannes,
977 2224 1128 2279 quanquam
1141 2170 1167 2231 B
1181 2201 1223 2249 “Sl
1240 2193 1303 2249 lma
1323 2193 1504 2265 pulcherrima
1523 2194 1551 2250 5¹¹
1571 2193 1668 2250 ‘¹⁰0010
1688 2194 1842 2260 uirtutum,
1864 2206 1892 2249 0²
1911 2210 1974 2265 ³8⁰¹

333 2295 412 2351 lesus
434 2313 487 2351 non
507 2289 653 2368 baptis‘artt
672 2296 717 2350 seat
738 2296 873 2367 discipali,
888 2296 991 2369 reliquit
1003 2296 1128 2352 induam
1179 2285 1351 2355 pinguedinis
1364 2286 1391 2340 in
1404 2285 1570 2341 abundantia
1583 2284 1735 2350 charitatis,
1747 2292 1831 2355 atque
1841 2284 1973 2356 opulentia

332 2395 358 2441 et
370 2386 434 2443 abiit
446 2386 541 2441 itervm
554 2385 582 2440 in
596 2383 736 2440 Galilaeam
751 2384 842 2457 (toan.
856 2385 904 2456 tv).
918 2386 995 2442 Tunc
1008 2401 1073 2459 ergo
1087 2387 1128 2442 in.
1179 2379 1310 2434 banorum
1324 2393 1447 2449 operum,
1463 2378 1521 2434 sive
1532 2393 1598 2450 ager
1614 2377 1821 2443 cansolatianis,
1838 2378 1867 2433 iu
1879 2377 1973 2434 salatia

333 2478 478 2549 telligimus
487 2475 544 2547 jam
557 2475 639 2533 luisse
651 2478 778 2532 traditum
791 2476 932 2545 loannem,
946 2476 1053 2535 ludens
1063 2492 1128 2536 vera
1180 2468 1381 2541 scripturarum
1394 2479 1423 2527 el
1436 2487 1484 2543 spe
1497 2470 1574 2527 firma
1592 2469 1744 2527 laturomm
1757 2472 1897 2538 babillus,
1915 2471 1972 2527 3²¹·

333 2569 442 2623 arruisse
455 2566 528 2637 quad
541 2565 633 2637 plnres
648 2565 793 2635 discipulos
810 2565 949 2623 taceretet
963 2569 1125 2639 baptizaret,
1178 2571 1256 2619 vator
1277 2579 1328 2634 per
1348 2564 1474 2620 doctores
1499 2563 1629 2633 praedicat
1644 2562 1765 2633 quotidie
1786 2562 1971 2634 Evangelium,

331 2672 412 2727 apuam
427 2655 529 2712 lecerat
538 2664 566 2710 ct
575 2656 761 2724 baptizaverat
771 2654 898 2711 loannes.
914 2655 970 2712 Nec
983 2656 1035 2712 hac
1045 2657 1128 2714 silen-
1178 2655 1242 2724 quia
1261 2654 1290 2709 in
1311 2653 1370 2725 ipsa
1385 2653 1553 2709 lmctidcant
1573 2652 1664 2709 omnia
1685 2652 1808 2723 germina
1827 2652 1971 2717 virtutum

331 2745 395 2797 dum
419 2742 554 2807 arbitror,
578 2741 650 2811 quad
670 2741 853 2798 ecclesiastica
878 2749 971 2796 narrat
995 2742 1125 2811 historia,
1177 2746 1250 2802 unde
1264 2747 1290 2801 in
1301 2746 1408 2803 laudem
1422 2745 1481 2817 ejus
1496 2761 1612 2817 sponsus
1629 2745 1657 2800 in
1672 2744 1787 2802 Cantica
1805 2745 1971 2800 canticorum

330 2833 515 2889 beatissimum
528 2831 659 2888 loannem
677 2831 829 2903 apostolum
842 2848 928 2904 usque
951 2833 985 2890 ad
1001 2834 1125 2890 ultimum
1177 2838 1262 2894 dicit:
1276 2836 1377 2893 Hortus
1401 2836 1551 2903 conclusas,
1573 2852 1650 2891 soror
1672 2852 1730 2889 mea
1752 2850 1863 2906 mansa,
1883 2834 1971 2890 tonsa

330 2939 399 2993 pene
411 2938 467 2978 strae
479 2923 541 2977 vitae
562 2930 669 2992 tempus
682 2923 784 2992 absque
797 2921 878 2978 ullius
892 2921 1038 2994 Scripturae
1053 2923 1124 2979 indi·
1176 2928 1326 2997 concinant,
1343 2929 1402 2999 {aas
1423 2930 1552 3000 signatas.
1575 2927 1736 2982 Emisaianes
1757 2935 1812 2981 tvoe
1833 2924 1971 2996 paradius

329 3012 381 3068 cili
395 3011 570 3083 &angelium
583 3012 753 3081 ilraedicasse·
775 3010 828 3068 Sall
843 3029 903 3069 cult]
919 3014 1011 3080 trium,
1025 3014 1124 3085 iuquit,
1176 3019 1307 3076 atalantam
1322 3020 1488 3091 punicorum,
1504 3036 1564 3073 cnm
1576 3033 1714 3090 pomarum
1728 3014 1870 3087 [ructibus.
1892 3011 1971 3085 Capri

329 3102 536 3175 Evangeliorum
561 3103 693 3159 etiamad
714 3103 803 3176 ipsum
824 3105 919 3160 notitia
945 3108 1124 3176 pervenisset,
1175 3127 1235 3166 eam
1245 3112 1337 3177 nardo,
1347 3111 1457 3176 means,
1469 3122 1493 3166 et
1505 3127 1608 3177 crocus,
1621 3106 1724 3178 pistule,
1732 3108 1969 3171 eteinnamamttnv,

327 3194 458 3261 probasse
478 3193 587 3265 quidem
602 3202 658 3249 tum
673 3194 753 3250 tidem
775 3203 803 3251 et
822 3196 965 3251 veritatem
978 3196 1122 3262 dictarum,
1175 3203 1370 3256 enmoniuersis
1381 3200 1460 3272 lignis
1467 3200 1697 3271 Libani,mprrtm‚
1709 3208 1734 3254 et
1748 3197 1808 3254 alae
1820 3214 1881 3253 mm
1891 3198 1970 3252 omm-

328 3285 423 3340 deesse
437 3295 526 3341 tamen
540 3285 607 3340 vidit
619 3285 720 3355 aliqua,
734 3294 762 3340 ct
781 3300 812 3341 ea
826 3287 944 3343 manime
956 3303 1016 3358 quae
1035 3290 1123 3359 primo
1175 3290 1222 3345 bna
1232 3291 1323 3363 primia
1334 3292 1483 3363 ungnentis.
1495 3289 1568 3345 Fons
1581 3291 1726 3355 hortorum,
1737 3302 1969 3360 pateaaaaaaraar

327 3376 527 3448 praedicationis
544 3392 601 3435 sua
613 3386 732 3449 tempore
749 3379 879 3436 Dominus
895 3389 1027 3451 gesserat,
1042 3394 1120 3452 roga·
1173 3381 1321 3448 vilantiam,
1342 3399 1402 3455 aaa
1420 3384 1507 3454 pannt
1527 3382 1625 3453 impeta
1645 3381 1678 3437 tle
1697 3378 1801 3436 tiliana
1815 3377 1906 3452 (Cant.
1921 3378 1968 3450 rr).

327 3476 426 3541 tusque
439 3483 455 3522 a
470 3468 594 3525 fidelibus
617 3471 786 3526 auditoribus
808 3471 880 3537 suis,
901 3481 929 3528 et
950 3471 1122 3528 credentibus
1135 3521 1158 3585 c
1173 3472 1237 3531 ilmc
1257 3475 1326 3531 liene
1348 3475 1484 3531 maritima
1506 3475 1618 3541 dicitur,
1631 3473 1694 3546 quia
1706 3472 1785 3544 juxta
1804 3487 1882 3530 mare
1896 3473 1970 3528 istius

327 3557 357 3614 in
369 3556 524 3625 Christutu,
540 3567 570 3614 ut
591 3574 624 3614 ea
645 3574 706 3629 quae
727 3561 912 3628 preterierant
931 3559 1037 3631 priores
1056 3571 1120 3618 ante
1173 3565 1266 3622 mundi
1286 3566 1385 3637 posita,
1400 3566 1520 3637 quotidie
1533 3565 1754 3636 persecutionum
1769 3562 1899 3620 ductibus
1912 3571 1969 3618 tun

327 3649 499 3705 traditionem
511 3648 623 3706 loannis
647 3648 797 3706 Saltataris
811 3662 886 3722 gesta
900 3650 1076 3718 describeret,
1093 3661 1121 3708 et
1172 3657 1255 3713 ditur.
1279 3656 1407 3713 Attamen
1430 3657 1554 3713 homines
1575 3656 1653 3713 undis
1673 3654 1844 3729 voluptatum
1868 3669 1968 3712 menas

326 3742 388 3801 idea
400 3744 467 3799 dicit
482 3745 510 3800 in
523 3744 669 3817 Evangelio
681 3763 687 3799 :
700 3743 766 3799 uec
780 3744 840 3815 [ecit
859 3746 886 3799 in
896 3746 972 3800 initio
985 3747 1120 3816 signorum
1172 3748 1275 3805 retibus
1287 3747 1425 3820 Evangelii
1440 3763 1494 3803 nan
1507 3756 1597 3803 cessat
1608 3748 1733 3803 liberare.
1749 3745 1817 3816 Qum
1833 3754 1862 3803 et
1875 3746 1903 3802 in
1913 3746 1969 3803 dal

325 3833 404 3889 leant
416 3833 506 3907 (toan.
525 3833 568 3907 tt).
589 3836 623 3890 Et
645 3836 744 3891 iterum
763 3835 791 3890 in
808 3835 861 3890 alia
883 3836 944 3891 laco
957 3836 1059 3892 indicat
1080 3836 1121 3892 di·
1172 3839 1223 3894 bus
1237 3837 1356 3895 Zabulon
1378 3847 1406 3894 et
1418 3836 1591 3909 Nephthalim
1613 3838 1665 3895 sita
1679 3849 1732 3904 est,
1748 3839 1813 3908 quia
1836 3839 1864 3894 in
1882 3839 1967 3895 medio

325 3944 391 3985 ceris
403 3948 410 3986 z
422 3929 548 3985 Nondum
565 3931 634 3985 enim
645 3929 763 3987 loannes
775 3929 863 4000 [uerat
877 3931 973 3986 missus
987 3932 1015 3986 in
1029 3947 1119 3986 caree·
1172 3928 1291 4000 gentium
1303 3929 1336 3985 ad
1349 3927 1516 3985 dilatandam
1528 3928 1635 3985 lortiter
1645 3927 1758 3984 verbum
1771 3929 1821 3984 bei
1833 3931 1965 3996 consistit,

325 4034 380 4074 ram
394 4017 484 4090 (toan.
503 4019 557 4091 ιιι).
572 4020 611 4074 Es
626 4019 724 4091 quibus
739 4027 848 4076 constat
859 4021 931 4090 quod
944 4036 976 4076 ea
990 4036 1050 4091 quae
1072 4038 1121 4076 aa·
1171 4028 1202 4075 ut
1222 4019 1396 4076 credentibus
1419 4021 1454 4076 sit
1473 4019 1623 4091 retugium,
1638 4024 1666 4074 et
1680 4018 1901 4089 periclitantibus
1924 4019 1966 4075 de·

324 4116 435 4180 tequam
451 4108 570 4166 loannes
594 4111 746 4166 traderetur
768 4110 802 4167 ab
822 4109 885 4167 lesu
905 4110 1015 4167 lucrant
1031 4123 1119 4184 gesta,
1172 4117 1305 4167 monstret
1327 4110 1389 4168 lldci
1413 4119 1532 4182 portura.
1558 4109 1679 4166 Zabulon
1698 4124 1766 4181 erga
1788 4110 1964 4165 latitantem

323 4197 465 4264 describit,
481 4199 533 4255 boc
549 4208 591 4254 est
605 4200 685 4254 unius
696 4208 801 4254 tantum
813 4200 893 4267 anni,
911 4200 938 4255 in
949 4216 1003 4271 quo
1012 4209 1042 4257 et
1055 4218 1118 4275 pas-
1171 4199 1334 4270 tortitudinis
1347 4201 1552 4274 interpretatur,
1567 4209 1596 4257 et
1609 4199 1783 4271 Nephthalim
1798 4198 1932 4256 dilatatio.

324 4305 373 4346 sas
386 4300 438 4357 est,
456 4300 517 4362 post
529 4306 667 4348 carcerem
679 4291 808 4358 loannis,
825 4292 967 4348 historiam
989 4295 1118 4351 texuisse.
1208 4291 1241 4347 ut
1266 4291 1454 4364 adimpleretur
1466 4292 1537 4364 pand
1559 4292 1659 4346 dietant
1675 4299 1775 4361 emper
1791 4289 1896 4345 isaiam
1908 4305 1964 4361 prn-

362 4379 395 4433 m
416 4379 506 4434 relicta
526 4381 629 4435 civitate
651 4379 802 4448 Nazareth,
819 4383 886 4436 venit
907 4393 931 4437 et
954 4382 1078 4439 habitavit
1091 4383 1119 4439 in
1169 4385 1273 4457 phetam
1294 4381 1403 4438 :Terra
1425 4381 1556 4447 Zabulon,
1575 4390 1600 4436 et
1622 4389 1694 4436 terra
1718 4378 1908 4452 Nephthalim.
1926 4379 1963 4435 tlt

323 4469 511 4540 Caphamaum
522 4471 700 4537 maritima,t‘n
714 4470 812 4540 finitae
819 4469 938 4526 Zabulon
951 4483 975 4527 et
986 4473 1121 4544 Nephtha·
1170 4475 1251 4529 maris
1266 4488 1341 4528 trans
1357 4471 1503 4527 Iordanem
1518 4469 1638 4528 Galilaeae
1654 4470 1784 4541 gentiam,
1796 4468 1911 4541 papulas
1922 4467 1963 4540 φὶ

324 4561 381 4617 lim.
398 4561 531 4633 (llieron.)
544 4561 678 4618 Nazareth
693 4563 784 4633 itaque
799 4564 869 4619 unde
884 4563 1014 4619 hominus
1026 4573 1121 4621 noster
1170 4564 1275 4620 sedebat
1288 4563 1438 4620 intenebris
1458 4562 1542 4618 lacem
1556 4561 1620 4617 vidit
1634 4576 1769 4632 magnam,
1787 4560 1962 4615 nattmmitrn

324 4659 352 4706 et
365 4649 490 4707 Salvator
502 4650 648 4708 Nazareus
657 4662 768 4708 vocatus
782 4661 834 4719 est,
849 4653 878 4708 in
890 4651 999 4710 Galilaea
1014 4655 1119 4712 viculus
1169 4656 1197 4710 in
1219 4656 1323 4727 regione
1346 4654 1446 4710 umbrae
1464 4653 1566 4718 mortis,
1584 4651 1632 4705 lna
1646 4660 1705 4706 orta
1726 4660 1764 4706 eat
1778 4652 1818 4706 eis
1833 4649 1902 4724 (lan.
1916 4649 1961 4722 ιι).

322 4749 417 4798 contra
428 4741 842 4813 regionem,indnadecimoe1'us
851 4741 1017 4799 milliarioad
1026 4741 1118 4798 umen
1170 4745 1323 4803 Quintium
1347 4758 1413 4817 ergo
1433 4742 1604 4816 evangeliste
1628 4740 1748 4795 ltattlraei
1774 4755 1902 4806 sensum,
1917 4740 1963 4795 boa

322 4836 405 4890 talem
425 4835 532 4907 plagam
552 4833 631 4903 juxta
654 4842 774 4890 monum
788 4833 912 4901 Thabor,
927 4832 1116 4903 Caphamaum
1128 4837 1353 4927 „testimoninm
1373 4836 1505 4907 propheta
1526 4833 1610 4890 isaias
1623 4833 1657 4889 de
1676 4833 1796 4889 adventu
1817 4831 1919 4889 Christi
1939 4839 1963 4888 et

322 4940 389 4981 vero
399 4925 479 4997 iusta
500 4933 625 4996 stagnum
638 4923 806 4981 Genesarctb
820 4938 905 4994 usque
922 4923 1002 4984 hodie
1015 4933 1058 4981 cst
1069 4940 1118 4996 ap-
1168 4928 1366 4986 illuminatione
1376 4925 1514 4999 Evangelii
1524 4924 1648 4998 praecinit
1660 4923 1725 4980 linet
1737 4923 1786 4978 alii
1798 4922 1866 4979 illud
1880 4923 1914 4978 ati
1928 4936 1963 4977 re

323 5015 416 5086 pidum
432 5013 459 5069 in
476 5012 586 5070 Galilaea
598 5014 730 5086 gentium,
746 5014 828 5070 situm
843 5013 871 5069 in
884 5012 984 5072 tinibus
996 5014 1117 5072 Zabulon
1167 5020 1322 5076 versionem
1333 5019 1367 5075 de
1377 5016 1534 5090 captivitate
1544 5016 1595 5073 sub
1604 5012 1755 5072 temnebat
1765 5013 1871 5070 tactam
1884 5013 1962 5069 inter-

322 5113 351 5162 et
374 5103 557 5177 Nephthalim.
583 5104 682 5160 Narrat
705 5104 815 5175 quidam
844 5120 926 5177 supra
950 5114 1118 5164 memoratas
1167 5117 1318 5183 preteutur.
1326 5108 1393 5164 Nam
1402 5122 1483 5164 rems
1495 5106 1616 5163 medieas
1627 5105 1662 5160 ad
1673 5103 1751 5159 initia
1760 5102 1959 5160 mmanrtote

313 5188 466 5269 'episcopus
485 5195 654 5270 arculphus,
678 5197 775 5254 barum
804 5197 945 5254 civitatum
972 5205 1117 5270 utramque
1167 5219 1238 5271 rura,
1246 5203 1311 5273 quia
1321 5201 1366 5258 ubi
1375 5196 1836 5272 primacaptirttasttebraeammaa
1847 5194 1961 5268 Assyriis

322 5288 459 5345 modernis
472 5289 638 5359 temporibus
654 5287 755 5360 absque
768 5303 908 5345 murorum
926 5289 1030 5345 ambitu
1043 5301 1115 5357 esve,
1168 5291 1230 5361 fait,
1245 5300 1272 5348 at
1282 5290 1372 5348 divina
1387 5290 1430 5346 lex
1448 5288 1476 5344 in
1495 5285 1659 5343 oblivionem
1678 5284 1764 5350 venit,
1783 5284 1821 5342 ibi
1836 5284 1961 5342 baminm

320 5387 351 5436 ct
363 5378 499 5436 Nazareth
523 5393 604 5451 supra
619 5386 741 5434 montem
762 5378 899 5450 positam,
923 5378 1115 5451 Caphamaum
1168 5382 1256 5457 primo
1272 5381 1361 5454 ignem
1377 5377 1578 5452 praedicationis
1592 5375 1716 5433 accendit
1734 5373 1791 5448 (tt
1806 5374 1874 5448 lteg.
1888 5373 1960 5446 arti).

321 5487 388 5528 vero
402 5478 517 5543 angusto
531 5472 602 5526 inter
619 5480 738 5527 mantem
759 5479 787 5526 et
803 5480 928 5545 stagnum
949 5479 1115 5529 coarctatam
1169 5474 1278 5548 (Narrat
1286 5471 1396 5544 quidem
1408 5469 1512 5542 Regum
1522 5469 1635 5525 historia
1647 5467 1719 5539 quod
1730 5465 1909 5524 Salmanasar
1918 5478 1959 5522 ret

321 5547 420 5629 spatia,
435 5561 471 5616 ab
482 5561 640 5633 aquilonari
661 5561 740 5633 plaga
752 5552 881 5628 mantem,
895 5561 984 5618 lacum
1002 5577 1068 5619 vera
1080 5563 1116 5619 ab
1167 5567 1340 5639 Assyriorum
1351 5563 1499 5621 debellaret
1508 5556 1960 5630 samariam,et0saeregemittins

320 5654 437 5709 Australi
451 5654 607 5721 mntem,
619 5663 648 5710 el
659 5655 730 5725 quod
746 5654 781 5709 ab
795 5653 900 5711 0⁰0³⁸¹¹
913 5653 941 5709 in
960 5653 1056 5711 Ortum
1067 5669 1116 5711 0¹·
1167 5661 1288 5717 vinctum
1300 5658 1419 5715 misisset
1428 5657 1457 5714 in
1466 5652 1826 5724 carceremtranslatusque
1837 5651 1876 5708 sit
1883 5647 1959 5707 lamet

309 5754 398 5824 ‘tensa
412 5744 552 5817 dirigatur.
567 5744 679 5818 llystice
695 5753 786 5801 autem
805 5745 877 5816 qnod
888 5743 993 5802 taanne
1014 5745 1113 5802 tradita
1167 5749 1200 5806 dc
1217 5759 1288 5805 terra
1302 5763 1351 5803 sua
1362 5746 1535 5818 inhssyrias,
1550 5743 1762 5813 immisissetque
1776 5757 1827 5798 rex
1839 5740 1960 5814 amyrin·

320 5835 399 5892 lasus
423 5836 519 5907 incipit
540 5837 697 5909 predicare,
720 5836 854 5909 signiticat
877 5837 950 5909 qnod
974 5838 1114 5895 desinente
1165 5853 1227 5896 rurn
1244 5838 1409 5908 alienigenas
1422 5845 1452 5892 ut
1466 5835 1634 5891 custodirent
1648 5841 1751 5889 terram
1762 5831 1860 5899 tana,
1873 5847 1909 5888 ne
1921 5843 1959 5884 re-

320 5926 388 5997 lege,
402 5936 599 5999 consequenter
620 5927 710 5983 oritur
734 5927 1030 5999 Evangelinm,aurora
1047 5928 1114 5986 deti·
1166 5929 1304 6001 digeretur
1329 5928 1356 5982 in
1380 5926 1569 5991 solitudinem,
1593 5923 1639 5995 qui
1661 5937 1711 5994 per
1735 5921 1907 5979 sacerdotem
1927 5934 1958 5976 aa

320 6017 410 6073 eiciam
429 6033 511 6074 rarus
526 6017 666 6090 consurgit
687 6016 745 6083 Sol,
757 6016 890 6089 discipula
909 6026 1034 6075 aessame
1056 6018 1113 6074 lta·
1165 6029 1245 6094 gente
1258 6018 1443 6075 israelitarum
1457 6016 1598 6082 instructi,
1613 6016 1761 6072 mminum
1776 6014 1862 6073 lanei
1873 6027 1961 6071 catere

303 6120 398 6185 grater
416 6112 506 6171 adest.
518 6112 587 6188 ,Sed
610 6111 723 6171 hamdis
745 6111 876 6185 magister
889 6122 931 6169 est
945 6111 991 6169 ille
1004 6111 1052 6184 qni
1065 6111 1113 6169 do·
1164 6110 1327 6175 didicerunt,
1340 6117 1526 6165 remaritamen
1537 6108 1603 6169 deos
1613 6106 1798 6180 pauiasnaos
1808 6107 1959 6165 minuunt
