4509 6850
330 674 397 735 luti
654 667 685 723 B.
707 663 834 723 uuuttu
851 660 963 719 ttauut
983 659 1146 734 tuemur.
1166 658 1321 717 uuuuut.
1341 656 1484 715 uruuuu
1504 655 1594 712 tntis
1613 654 1633 711 l.
1904 658 1978 715 1072

329 802 425 859 magna
448 793 526 848 sunt,
551 780 771 851 praetermittant.
798 775 891 849 (clay.)
918 771 999 838 llere,
1027 770 1321 840 inundationemque
1340 771 1478 824 irominnm
1503 779 1626 823 naturam
1644 767 1715 833 iecit,
1732 781 1878 839 utramque
1895 785 1981 824 ittun-

327 879 441 949 oportoit
462 876 558 943 [cicere.
575 872 601 927 id
621 879 663 925 est
683 867 828 937 judicium,
853 861 1124 925 misericordiarum
1178 859 1237 913 dari
1252 859 1397 915 desiderat.
1427 857 1482 913 lloe
1494 867 1588 914 cotnra
1604 857 1775 923 ilanieinens,
1792 861 1838 929 qoi
1855 860 1981 914 airinom

329 969 418 1029 iidem,
440 976 469 1019 ot
480 974 569 1020 etuas
582 960 716 1015 veraciter
730 960 763 1012 de
778 964 870 1011 nostra
886 950 1128 1021 eriseriajndiean·
1179 954 1284 1003 tantum
1299 963 1314 1001 a
1330 946 1394 1011 beo,
1421 963 1528 1002 carnem
1544 964 1607 1003 rero
1620 957 1716 1018 putant
1736 968 1751 1003 a
1775 950 1884 1004 diaholo
1899 966 1981 1005 crea-

329 1070 378 1124 tes,
391 1068 418 1113 et
431 1058 476 1112 liei
492 1055 654 1111 charitatem
668 1065 749 1121 qnam
774 1048 884 1103 donarit
897 1046 955 1115 ipsc
971 1042 1125 1113 diligentes,
1178 1046 1243 1093 tann
1263 1036 1320 1092 iioc
1333 1046 1427 1093 contra
1439 1036 1510 1102 illos,
1524 1038 1568 1107 qui
1582 1038 1731 1109 corporalia
1746 1050 1871 1110 peecata,
1892 1039 1982 1097 lorrai-

328 1149 370 1217 pie
386 1156 514 1214 reeteque
529 1144 652 1196 vivamus
661 1136 903 1209 justumjudieimn
916 1133 974 1205 ejus
991 1132 1124 1188 cotrdteu-
1177 1129 1313 1185 rationem
1327 1127 1462 1194 videlicet,
1477 1128 1686 1194 immunditiam,
1701 1129 1851 1193 libidinem,
1862 1129 1969 1186 inrutm

263 1227 267 1237 '
329 1250 368 1294 tes
383 1253 438 1307 qino
451 1233 543 1303 ranseri
562 1232 651 1289 effecti
676 1246 780 1285 suiuus.
804 1227 843 1282 lie
858 1242 912 1297 qno
930 1225 996 1280 dicit
1013 1223 1127 1294 hposto
1166 1219 1314 1289 rapinam,
1331 1228 1359 1273 et
1373 1226 1471 1274 catera
1486 1217 1548 1272 uilia
1561 1219 1637 1289 quasi
1658 1220 1818 1289 grauissima
1834 1220 1980 1277 detestam-

328 1324 387 1385 lns:
406 1327 542 1383 iodicium
555 1324 660 1396 quidem
671 1338 703 1375 ec
714 1336 765 1373 terro
782 1320 808 1371 in
820 1315 1083 1378 condemnationem
1101 1323 1127 1367 et
1178 1326 1233 1384 tur,
1247 1315 1381 1387 spiritalia
1392 1330 1467 1379 reru,
1482 1330 1542 1385 qua
1559 1329 1613 1369 uon
1627 1314 1717 1371 miuus
1730 1314 1845 1372 damnat·
1859 1317 1997 1386 Aposto-

326 1433 429 1488 ntoynoe
442 1413 567 1469 charitati
583 1411 641 1481 ey'ns
659 1408 761 1480 pretias
787 1415 892 1477 agentes
918 1402 1007 1475 (Rom.
1029 1402 1068 1473 r).
1089 1400 1127 1456 De
1178 1407 1230 1473 lua,
1259 1408 1311 1464 hoe
1325 1415 1378 1473 est,
1399 1406 1625 1471 amaritudinem,
1650 1406 1730 1471 iram,
1746 1406 1981 1478 indignationem,

328 1526 381 1579 qua
404 1509 477 1563 idem
488 1506 548 1575 ipse
568 1503 634 1559 dicit
651 1500 745 1571 gratia
762 1498 940 1569 predicator:
956 1491 1127 1549 Comrnendot
1177 1497 1334 1563 clamorem,
1350 1497 1556 1567 blasphemiam,
1577 1497 1750 1567 snperbiam,
1773 1507 1803 1554 et
1819 1498 1981 1574 auaritiam,

327 1611 415 1655 oeten
435 1613 511 1654 suom
523 1595 678 1650 alacritatem
696 1591 766 1646 uene
781 1591 809 1643 iu
822 1588 906 1653 toliis
927 1586 1052 1658 timim
1066 1600 1125 1638 sum
1177 1605 1238 1661 quac
1250 1590 1384 1646 idolorum
1398 1598 1441 1645 est
1455 1590 1582 1654 servitus,
1606 1597 1637 1644 nt
1647 1588 1716 1644 levia
1730 1598 1925 1646 conte-nunt.

328 1691 415 1744 adiice
438 1698 587 1760 peccatores
605 1699 736 1750 caraman,
758 1681 879 1737 Clarium
897 1696 945 1751 pro
965 1678 1039 1733 rtohit
1057 1695 1128 1732 mor·
1220 1679 1264 1736 Voe
1276 1682 1358 1746 echis,
1373 1679 1465 1735 scrita
1477 1690 1502 1735 et
1515 1677 1644 1736 l’lrurisrui
1655 1681 1808 1751 hypocrite,
1823 1682 1889 1752 quio
1904 1681 1982 1734 simi-

327 1790 388 1834 tuns
402 1787 450 1833 est.
470 1776 596 1846 Oportuit
607 1784 638 1829 et
653 1774 697 1829 iila
713 1788 768 1828 non
782 1772 918 1836 omittere,
938 1770 1032 1835 idest,
1053 1769 1126 1825 elee-
1177 1771 1215 1827 ies
1228 1773 1290 1826 estis
1300 1772 1426 1843 sepulcris
1439 1770 1579 1837 dealbatis,
1602 1787 1690 1841 pono
1706 1770 1772 1840 loris
1786 1781 1879 1845 potent
1895 1771 1985 1825 horai·

329 1883 457 1941 mosynas
474 1867 610 1922 iruetttuut
628 1875 808 1920 terrenorum·
829 1861 888 1916 Nou
899 1876 964 1931 ergo
977 1875 1006 1915 se
1022 1859 1125 1926 lauant,
1177 1862 1255 1919 nihm
1268 1863 1395 1934 specioso,
1411 1862 1480 1916 intes
1494 1877 1552 1916 nero
1564 1860 1641 1931 pleno
1653 1871 1713 1915 sarit
1732 1862 1835 1915 ossibus
1859 1870 1984 1915 ntortno·

327 1958 374 2027 qui
386 1972 435 2029 per
453 1956 637 2027 eleemosynas
650 1953 787 2025 qrraslibet
809 1952 977 2023 largissimas
990 1948 1127 2006 fruetuum
1179 1971 1249 2021 mm,
1260 1966 1285 2009 et
1302 1954 1373 2008 orani
1385 1954 1522 2024 spurcitia.
1546 1949 1591 2007 Sic
1606 1961 1629 2036 et
1644 1968 1686 2006 eor
1707 1951 1800 2020 aforis
1813 1952 1924 2021 quidem
1935 1968 1984 2022 po-

327 2065 452 2114 suornm,
474 2045 604 2116 cujusque
631 2045 752 2114 pecuniae
771 2043 958 2113 impunitatem
982 2057 1012 2098 se
1035 2056 1127 2097 eutero
1178 2050 1241 2103 retis
1258 2048 1406 2103 hominibus
1416 2046 1494 2117 justi,
1505 2046 1576 2100 intur
1589 2055 1676 2100 oetent
1689 2044 1758 2115 pleni
1769 2045 1833 2099 estis
1845 2043 1985 2114 hypocrisi

326 2141 484 2193 existimant
501 2140 528 2191 in
543 2138 692 2192 facinorum
707 2136 895 2202 immanitate,
915 2151 947 2191 ae
963 2134 1126 2206 flagitiorum
1140 2126 1164 2187 B
1177 2151 1201 2194 et
1217 2141 1362 2209 iniquitate.
1386 2138 1523 2208 sepulcris
1535 2151 1645 2208 quoque
1663 2151 1711 2193 cos
1722 2136 1907 2205 coropararit‚
1922 2151 1983 2206 quae

329 2227 448 2298 ncrpdtia
462 2225 648 2296 permanendi.
1177 2226 1296 2283 humano
1310 2242 1393 2296 opere
1405 2226 1533 2297 cultuque
1547 2225 1726 2296 splendentia,
1743 2234 1921 2281 mortuorum
1936 2240 1981 2280 os·

366 2316 449 2369 linces
461 2315 524 2369 cuci
535 2311 682 2368 excolantes
696 2311 816 2376 culicem,
830 2312 1055 2369 concoenantem
1067 2312 1126 2385 glit-
1176 2312 1253 2371 sibus
1265 2322 1293 2370 et
1302 2315 1466 2370 cadauerum
1479 2315 1657 2370 immuudiliis
1669 2315 1785 2370 interius
1796 2316 1981 2390 surdesoanu

328 2410 429 2462 tientes.
453 2404 591 2461 Camelmn
606 2412 671 2473 pute
684 2418 744 2457 esse
754 2401 832 2471 juxta
859 2419 969 2459 sensum
985 2404 1127 2473 praesentis
1176 2404 1323 2477 preferant
1335 2406 1440 2462 seilicet
1455 2407 1579 2462 inanibus
1591 2407 1682 2462 rerhis
1691 2405 1805 2475 justitiae
1816 2406 1981 2482 speciosita-

330 2498 379 2554 ioci
392 2506 420 2551 et
431 2494 643 2567 magnitudinem
659 2502 866 2564 praeceptorum,
880 2493 1024 2563 iudicium,
1039 2503 1067 2550 et
1079 2495 1127 2550 tui-
1177 2504 1248 2563 um,
1263 2495 1381 2551 habeant
1391 2510 1456 2551 nero
1478 2495 1549 2551 intra
1563 2484 1773 2551 secorisdcnua
1789 2510 1848 2551 snae
1863 2495 1980 2550 meotis·

329 2585 523 2651 cerimrdiam,
559 2593 588 2640 et
615 2584 716 2650 hiiern;
752 2584 866 2641 enlicem
891 2596 983 2641 autem
1007 2584 1126 2641 melmae
1176 2586 1365 2658 queletorem.
1387 2586 1456 2642 ilinc
1475 2586 1539 2643 iliud
1562 2588 1675 2660 quadiu
1690 2587 1816 2643 caliceet
1834 2588 1982 2659 paropside

329 2689 436 2747 iocoue,
462 2688 491 2735 et
504 2678 593 2745 aneti,
620 2686 648 2732 et
664 2678 775 2747 cymini,
795 2686 823 2732 et
850 2677 1014 2748 reliquorum
1032 2675 1125 2733 riliuru
1176 2692 1258 2750 sopra
1273 2677 1487 2744 demonstrabat,
1506 2693 1539 2733 eo
1558 2678 1630 2748 qnod
1644 2677 1713 2735 loris
1734 2679 1780 2734 loti
1795 2689 1892 2735 essem
1904 2683 1981 2735 etin-

328 2773 445 2830 oiernm.
470 2769 531 2825 ilaec
553 2777 647 2826 conua
661 2778 795 2841 precepta
815 2769 872 2833 uei.
885 2785 945 2839 quac
962 2770 1042 2840 digm
1063 2776 1127 2825 suut
1177 2768 1311 2824 trinsecus
1323 2768 1434 2835 sordidi,
1452 2768 1502 2824 hoe
1515 2784 1587 2824 nunc
1606 2784 1655 2839 per
1666 2768 1821 2841 eucarpium
1839 2784 1980 2841 seputcro·

327 2864 490 2919 devoramus
515 2869 596 2931 atque
612 2860 780 2932 negligimus,
805 2870 833 2915 ct
847 2862 973 2933 opinione
988 2861 1126 2935 religionis
1177 2873 1237 2913 rum
1249 2858 1361 2928 replicat
1372 2879 1378 2913 ι
1391 2859 1463 2929 quod
1475 2860 1610 2929 qrromodo
1625 2860 1749 2929 sepulcra
1763 2859 1918 2917 lorinsecus
1932 2862 1979 2917 lita

329 2958 357 3009 in
368 2953 459 3025 parvis
470 2967 530 3023 tynae
543 2951 648 3007 incrrmr
662 2951 763 3007 hahent
778 2951 943 3023 diligentiam
955 2952 1125 3008 ‹lentonstra-
1176 2960 1239 3008 sunt
1254 2952 1338 3019 calce,
1348 2962 1379 3008 et
1390 2962 1485 3008 ornata
1500 2953 1689 3018 nrarmoribns,
1709 2961 1736 3008 ct
1749 2969 1818 3009 auro
1828 2954 1979 3010 coloribus·

328 3057 399 3097 roris.
414 3039 505 3114 (alep.)
529 3039 647 3095 Possunt
671 3048 761 3103 tamen
775 3041 833 3096 liree
853 3057 900 3111 per
920 3040 1076 3113 allegoriam
1091 3042 1126 3097 ad
1177 3055 1230 3112 qne
1245 3039 1383 3109 ‹listineta,
1406 3043 1489 3123 intus·
1502 3052 1595 3099 antem
1607 3043 1686 3115 piena
1700 3054 1764 3099 sunt
1781 3045 1892 3101 ossibus
1906 3062 1978 3100 mor·

326 3134 435 3190 indaeos
449 3132 554 3189 reierri.
570 3131 638 3200 Quia
650 3132 811 3188 dimiserunt
828 3132 991 3200 barrabam,
1008 3134 1055 3206 qni
1072 3148 1125 3189 nou
1178 3141 1284 3192 tuorum
1296 3155 1303 3191 :
1317 3137 1358 3191 sie
1369 3144 1404 3208 ,ct
1418 3137 1538 3208 perversi
1558 3137 1692 3206 magistri,
1708 3138 1771 3208 qnia
1797 3138 1852 3194 alia
1866 3140 1977 3202 dorent,

326 3226 442 3282 solverat
455 3225 614 3291 sabbatum,
629 3225 701 3296 qnod
715 3240 813 3296 magna
826 3225 965 3297 diligentia
979 3225 1126 3282 carnaliter
1176 3235 1205 3283 et
1216 3227 1268 3281 alia
1281 3226 1393 3293 luriunt,
1406 3226 1564 3282 munditiam
1575 3223 1668 3284 habitu
1678 3229 1775 3302 ‘restis
1789 3238 1818 3284 et
1831 3231 1977 3285 uerborum

326 3319 518 3385 observabant,
528 3304 685 3374 occiderunt
699 3326 791 3373 autem
805 3318 949 3373 hominnm
963 3317 1124 3390 spiritaliter
1177 3315 1328 3371 bumilitate
1346 3317 1584 3383 demonstrarent,
1612 3316 1685 3374 intus
1699 3327 1790 3373 auum
1814 3318 1889 3389 piem
1914 3329 1979 3376 snm

327 3409 471 3465 sabbatum
492 3408 684 3477 irninoantem,
705 3407 906 3480 perjudicium,
920 3417 947 3465 ct
970 3408 1125 3465 misericor·
1176 3406 1250 3463 omni
1265 3408 1407 3478 spurcitia,
1419 3416 1445 3465 et
1460 3408 1585 3476 avaritia,
1601 3416 1629 3465 et
1642 3407 1762 3466 libidine.
1779 3409 1905 3481 Denique
1920 3428 1977 3466 ma·

328 3503 412 3566 diam,
426 3510 454 3556 ct
469 3501 560 3567 tidem,
571 3518 632 3573 qnae
646 3502 683 3557 illi
697 3503 815 3559 maxime
824 3504 1043 3560 contemnebant.
1057 3501 1125 3556 Nam
1139 3478 1162 3543 G
1178 3495 1304 3554 uiiestius
1319 3499 1372 3554 hoe
1387 3500 1473 3569 ipsum
1488 3499 1616 3569 exprimit
1629 3497 1748 3556 inlerens
1761 3502 1819 3558 sic.
1844 3500 1881 3557 tn
1897 3517 1946 3557 ros
1960 3516 1977 3556 a

327 3592 465 3648 etcolicis
489 3592 599 3649 nomine
613 3607 667 3647 non
693 3593 811 3651 absurde
837 3593 967 3666 hgnratur
980 3593 1126 3650 seditiosus
1177 3586 1245 3667 loris
1258 3589 1367 3659 quidem
1378 3591 1483 3660 paretis
1505 3591 1659 3654 homitibus
1674 3590 1762 3662 iusti,
1786 3592 1863 3650 intus
1885 3603 1977 3650 autem

328 3684 475 3750 homicida,
493 3684 557 3755 quia
575 3683 627 3739 hoc
640 3684 758 3749 atrimal,
781 3693 809 3739 et
826 3684 971 3754 strependo
983 3683 1125 3753 inquietat,
1176 3681 1248 3754 pleni
1262 3681 1329 3737 estis
1344 3682 1481 3754 hypocrisi
1495 3692 1523 3738 et
1535 3684 1686 3754 iniquitate.

328 3782 357 3828 et
370 3773 503 3844 sangnine
516 3773 667 3831 delectatur
681 3791 688 3840 ;
712 3784 739 3830 et
759 3775 855 3829 mmeh
882 3776 992 3830 nornine
1016 3785 1126 3846 propter
1219 3770 1265 3828 tc
1278 3773 1358 3839 vohis,
1374 3773 1466 3830 scribto
1478 3786 1502 3828 et
1522 3774 1652 3830 Pitonnci
1662 3775 1817 3847 hypocrite,
1832 3779 1899 3849 quin
1912 3779 1976 3834 odi-

330 3862 518 3919 humiliantem
542 3877 573 3919 se
593 3862 628 3917 ad
641 3865 781 3918 subeunda
799 3879 883 3920 onera
902 3864 1124 3935 magnitudinem,
1176 3863 1263 3933 protis
1282 3862 1402 3932 sepulcro
1420 3860 1624 3935 p'ropitetormn,
1646 3876 1670 3922 et
1689 3868 1789 3921 orantis
1806 3880 1977 3923 nwrrnrncnm

329 3942 511 4025 congruenter
524 3955 685 4025 intelligitur
697 3954 838 4011 Dotrrinus.
1174 3953 1320 4024 justorum,
1340 3964 1364 4010 et
1379 3955 1466 4011 dicitis
1481 3972 1490 4011 .·
1505 3955 1537 4011 Si
1558 3956 1699 4026 fuissentne
1714 3958 1742 4013 in
1763 3958 1856 4013 diebus
1869 3969 1976 4028 potrum

370 4044 414 4098 Vre
427 4045 508 4112 nohis,
523 4043 653 4100 scriberet
668 4041 800 4099 Phorisoi
814 4046 966 4116 hypocrite,
983 4047 1028 4116 qni
1050 4063 1127 4101 mun·
1178 4054 1339 4112 nostrorum,
1355 4062 1407 4100 non
1420 4063 1535 4102 essemus
1546 4049 1610 4102 socii
1620 4064 1710 4103 eorem
1723 4049 1750 4102 in
1765 4052 1895 4119 sanpntne
1910 4065 1975 4120 pro-

328 4135 409 4200 datis,
425 4133 495 4204 quod
519 4133 551 4188 de
566 4132 631 4204 loris
646 4143 684 4189 est
698 4134 811 4202 colicia,·
834 4145 858 4190 et
879 4137 1042 4207 paropsidis,
1056 4139 1126 4193 intur
1176 4135 1325 4206 pinatorum.
1339 4134 1434 4208 itaque
1458 4119 1605 4191 testimonio
1628 4138 1688 4192 estis
1709 4137 1900 4208 eottsinectpns
1912 4141 1976 4208 puio

328 4234 416 4278 antem
425 4224 495 4296 pleni
507 4226 568 4280 estis
584 4226 676 4296 rupino
690 4234 715 4280 et
729 4226 920 4282 immunditie?
936 4227 1055 4284 Diversis
1064 4243 1126 4283 ver·
1176 4225 1226 4296 phi
1236 4227 1299 4282 eatis
1319 4243 1408 4282 eorem
1422 4228 1467 4300 qui
1478 4229 1617 4300 prophetas
1637 4229 1796 4285 occiderunt.
1816 4229 1978 4286 Prudentis·

329 4312 371 4368 bis
386 4313 481 4368 eodem
494 4329 548 4386 quo
558 4329 639 4386 snpra
654 4330 736 4371 sensu
749 4316 839 4387 arguit
850 4314 1002 4373 Pharisaeos
1017 4318 1127 4374 sinmla-
1177 4315 1247 4372 simo
1261 4316 1416 4389 syllogismo
1440 4318 1590 4390 arguiteos
1602 4318 1673 4376 lilios
1684 4334 1744 4376 esse
1759 4320 1976 4388 homicidarum,

331 4403 413 4458 tionis
426 4411 507 4473 atque
518 4405 668 4471 mendacii,
680 4405 753 4476 arrad
766 4405 838 4461 aliud
852 4407 996 4463 ostordant
1012 4409 1126 4465 homini-
1177 4408 1241 4488 dum
1264 4409 1314 4480 ipsi
1331 4410 1458 4480 opinione
1473 4412 1603 4469 bonitatis
1619 4420 1647 4468 et
1659 4412 1752 4486 gloriae
1772 4414 1799 4468 in
1819 4415 1920 4486 populo
1933 4431 1978 4470 se·

330 4494 380 4548 bns
395 4492 481 4561 loris,
503 4495 574 4550 alind
597 4496 669 4551 domi
694 4504 785 4568 agant.
808 4497 867 4553 h'on
891 4499 963 4568 quod
992 4499 1019 4554 in
1043 4501 1126 4558 calice
1176 4499 1269 4572 pulcra
1292 4502 1650 4575 aedilicautprophetarum,
1666 4504 1866 4575 quosmaJ'nres
1881 4523 1977 4561 eornm

328 4600 423 4640 eornm
440 4594 468 4640 et
480 4587 623 4657 paropside
638 4588 794 4658 superstitio
809 4598 970 4657 moraretur,
991 4589 1037 4646 sed
1054 4590 1125 4662 quod
1177 4593 1371 4651 interfecerunt
1381 4603 1409 4651 et
1420 4596 1512 4653 dicum
1522 4614 1529 4651 ε
1541 4595 1571 4652 Si
1585 4597 1729 4654 fuissemus
1743 4598 1770 4653 in
1782 4598 1827 4654 illo
1840 4609 1975 4672 tempore,

330 4677 484 4734 hominihus
503 4678 677 4733 ostenderent
691 4678 861 4735 sanctitatem
874 4681 901 4735 in
915 4681 1020 4749 habitu,
1032 4683 1059 4736 in
1069 4699 1127 4739 ser·
1177 4699 1232 4740 non
1245 4683 1405 4744 lecissemus
1422 4702 1454 4743 ea
1468 4704 1529 4759 qnae
1548 4687 1672 4747 lecerunt
1694 4702 1786 4762 patres
1799 4695 1899 4748 nostri.
1916 4693 1976 4749 lioc

329 4785 419 4834 mone,
436 4770 462 4824 in
478 4770 663 4842 phylacteriis,
679 4773 704 4826 in
719 4772 843 4839 fimbriis,
859 4774 887 4829 in
903 4775 1056 4830 orationum
1068 4775 1126 4831 lon·
1177 4773 1285 4830 etiamsi
1300 4790 1426 4833 sermone
1437 4793 1490 4833 non
1506 4778 1611 4844 dieunt,
1626 4793 1708 4849 opere
1723 4780 1884 4851 loquuntur,
1895 4797 1928 4836 ex
1942 4800 1976 4837 eo

329 4861 459 4932 gitndine,
474 4862 541 4917 etin
555 4864 659 4919 ceteris
678 4864 842 4930 istiusmodi,
858 4865 1123 4925 intrinsecosantem
1139 4840 1250 4936 1'quattu
1273 4866 1417 4924 ambitiose
1442 4877 1470 4924 et
1496 4870 1639 4936 magnitiee
1663 4870 1799 4926 aedilrcant
1824 4874 1977 4928 memorias

329 4960 421 5007 essent
434 4952 559 5007 uitiorum
577 4955 702 5010 sordibus
720 4955 802 5026 pleni.
818 4957 916 5013 Calicis
930 4973 1046 5030 namque
1060 4974 1124 5018 usus

330 5043 443 5098 interior
456 5052 507 5109 est,
526 5045 606 5114 quisi
626 5046 806 5113 obsorduerit,
822 5048 887 5116 quid
907 5049 1030 5118 proliciet
1053 5052 1124 5110 lotus

329 5131 472 5187 exterius?
491 5131 604 5203 (iiiior.)
619 5135 707 5206 aitque
728 5135 788 5190 ideo
802 5135 939 5194 interioris
952 5142 1124 5198 conscientiae

329 5212 403 5278 nitor
416 5231 456 5280 cst
467 5224 643 5291 obtinendos,
659 5237 689 5279 m
706 5241 737 5280 ea
755 5243 815 5298 qaia
828 5230 949 5298 eorporis
963 5240 1026 5287 suut
1040 5231 1123 5288 lorin-

329 5304 409 5372 secus
423 5315 564 5371 laventur?

366 5403 501 5462 Plautiano
515 5408 705 5473 recantando
724 5413 796 5481 prins
811 5413 880 5483 quod
896 5418 967 5471 intus
980 5425 1018 5469 eet
1032 5416 1121 5472 calicis

328 5510 353 5555 et
372 5500 530 5570 paropsidis,
545 5509 573 5554 ut
594 5502 641 5570 piot
661 5511 683 5556 et
696 5502 723 5557 id
738 5503 807 5574 quod
822 5503 919 5574 deforis
931 5515 968 5560 cst
983 5508 1119 5562 mendant.

330 5590 387 5648 iioc
396 5601 447 5657 est,
463 5592 562 5646 munda
574 5593 649 5663 prins
668 5609 715 5649 eor
729 5601 756 5648 et
765 5595 957 5650 conscientiam
968 5611 983 5649 a
995 5598 1121 5666 concupi·

329 5683 471 5737 scentia-et
484 5683 576 5754 pravis
591 5684 743 5750 desideriis,
757 5701 772 5740 a
787 5686 881 5743 lrande
901 5697 929 5743 et
951 5688 1022 5756 doio,
1039 5690 1120 5745 etsie

329 5771 395 5827 loris
409 5788 457 5842 per
471 5789 552 5844 opera
568 5776 694 5830 ostendes
713 5777 844 5833 ueraciter
857 5779 1039 5833 sanctitatem.
1065 5778 1122 5835 No·

329 5858 440 5914 tandum
461 5870 549 5916 autem
565 5864 635 5932 quod
653 5865 722 5934 apud
738 5864 838 5920 Lucam
861 5868 898 5922 ita
914 5868 1043 5939 seriptum
1059 5877 1119 5925 est:

330 5946 421 6008 Stulti,
443 5967 527 6005 nonne
552 5952 597 6010 oni
619 5953 678 6022 feeit
704 5955 773 6024 yitod
798 5955 896 6024 deforis
917 5966 967 6019 est,
988 5960 1068 6013 etiam
1092 5960 1121 6013 iu

326 6037 397 6102 qaod
417 6039 538 6093 inanest
553 6040 637 6110 fecit?
657 6041 732 6111 (inc.
751 6045 802 6112 xi.)
830 6043 922 6118 [lina]
943 6045 1004 6112 Qui,
1020 6046 1118 6118 inquit,

1177 4955 1340 5022 occisorum,
1355 4972 1451 5030 qoosa
1469 4959 1592 5028 patribus
1603 4959 1659 5016 suis
1680 4959 1818 5032 jugulatos
1837 4977 1900 5018 esse
1918 4980 1974 5019 nou

1178 5056 1286 5119 negant.
1299 5049 1412 5122 (Manu.)
1431 5047 1489 5107 Non
1502 5053 1575 5108 enim
1589 5062 1699 5124 propter
1713 5069 1833 5111 amorem
1848 5056 1975 5111 veritatis

1177 5149 1205 5196 et
1220 5139 1329 5210 pietatis
1341 5138 1393 5196 hoe
1404 5139 1540 5196 lecerunt:
1565 5144 1613 5198 sed
1632 5152 1741 5212 propter
1756 5141 1881 5201 favorem
1896 5161 1975 5200 ranae

1176 5230 1264 5287 laudis
1288 5230 1437 5303 hypocritae
1462 5232 1553 5287 omnia
1580 5231 1712 5289 fallaciter
1731 5231 1879 5293 iaciebant.
1904 5234 1973 5306 (ie-

1178 5322 1263 5393 runt.)
1279 5322 1317 5379 Ae
1328 5322 1389 5378 ideo
1402 5338 1455 5378 uon
1469 5334 1642 5378 monuntcnta
1653 5326 1847 5395 prophetarum
1861 5342 1972 5390 orraare,

1176 5413 1222 5469 sed
1237 5412 1426 5470 interfectores
1444 5414 1637 5485 prophetarum
1659 5415 1767 5489 imitari,
1782 5414 1895 5470 sceleris
1918 5423 1972 5469 est.

1175 5501 1261 5558 tudaei
1272 5518 1336 5574 ergo
1348 5504 1540 5574 prophetarum
1553 5514 1725 5561 monumenta
1737 5505 1908 5571 aedificando,
1921 5521 1972 5576 pa·

1177 5599 1248 5648 trum
1265 5608 1374 5648 suorum
1395 5593 1464 5649 heta
1483 5595 1528 5665 qui
1555 5595 1605 5650 bos
1622 5596 1780 5651 oeciderunt
1806 5598 1971 5668 argtteharrt.

1177 5681 1232 5738 Sed
1256 5694 1367 5752 paterna
1391 5683 1513 5740 facinora
1538 5685 1708 5752 ametando,
1736 5688 1800 5744 dum
1828 5687 1972 5744 Christum

1176 5772 1366 5845 apostolosque
1380 5775 1451 5830 iilius
1465 5775 1658 5845 insequuntur,
1681 5778 1708 5832 iu
1733 5778 1837 5849 seipsos
1859 5790 1973 5835 senten-

1176 5863 1241 5918 tiam
1252 5865 1454 5934 retorquebant,
1464 5865 1558 5921 eadem
1571 5866 1695 5924 uidelicet
1705 5868 1755 5939 ipsi
1766 5885 1826 5941 quac
1837 5869 1865 5923 in
1873 5884 1972 5941 paren-

1176 5955 1248 6012 tihns
1268 5957 1432 6012 damnabant
1457 5967 1579 6030 agentes.
1607 5959 1777 6017 Sirnniabant
1801 5963 1912 6034 quidem
1940 5980 1972 6018 se

1174 6047 1210 6103 ob
1220 6046 1342 6104 levorem
1351 6049 1421 6119 rnlgi
1435 6050 1597 6120 captandum
1610 6061 1716 6122 patnnn
1726 6067 1839 6110 suorum
1857 6055 1971 6110 liorrero
