4509 6850
306 572 359 628 uon
781 565 956 623 conunur.
975 564 1008 620 ru
1029 564 1248 625 trurrunuu.
1268 601 1304 611 -
1321 570 1385 628 un
1405 573 1438 628 u.
1885 579 1938 637 970

304 685 503 749 Gennesarcth,
523 684 594 754 quod
610 683 691 757 etism
705 681 856 738 Tiberiadis
868 698 883 737 a
895 681 1005 738 ciuitate
1018 680 1093 737 Tibe·
1112 683 1205 743 ,huon
1224 687 1393 745 obliviscitur
1404 690 1554 747 orationem
1569 706 1729 763 pauperum,
1743 708 1830 766 neque
1841 700 1940 755 scarus

305 781 383 840 riade
398 791 523 835 vocatur.
1153 775 1251 833 faeiem
1264 794 1340 835 suam
1353 796 1368 834 a
1380 782 1552 851 sperantibus
1564 783 1590 837 in
1605 798 1649 849 sc;
1662 784 1726 855 quio
1742 787 1831 856 potius
1843 798 1870 845 et
1880 804 1943 845 cer-

343 869 378 923 Ει
391 868 501 924 dimissa
516 868 593 921 turia
616 868 732 922 ascendit
754 866 782 921 in
799 877 911 923 mantem
925 869 997 924 solas
1013 884 1098 923 orare.
1152 876 1241 923 tantes
1259 883 1320 924 curu
1333 870 1465 935 hostibus,
1480 880 1510 927 ut
1529 873 1638 929 vincant
1652 873 1771 943 adurat,
1789 881 1944 938 etvictores

307 959 465 1016 sifuissent
483 972 545 1013 eum
566 972 599 1013 co
618 957 743 1029 discipuli
762 958 867 1023 Petrus,
888 969 915 1014 et
927 957 1055 1024 lacobus,
1072 945 1101 1017 et
1152 955 1180 1010 in
1194 965 1324 1013 amenum
1343 969 1465 1015 coronat.
1483 960 1560 1018 Unde
1573 965 1625 1018 froc
1643 964 1670 1018 in
1684 964 1742 1021 loeo
1762 976 1824 1037 apte
1837 983 1944 1041 quoque

305 1049 435 1114 loannes,
458 1046 504 1117 qui
529 1047 651 1103 uiderant
674 1047 788 1119 gloriam
807 1049 1002 1114 transformati,
1018 1048 1099 1105 forsi·
1152 1060 1202 1118 per
1213 1047 1332 1103 Marcum
1345 1050 1464 1104 dicitur:
1481 1051 1550 1118 Quia
1565 1053 1628 1108 uidit
1641 1071 1685 1109 eos
1702 1054 1852 1113 laborantes
1866 1059 1894 1113 in
1905 1076 1946 1114 re·

306 1146 353 1192 tan
374 1136 560 1192 ascendissent
580 1137 608 1191 in
624 1144 743 1193 montem
756 1151 817 1191 eum
833 1151 881 1200 eo;
909 1138 956 1193 sed
971 1138 1049 1192 turba
1067 1139 1101 1192 ad
1151 1138 1286 1208 irriganda.
1302 1138 1380 1195 Videt
1401 1141 1500 1213 quippe
1518 1142 1648 1199 hominus
1666 1160 1729 1201 suos
1743 1145 1898 1204 laborantes
1918 1149 1946 1206 in

306 1225 431 1284 sublimia
445 1226 521 1296 sequi
537 1241 590 1281 non
606 1233 721 1297 poterat,
738 1227 790 1283 nisi
803 1227 942 1284 docuisset
955 1243 1014 1283 earn
1024 1228 1101 1299 juxta
1153 1230 1232 1295 mari,
1245 1232 1370 1302 quamvis
1396 1233 1452 1304 ipse
1475 1235 1579 1305 positus
1604 1235 1631 1291 in
1657 1244 1740 1304 terra,
1756 1239 1818 1309 quia
1845 1242 1897 1296 etsi
1912 1243 1946 1298 ad

305 1334 381 1374 marc
404 1318 431 1372 in
455 1318 555 1383 littore,
572 1317 695 1373 etaleret
724 1317 750 1372 in
769 1319 887 1374 deserto.
909 1316 985 1386 Quod
1010 1329 1101 1375 autern
1152 1320 1247 1376 horam
1267 1320 1376 1379 differre
1402 1323 1517 1388 videtur,
1539 1325 1667 1382 auxilium
1683 1328 1817 1385 tribulatis
1843 1330 1947 1403 impen-

305 1411 428 1469 asceudit
450 1410 523 1467 solus
542 1426 637 1477 orare,
664 1426 718 1466 non
737 1410 771 1466 ad
793 1426 855 1467 eum
873 1410 976 1468 referas
989 1412 1047 1483 qui,
1068 1413 1103 1468 de
1153 1412 1226 1476 dere,
1241 1413 1416 1472 nihilomiuus
1435 1424 1525 1472 tamen
1550 1432 1597 1473 eos
1622 1433 1655 1475 nc
1676 1419 1702 1475 in
1728 1421 1948 1478 tribulationibus

305 1504 424 1573 quinque
437 1502 551 1573 panibus
565 1501 685 1572 quinque
710 1500 794 1556 millia
819 1500 928 1557 satiarit
950 1501 1100 1567 hominnm,
1153 1501 1291 1568 deficiant,
1307 1518 1363 1559 sna
1383 1516 1506 1577 respectu
1533 1508 1643 1577 pietatis
1664 1511 1832 1576 corroborat,
1848 1522 1876 1567 et
1898 1513 1947 1569 ali-

305 1594 426 1667 crceptis
439 1591 599 1649 mulieribus
610 1600 638 1647 ct
649 1592 779 1665 parvulis,
798 1591 847 1649 sed
864 1593 897 1647 ad
913 1606 974 1647 eum
988 1594 1035 1663 qui
1053 1607 1102 1648 au·
1153 1594 1262 1663 quando
1285 1595 1367 1650 etiam
1389 1597 1534 1654 manifesto
1551 1599 1685 1670 adjutorio
1698 1602 1780 1658 vietis
1795 1606 1946 1661 adversita-

305 1683 362 1739 dita
373 1689 461 1737 morte
475 1679 599 1746 loannis,
613 1680 726 1737 secessit
739 1681 765 1736 iu
776 1680 949 1736 solitudinem
962 1699 968 1733 ε
982 1696 1035 1736 non
1049 1696 1103 1751 quo
1153 1686 1234 1747 tibus,
1252 1686 1328 1756 quasi
1347 1687 1458 1744 calcatis
1479 1689 1633 1760 sedatisque
1657 1689 1785 1746 fluctuum
1806 1693 1948 1749 uolumini-

305 1790 450 1846 personam
474 1774 581 1829 Domitii
600 1789 780 1845 separemus,
806 1773 854 1829 sed
874 1773 1002 1845 qnoniam
1020 1788 1102 1844 opera
1152 1777 1203 1833 bus
1217 1776 1322 1833 liberat.
1339 1777 1416 1834 Sicut
1432 1780 1476 1836 hic
1489 1796 1598 1852 quoquc
1617 1783 1814 1853 subsequenter
1827 1785 1948 1842 insinua·

306 1867 366 1940 ejus
380 1868 453 1923 inter
470 1867 554 1922 Deum
567 1865 758 1936 hominemque
770 1864 857 1920 divisa
867 1872 940 1920 sunt.
956 1863 1101 1937 (Antros.)

306 1959 359 2016 libi
372 1967 400 2015 ει
414 1959 563 2014 notandum
576 1957 648 2028 quod
661 1970 715 2013 non
729 1955 818 2011 omnis
832 1955 878 2025 qui
903 1965 964 2012 orat
979 1955 1102 2012 aseendit

1153 1875 1208 1933 tur,
1219 1882 1281 1923 cum
1294 1868 1395 1924 dicitur
1407 1889 1413 1924 :

1188 1957 1292 2026 Quarta
1310 1970 1398 2015 autem
1416 1961 1504 2033 marlia
1527 1964 1608 2018 noctis
1626 1967 1693 2018 uenit
1706 1980 1741 2018 aa
1756 1965 1949 2020 aosourbulans

307 2050 334 2105 in
346 2059 476 2106 montem.
487 2049 535 2104 Est
544 2047 713 2104 enimcratio
723 2061 783 2117 quae
796 2055 937 2118 peccatum
953 2045 1035 2113 facit;
1051 2047 1099 2103 sed
1115 2048 1232 2122 fisupra
1244 2067 1326 2107 mare.
1342 2050 1478 2125 (flieron.)
1498 2052 1635 2110 Stationes
1653 2063 1681 2110 et
1698 2055 1796 2126 vigilie
1817 2057 1949 2113 militares

306 2141 352 2212 qui
366 2142 435 2197 bene
453 2147 525 2206 orat,
540 2138 586 2210 qui
598 2139 683 2194 ῠειιιη
697 2137 801 2194 orando
810 2137 916 2208 quaerit,
933 2137 978 2193 hic
990 2151 1005 2191 a
1020 2146 1106 2193 terre-

221 2225 227 2231 ’
307 2235 349 2290 uis
363 2234 397 2290 sd
412 2232 552 2303 superiora
573 2230 759 2302 progrediens,
776 2229 906 2284 verticem
920 2243 992 2284 curm
1018 2227 1105 2284 subli-

307 2320 667 2391 rniorisascendit3qnivem
676 2318 827 2384 dedivitiis,
839 2325 885 2373 aut
897 2318 931 2374 de
941 2319 1044 2374 honore
1056 2332 1105 2373 sas

306 2416 371 2478 euti,
386 2423 433 2470 aut
445 2423 520 2470 certe
544 2414 576 2469 de
590 2411 692 2466 inimici
715 2419 804 2466 rnorte
822 2409 954 2465 sollicitus
968 2410 1105 2472 obsecrat,

309 2508 409 2577 ipsein
428 2505 528 2561 infimis
539 2503 633 2574 jacens
644 2493 711 2558 siles
735 2502 769 2557 ad
788 2502 873 2557 ὓειιει
890 2515 987 2572 preces
1010 2501 1103 2557 mittit.

308 2596 376 2654 Orat
395 2606 485 2653 autern
499 2595 628 2651 Dominus
643 2609 697 2650 non
712 2602 742 2650 ut
760 2608 810 2664 pro
823 2608 853 2650 se
863 2596 999 2660 obsecret,
1014 2594 1107 2650 sedat

308 2704 358 2760 pro
372 2704 414 2744 me
428 2689 563 2758 impetret.
579 2687 647 2743 Nam
662 2696 689 2744 et
704 2688 727 2744 si
741 2688 833 2744 omnia
846 2689 969 2759 posuerit
980 2688 1062 2745 Pater
1077 2689 1105 2743 in

309 2788 443 2853 potestate
455 2778 527 2844 Filii,
539 2778 624 2834 filius
636 2787 738 2845 tamen,
751 2787 782 2835 ut
792 2776 907 2835 formam
925 2778 1043 2835 bominis
1055 2767 1107 2833 im·

309 2873 406 2947 ploret,
422 2871 622 2928 'obsecrandum
644 2870 753 2927 Patrem
766 2878 845 2943 putat
863 2885 923 2927 esse
944 2885 994 2941 pro
1015 2870 1104 2936 nobis,

311 2968 374 3041 quia
387 2950 534 3024 advocatus
547 2974 591 3023 εει
608 2975 709 3024 noster.
732 2966 894 3021 Advocatum
913 2965 992 3033 enim,
1006 2964 1104 3036 inquit,

312 3059 436 3114 babemus
448 3058 518 3130 apud
533 3055 640 3112 Patrem
661 3055 755 3112 lesum
774 3055 906 3113 Christum
923 3056 950 3128 (f
964 3056 1044 3111 laon.
1062 3058 1103 3127 u).

312 3148 342 3207 Si
356 3150 501 3208 advocatus
513 3157 563 3214 est,
579 3148 660 3204 dehet
674 3162 725 3219 pro
748 3148 817 3204 meis
830 3148 995 3204 interuenire
1006 3162 1104 3220 pecca-

313 3243 357 3299 tis.
376 3243 433 3323 Non
451 3257 516 3314 ergo
534 3242 610 3312 qnasi
625 3241 759 3309 infirmus,
780 3243 827 3298 scd
840 3242 917 3312 quasi
942 3241 1003 3314 pius
1027 3245 1105 3300 obse·

311 3342 379 3387 crat.
395 3332 442 3386 Vis
452 3333 522 3387 seire
536 3346 617 3402 quam
633 3331 724 3386 omnia
737 3347 798 3402 qum
813 3330 878 3387 velit
891 3332 995 3403 possit?
1008 3333 1042 3388 Et
1056 3334 1106 3407 ad-

1156 2142 1184 2196 in
1195 2148 1273 2196 terna
1286 2141 1415 2197 horarum
1426 2142 1514 2211 spatia
1526 2143 1692 2234 dividuntur..
1704 2144 1817 2211 Quando
1827 2160 1892 2215 crgo
1910 2146 1951 2201 di-

1156 2233 1194 2287 cit
1208 2241 1304 2302 quarta
1319 2231 1409 2304 vigilia
1435 2233 1525 2289 noctis
1549 2234 1654 2290 uenisse
1676 2235 1710 2290 ad
1731 2250 1779 2291 eos
1794 2234 1950 2299 Dominam,

1156 2323 1274 2380 ostendit
1293 2331 1350 2379 tota
1374 2332 1453 2380 noete
1475 2325 1641 2395 periclitatos
1669 2333 1696 2381 et
1719 2335 1842 2382 extremo
1863 2327 1951 2382 noetis

1156 2423 1278 2487 tempore
1292 2415 1333 2471 eis
1348 2414 1476 2470 auxilium
1498 2416 1650 2487 praebitum.
1674 2414 1764 2489 (lita.)
1779 2416 1951 2475 habombant

1156 2519 1221 2578 ergo
1234 2513 1290 2561 toto
1303 2506 1390 2562 noctis
1399 2520 1492 2576 opacae
1504 2516 1636 2578 tempore,
1657 2508 1704 2564 sed
1719 2507 1836 2566 diluenlo
1850 2525 1950 2581 appro-

1155 2597 1315 2669 pinquante,
1331 2604 1359 2651 et
1374 2594 1487 2651 lucifem
1500 2594 1565 2652 solis
1579 2597 1686 2667 dieique
1700 2606 1826 2654 exortum
1838 2602 1951 2668 promit-

1158 2694 1241 2754 tente,
1252 2686 1326 2742 uenit
1340 2686 1479 2752 Dominus,
1495 2696 1523 2744 ct
1536 2688 1760 2758 superambulans
1771 2690 1873 2745 tumida
1888 2689 1949 2745 freti

1158 2788 1231 2849 terga
1246 2765 1418 2849 comprimit:
1434 2781 1497 2849 qnia
1522 2793 1583 2834 cum
1597 2780 1732 2850 pressuris
1745 2781 1831 2836 obsita
1847 2780 1951 2852 fragili-

1157 2875 1199 2923 tas
1211 2868 1331 2924 humana
1344 2866 1518 2939 pusillitatem
1534 2868 1632 2925 virium
1653 2885 1763 2926 surarum
1787 2873 1951 2937 considerat,

1157 2959 1196 3015 nil
1211 2973 1273 3030 erga
1284 2973 1314 3015 se
1324 2958 1397 3014 aliud
1408 2974 1488 3030 quam
1500 2959 1625 3017 tenebras
1635 2962 1819 3033 angustiarum
1832 2972 1860 3018 et
1869 2974 1952 3019 aestus

1158 3051 1247 3106 cernit
1260 3050 1379 3106 hostium
1393 3049 1605 3123 confligentium.
1627 3050 1694 3107 Cum
1709 3067 1776 3109 tero
1791 3062 1907 3109 mentem
1918 3056 1953 3109 ad

1157 3142 1267 3215 superni
1280 3141 1370 3199 lumen
1381 3142 1511 3213 presidii,
1526 3153 1554 3199 et
1563 3154 1699 3216 perpetum
1711 3146 1781 3201 dona
1801 3149 1952 3206 retributio·

1156 3236 1202 3293 nis
1213 3234 1428 3305 erexerit,quasi
1443 3234 1515 3290 inter
1526 3236 1636 3292 umbras
1649 3237 1737 3292 noetis
1747 3248 1856 3308 repente
1870 3253 1953 3295 eror-

1158 3335 1214 3392 tum
1226 3324 1332 3383 luciferi
1345 3325 1489 3396 conspicit,
1503 3325 1548 3396 qui
1572 3325 1642 3381 diem
1657 3327 1811 3397 proximum
1835 3330 1952 3386 nuntiat.

311 3433 434 3488 uocatus,
448 3432 476 3480 et
491 3421 572 3492 iudex
585 3433 647 3479 est:
670 3423 696 3478 in
708 3422 794 3480 altero
813 3423 921 3494 pietatis
933 3422 1060 3492 officium,
1079 3427 1105 3481 iu
1121 3412 1145 3476 C
1161 3416 1269 3475 Lucifer
1281 3432 1397 3488 namque
1412 3432 1474 3472 eum
1489 3415 1635 3487 plurimum
1648 3427 1703 3474 tres
1712 3418 1794 3476 boras
1809 3422 1908 3487 noctis,¹
1925 3422 1952 3478 id

310 3514 398 3569 altero
411 3514 516 3585 insigne
529 3525 571 3570 est
585 3515 739 3584 potcstatis.

1156 3522 1207 3576 cst,
1224 3518 1308 3567 totam
1331 3509 1453 3581 vigiliam
1476 3509 1638 3564 matutinam
1658 3510 1811 3567 illuminare
1824 3514 1947 3582 perhibe·

348 3604 416 3677 [th]
438 3604 545 3676 lespera
563 3617 650 3660 autem
670 3605 740 3675 sacta
753 3608 825 3662 salus
839 3616 896 3662 erat
910 3607 961 3673 idi,·
985 3607 1106 3663 nauicula
1158 3611 1216 3668 tur;
1239 3601 1379 3672 aderitque
1406 3600 1535 3656 Dominus
1558 3601 1625 3672 qui,
1648 3601 1743 3672 sopitis
1768 3605 1951 3662 tentationum

310 3704 398 3749 autent
418 3695 445 3748 in
461 3696 627 3749 mediomari
637 3695 790 3765 jactabatur
809 3697 952 3766 partitam
967 3697 1105 3752 eratenim
1156 3695 1292 3767 periculis,
1306 3697 1413 3768 plenam
1425 3695 1547 3753 liberatis
1560 3695 1688 3752 fiduciam
1705 3713 1761 3754 sure
1772 3701 1951 3771 protectionis

311 3798 399 3843 aeratus
414 3787 572 3842 contrarias.
588 3785 724 3859 (hieran.)
738 3788 821 3844 Recte
839 3789 917 3859 quasi
932 3789 1008 3844 inriti
1022 3798 1049 3846 et
1064 3806 1107 3846 re-
1157 3787 1297 3843 attribuat.
1311 3786 1439 3859 Sequitur
1459 3806 1465 3841 :

312 3886 460 3934 tractantes
478 3880 591 3949 apostoli
616 3879 762 3936 abomino
783 3891 974 3948 recesserant,
1001 3898 1036 3938 ne
1060 3883 1106 3939 illo
1194 3881 1226 3935 Et
1239 3881 1353 3937 uidentes
1377 3898 1436 3937 cum
1451 3899 1532 3953 supra
1549 3899 1622 3938 utare
1648 3883 1826 3940 ambulantem
1851 3885 1951 3939 turbati

312 3973 423 4028 absente
439 3970 608 4043 naufragium
621 3972 795 4029 sustinerent.
810 3973 931 4045 Denique
941 3975 1059 4032 Domino
1077 3976 1104 4030 in
1156 3983 1234 4035 sant,
1262 3973 1395 4039 dicentes,
1423 3974 1486 4044 qaia
1510 3972 1667 4043 phantasma
1692 3982 1739 4028 est.
1764 3973 1898 4045 (Hieron.)
1921 3972 1952 4028 Si

312 4065 412 4121 montis
425 4065 566 4120 cacumine
579 4075 774 4131 commorante,
787 4066 879 4122 statim
888 4075 987 4122 sentus
997 4075 1106 4123 contra-
1152 4065 1231 4133 juxta
1257 4064 1423 4120 Marcionem
1445 4074 1472 4119 et
1498 4063 1677 4119 lfanichseum
1700 4064 1831 4120 muninus
1859 4074 1952 4121 noster

312 4156 371 4210 rius
388 4156 485 4224 oritur,
500 4165 527 4211 et
550 4156 675 4212 turbatur
689 4172 776 4223 mare,
791 4165 820 4213 et
841 4157 1029 4229 periclitantur
1041 4171 1106 4227 apo-
1157 4169 1210 4210 non
1224 4162 1266 4210 est
1280 4165 1360 4209 natus
1373 4169 1407 4208 er
1424 4153 1538 4225 virgine,
1553 4153 1601 4209 sed
1614 4153 1689 4210 risos
1708 4153 1735 4208 in
1748 4154 1950 4223 phantasmate,

312 4247 386 4313 stoli,
401 4255 429 4303 et
450 4254 505 4302 tam
529 4247 575 4303 dfu
595 4248 739 4305 imminens
753 4248 924 4321 naufragium
937 4259 1105 4321 perseverat,
1157 4247 1293 4317 quomodo
1308 4262 1378 4301 nrrnc
1393 4244 1514 4315 apostoli
1533 4245 1639 4311 timent,
1668 4260 1702 4300 ne
1733 4246 1896 4317 phantasma
1912 4245 1952 4300 ri-

312 4353 394 4408 quam
409 4337 453 4394 diu
464 4337 543 4394 lesus
554 4354 607 4394 non
620 4339 703 4393 venit.
721 4337 812 4411 (Aug.)
839 4337 929 4395 habor
942 4340 1051 4410 quidem
1068 4341 1107 4398 di·
1157 4338 1248 4393 deant.
1264 4335 1355 4408 (Rus.)
1367 4336 1859 4411 Adbuchaareticiputantphantasma
1869 4339 1953 4395 fuisse

313 4429 479 4500 scipuforum
499 4429 527 4485 fn
541 4431 710 4501 remigando,
725 4440 753 4487 ct
774 4432 927 4488 contrarius
940 4432 981 4488 cis
997 4441 1104 4498 ventos,
1158 4426 1309 4488 Dominum,
1328 4440 1377 4482 nes
1398 4441 1490 4482 fetam
1512 4428 1692 4499 assumpsisse
1718 4444 1829 4486 caruem
1847 4431 1880 4486 de
1897 4431 1953 4485 vir·

313 4519 419 4576 labores
434 4521 561 4578 Ecclesiae
575 4531 673 4578 sanctae
688 4523 779 4578 uarios
796 4523 930 4595 designat,
949 4539 1009 4594 qum
1035 4524 1107 4579 inter
1157 4519 1228 4590 gine.
1258 4518 1379 4588 lienique
1402 4517 1559 4575 Theodoms
1587 4518 1786 4577 pharanitanus
1815 4521 1952 4591 quondam

313 4613 401 4667 undas
423 4613 513 4668 sarculi
539 4614 731 4679 adversantes,
754 4622 782 4669 et
807 4614 1007 4669 immundorum
1027 4614 1107 4672 flatus
1157 4613 1300 4684 episcopus
1316 4611 1354 4666 ita
1367 4611 1485 4681 scripsit,
1494 4612 1633 4683 corporale
1644 4613 1748 4683 pondus
1758 4628 1813 4670 non
1826 4614 1953 4670 habuisse

313 4702 457 4771 spirituum
470 4704 505 4760 ad
516 4703 634 4775 quietem
647 4705 742 4776 putriae
752 4704 965 4775 coelestis,quasi
981 4705 1014 4762 ad
1025 4705 1106 4762 idern
1159 4703 1306 4758 secundum
1321 4717 1431 4757 carraem
1447 4703 1602 4768 bominum,
1617 4702 1664 4758 scd
1678 4703 1780 4774 absque
1791 4705 1910 4774 pondere
1925 4712 1954 4760 ct

314 4791 413 4848 litteris
429 4795 574 4851 stationem
588 4795 732 4867 pervenire
747 4803 869 4852 conatur.
884 4794 935 4852 Ubi
951 4796 1020 4852 bene
1037 4797 1107 4852 dici·
1120 4763 1146 4822 D
1159 4812 1274 4869 corpore
1289 4812 1371 4868 super
1385 4810 1461 4850 mare
1484 4794 1683 4851 deambulasse.
1708 4794 1744 4850 m
1764 4804 1858 4851 eontra
1886 4796 1954 4852 fides

315 4891 370 4948 tur,
387 4884 450 4954 quia
463 4886 535 4940 nauis
550 4897 607 4940 erat
632 4887 659 4941 in
674 4888 853 4954 mediomari,
868 4895 893 4941 et
915 4887 970 4958 ipse
983 4886 1055 4941 solas
1079 4888 1108 4942 in
1159 4887 1291 4943 catholica
1304 4895 1332 4942 ct
1354 4900 1452 4956 corpus
1474 4883 1620 4942 seeundum
1640 4900 1749 4941 earnem
1774 4885 1876 4941 habere
1891 4899 1953 4941 cum

313 4985 405 5030 terra:
420 4976 483 5046 quia
497 4993 692 5048 nonnunquam
719 4978 839 5034 Ecclesia
860 4979 942 5034 tantis
967 4978 1108 5050 gentilium
1159 4977 1296 5050 praedicat,
1315 4987 1342 5034 et
1356 4991 1425 5033 ortus
1438 4991 1608 5047 corporeum,
1624 4986 1725 5034 etcum
1738 4978 1859 5049 pondere
1873 4987 1955 5048 atquc

313 5069 451 5138 pressuris
462 5084 517 5125 non
536 5069 623 5125 solum
637 5067 751 5136 afflicta,
777 5072 825 5126 scd
838 5079 865 5125 ct
887 5070 987 5127 foedala
1009 5079 1062 5137 est,
1077 5079 1108 5126 ut
1158 5081 1242 5123 onere
1253 5067 1387 5138 corporali
1408 5066 1535 5122 incedere
1560 5082 1641 5138 snper
1657 5083 1759 5138 aquas,
1781 5083 1835 5124 non
1858 5067 1954 5123 infusis

313 5161 338 5216 si
354 5159 412 5217 fieri
430 5169 523 5231 posset
532 5161 697 5233 Redemptor
715 5162 801 5233 ipsius
818 5178 879 5219 eam
895 5179 1007 5234 prorsus
1029 5163 1108 5219 dese·
1158 5157 1282 5228 pedibus·
1299 5156 1366 5211 Nam
1380 5157 1541 5228 Dionysius·
1556 5157 1682 5229 egreglus
1696 5158 1768 5213 lutet·
1790 5157 1955 5214 ecclesiasi-

312 5250 403 5307 ruisse
419 5251 453 5308 ad
471 5260 577 5322 tempus
591 5252 737 5307 videretur.
760 5253 836 5309 Unde
849 5262 892 5310 est
912 5253 956 5309 illa
974 5270 1025 5310 vos
1050 5252 1109 5323 ejus

313 5342 387 5397 iuter
411 5344 496 5399 nudas
524 5343 709 5414 pmecflasqae
737 5345 915 5400 tentationum
942 5343 1108 5401 terrentium

315 5432 502 5502 deprebensae,
522 5443 605 5507 atquc
628 5435 758 5491 auxilium
777 5437 953 5507 protectionis
969 5437 1040 5493 illios
1059 5452 1106 5509 ge·

315 5523 452 5580 mehando
466 5525 586 5583 clamore
610 5527 773 5598 quaerentis:
794 5526 829 5583 dr
842 5530 916 5600 quid,
929 5530 1048 5595 fiamine,
1068 5546 1109 5585 re-

315 5614 417 5669 cessisti
430 5615 505 5686 lonqe
518 5617 531 5672 f
544 5618 654 5689 despicis
675 5619 702 5673 in
715 5620 966 5687 importunitatibus,
980 5619 1009 5674 in
1026 5619 1110 5674 tridu-

315 5708 414 5766 latione
428 5710 514 5785 (Psoi.
534 5712 590 5785 tx)f
601 5714 666 5781 Quse
681 5714 783 5784 pariter
799 5728 892 5769 vocem
903 5713 1005 5768 inimici
1018 5729 1111 5785 perse·

316 5801 546 5875 quentisexponit
565 5804 594 5859 in
615 5804 791 5874 sequentibus
804 5803 916 5876 psalmis
939 5803 1107 5875 subjiciens:

317 5889 392 5945 braia
415 5895 483 5949 enirn
504 5897 532 5949 in
546 5894 623 5949 carde
642 5910 711 5949 suo:
726 5894 829 5950 Oblitus
847 5905 885 5950 est
904 5894 992 5959 deas,
1013 5895 1106 5949 attertit

316 5981 511 6057 {mian-tuam,
526 6003 557 6042 ne
579 5987 662 6042 uideat
688 5989 816 6058 usquein
838 5988 926 6072 fincta.
951 5989 1050 6045 lerum
1065 5988 1110 6046 ilfe

538 6081 672 6142 Parnoi..
689 6081 782 6144 Cfo.

1162 5264 1210 5305 eos
1229 5249 1391 5318 scriptores,
1415 5248 1442 5302 in
1459 5249 1597 5319 opusculis
1619 5250 1653 5305 de
1673 5249 1772 5305 divinis
1794 5250 1954 5307 Nominibus

1163 5341 1215 5397 froc
1229 5340 1308 5395 modo
1325 5339 1462 5408 loquitur:
1478 5338 1714 5410 ignoramuscnim
1725 5339 1841 5409 qualiter
1856 5339 1889 5394 de
1901 5341 1956 5394 rir-

1162 5433 1250 5506 gineis
1269 5429 1444 5503 sanguinibus
1463 5430 1515 5485 alia
1532 5432 1589 5502 lege
1611 5439 1710 5500 praeter
1731 5429 1880 5486 naturalem
1896 5431 1954 5486 for-

1162 5525 1299 5589 mabatur,
1312 5531 1339 5578 et
1354 5520 1470 5593 qualiter
1483 5538 1537 5577 non
1562 5519 1657 5577 infusrs
1681 5519 1793 5592 pedihus
1814 5522 1954 5593 corporale

1162 5615 1267 5687 pondus
1283 5612 1445 5669 habentibus
1461 5620 1488 5667 et
1511 5612 1650 5668 materiale
1670 5628 1749 5676 onus,
1764 5612 1955 5668 deambulabat

1162 5706 1190 5761 in
1212 5705 1351 5761 humidam
1366 5711 1394 5758 ct
1407 5702 1560 5759 instabilem
1585 5701 1774 5758 substantiam.
1792 5702 1953 5759 Intuendum

1162 5806 1204 5855 est
1214 5798 1295 5868 igitur
1309 5798 1444 5867 quomodo
1468 5795 1575 5852 lfareus
1598 5795 1672 5853 dicat
1693 5797 1764 5868 quod
1788 5797 1860 5853 circa
1875 5812 1954 5868 quar·

1162 5900 1217 5947 tam
1233 5892 1352 5964 vigiliam
1379 5893 1466 5948 noctis
1491 5891 1597 5947 ueniret
1611 5893 1644 5947 ad
1658 5907 1705 5948 eos
1719 5891 1849 5947 Dominus
1860 5891 1954 5946 ambu-

1162 5985 1221 6068 lans
1235 6001 1315 6057 super
1328 6001 1411 6052 marc,
1428 5993 1455 6043 ct
1476 5984 1557 6040 vellet
1577 5984 1717 6057 praeterire
1735 5997 1791 6040 cos.
1814 5981 1953 6051 Quonrodo
2025 6041 2028 6048 ,

1686 6079 1721 6140 31
