4509 6850
363 731 413 786 iii
699 727 730 783 B.
750 728 877 783 RABAN!
897 728 1006 785 duddi
1026 724 1185 784 itttctttEt‘.
1204 723 1358 781 trudunt.
1378 724 1521 782 OPERUM
1540 724 1630 781 ends
1647 724 1668 781 l.
1789 794 1791 797 y
1953 729 2002 785 tte

361 841 453 896 divina
474 839 644 912 praecellebat
655 840 799 906 creaturis,
826 840 929 917 babens
942 840 969 893 in
985 839 1091 910 propria
1103 852 1151 908 pe
1168 836 1191 895 Α
1206 842 1261 885 erm
1286 832 1408 890 Verbum.
1435 832 1493 886 lioc
1519 844 1576 887 erm
1598 824 1633 889 ιἰιΙ
1653 835 1870 907 principiorum
1894 844 2001 899 tnnrn:

362 939 459 987 testate
469 930 578 1001 quando
600 945 731 1000 aquarum
748 930 896 986 illustraret
916 932 1053 1003 abyssum,
1069 946 1154 1000 quan·
1204 924 1291 977 ornarin
1301 939 1348 993 per
1366 926 1449 995 ipsunt
1469 925 1540 995 [actu
1552 935 1611 980 runt
1627 924 1718 998 (doun,
1732 931 1762 997 ι).
1779 927 1856 997 Quod
1869 948 1939 1004 ergo
1952 933 2001 1001 ait,

361 1022 395 1075 do
409 1021 436 1075 in
453 1019 542 1075 locum
556 1035 603 1075 eas
622 1029 778 1076 secerneret
792 1036 886 1087 unum,
901 1030 928 1075 ut
945 1032 1086 1092 appareret
1099 1021 1154 1075 ari·

360 1110 405 1176 da,
423 1110 531 1179 quando
549 1118 576 1164 et
589 1109 724 1178 quomodo
744 1119 883 1167 creaturas
905 1112 1018 1167 caeteras
1041 1128 1090 1181 pro
1104 1127 1154 1167 suo

361 1211 427 1254 nutu
448 1200 615 1270 disponeret,
637 1200 662 1253 in
689 1200 894 1255 sirnilitndinem
919 1201 1043 1255 rirlclieet
1072 1199 1151 1266 labri,

360 1288 439 1357 cnjus
459 1288 581 1342 noluntas
599 1288 642 1341 bis
661 1304 721 1358 quae
733 1287 895 1343 fabricandae
909 1298 972 1344 suut
993 1292 1073 1345 rebus
1085 1290 1153 1345 solet

360 1377 518 1449 superferri.
542 1378 619 1445 Quod
655 1378 689 1432 ad
710 1379 794 1448 ipsam
815 1373 926 1448 'quoqne
952 1379 1152 1435 distinctionem

361 1472 509 1542 superioris
523 1471 583 1526 coeli
598 1471 726 1540 pertinet,
742 1471 768 1524 in
786 1485 840 1539 quo
854 1485 914 1524 mou
931 1470 1049 1539 perfecte
1061 1471 1152 1524 omnia

360 1562 488 1629 disposita
503 1560 620 1629 Spiritus
636 1560 721 1614 saneti
736 1559 879 1629 presentia
905 1558 1066 1613 illustrabat.
1094 1558 1153 1612 b'ou

361 1651 425 1723 llll„
444 1650 512 1722 haee]
536 1659 627 1705 autem
640 1658 670 1704 ut
683 1651 708 1703 in
723 1648 907 1713 inferioribus,
934 1649 984 1702 boe
997 1658 1049 1714 est,
1073 1648 1153 1715 liujus

359 1742 452 1797 mnndi
462 1742 604 1804 creaturis,
615 1742 692 1800 borrae
705 1740 852 1809 primordia
866 1739 1029 1795 conditionis
1043 1755 1074 1793 ει
1086 1749 1153 1793 tcm-

358 1851 425 1905 pore
435 1836 467 1889 ad
480 1833 630 1903 perlectum
644 1832 776 1887 deducere
791 1832 955 1886 intendebat.
971 1829 1039 1885 liam
1053 1840 1079 1885 et
1093 1830 1153 1885 ideo

359 1925 464 1997 Moyses
479 1937 532 1979 tam
547 1926 665 1981 breviter
679 1925 827 1994 superioris
843 1924 934 1978 mundi
954 1923 1018 1979 iecit
1039 1926 1154 1980 mentiu-

359 2029 431 2077 nem,
454 2013 562 2083 quiade
576 2015 675 2067 mundo
690 2013 750 2077 boe,
777 2014 804 2067 in
827 2028 881 2082 qno
895 2014 977 2068 bouro
991 2012 1079 2069 iaetus
1098 2022 1151 2078 est,

360 2106 394 2160 ad
421 2101 626 2161 instructionem
657 2105 764 2175 generis
786 2104 905 2158 butrioni·
928 2119 1082 2159 sermonem
1108 2104 1121 2158 i
1139 2135 1151 2145 -

1202 1014 1294 1068 omnia
1309 1013 1379 1067 iacta
1391 1013 1570 1083 pertenuem
1585 1015 1633 1071 Dei
1650 1013 1780 1083 loannes,
1796 1020 1846 1075 troc
1858 1032 1910 1087 est,
1926 1026 2001 1094 (prol

1201 1100 1308 1171 Moyses
1324 1101 1371 1166 ait,
1387 1101 1450 1172 quia
1471 1102 1539 1158 dixit
1564 1104 1643 1170 Deus,
1663 1104 1725 1160 i'iut
1749 1107 1813 1175 lux,·
1840 1110 1919 1176 dicit,
1936 1111 2002 1168 Fiet

1202 1189 1396 1258 yirnrmnentum
1407 1208 1417 1256 ;
1430 1191 1508 1256 dixit,
1520 1193 1580 1248 Fiat
1594 1203 1692 1249 caetera
1709 1206 1845 1253 ereatura.
1858 1200 1915 1257 lloc
1927 1207 2002 1273 quim

1204 1280 1323 1348 psalmus
1351 1279 1476 1349 adjuncta
1496 1294 1524 1340 et
1538 1284 1657 1356 Spiritus
1672 1291 1758 1344 sancti
1776 1307 1890 1362 persona
1908 1297 1976 1353 dicit
1993 1318 1999 1352 :

1209 1368 1290 1424 Verbo
1304 1371 1410 1427 Domini
1424 1374 1483 1429 coeli
1508 1376 1608 1445 firmati
1628 1391 1697 1443 sunt,
1713 1392 1737 1435 et
1756 1381 1858 1453 Spiritu
1874 1388 1930 1440 oris
1941 1389 2002 1458 ejus

1203 1464 1286 1514 orrtru's
1306 1462 1387 1515 uirtus
1408 1480 1497 1517 eornm
1512 1464 1598 1535 (Ρεαι.
1627 1470 1725 1543 xxxii).
1744 1472 1772 1526 Si
1789 1482 1879 1529 antem
1895 1480 2001 1547 quari-

1204 1557 1249 1602 tur
1271 1551 1369 1619 quibus
1382 1553 1409 1608 iu
1424 1553 1613 1626 locisjubente
1642 1561 1697 1617 lieo
1715 1563 1785 1619 laeta
1803 1566 1839 1621 sit
1865 1568 1921 1634 lux,
1937 1587 2001 1626 ειιιιι

1204 1643 1292 1696 adbuc
1305 1645 1418 1716 abyssus
1433 1662 1540 1712 omnem
1558 1657 1636 1705 terrae
1651 1654 1855 1723 amplitudinem
1869 1668 2002 1734 contege-

1204 1741 1255 1797 ret,
1282 1743 1357 1804 patet
1383 1736 1504 1808 proiecto
1528 1742 1589 1809 quia
1620 1742 1647 1797 in
1672 1746 1857 1815 superioribus
1875 1749 2003 1821 ejusdem

1205 1832 1283 1880 terrn·
1298 1828 1431 1896 partibus,
1451 1845 1519 1899 quas
1536 1842 1563 1885 ει
1578 1848 1649 1887 ιιιιιιε
1664 1834 1755 1889 divina
1783 1835 1829 1891 lux'
1851 1839 1919 1894 solis
1936 1840 2001 1896 illu·

1203 1924 1290 1969 suare
1305 1920 1454 1985 consuevit,
1480 1930 1541 1976 tune
1557 1923 1714 1993 principalis
1729 1926 1774 1981 illa
1798 1928 1846 1984 iux
1872 1932 2001 1987 emicuit.

1203 2006 1259 2062 Nee
1284 2009 1435 2065 mirandum
1459 2013 1538 2068 nobis
1564 2016 1654 2070 diuina
1676 2021 1835 2087 operatione
1854 2022 1945 2079 lucem
1972 2026 2001 2079 in

1203 2097 1281 2165 aquis
1305 2113 1385 2167 posse
1402 2100 1629 2172 resplendescere,
1645 2122 1706 2161 cunr
1726 2117 1753 2162 et
1775 2110 1916 2168 bominum
1935 2129 2002 2184 ope·

359 2219 422 2256 ecre
445 2201 618 2255 instituerat:
631 2198 753 2253 sufficere
771 2198 894 2263 credens,
917 2198 939 2252 si
951 2212 1060 2252 onmem
1074 2212 1152 2251 erea—
1167 2185 1189 2244 B
1204 2188 1308 2243 salione
1319 2198 1425 2244 constet
1450 2206 1497 2246 eas
1512 2193 1609 2262 saepius
1633 2194 1781 2253 illustrari:
1799 2212 1944 2257 naumruur
1958 2201 2001 2259 si-

360 2301 427 2346 tnrae
454 2289 584 2361 spirimlis
599 2299 626 2345 et
642 2289 785 2344 inuisibilis
813 2297 912 2343 statum
933 2296 1013 2359 atque
1027 2299 1152 2344 ornatum

359 2399 412 2439 uno
427 2383 487 2437 cneii
504 2382 622 2448 nomine,
646 2381 717 2451 quod
745 2382 772 2435 in
794 2382 926 2452 principio
948 2381 1050 2434 laetum
1074 2381 1152 2446 dixit,

350 2474 612 2545 ,comprenenderon
637 2472 805 2542 corporalem
818 2488 883 2527 nero
904 2467 1037 2526 visibilem
1053 2479 1080 2526 et
1092 2487 1152 2527 eor-

358 2564 511 2635 ruptibilem
527 2572 682 2621 ereaturam
709 2564 789 2618 latius
810 2578 844 2617 ex
866 2564 960 2618 ordine
977 2564 1151 2629 describeret,

358 2654 451 2719 idest,
477 2652 566 2708 tacitis
589 2654 629 2707 cis
649 2668 709 2722 quae
727 2652 824 2706 altiora
848 2651 962 2720 quaesitu
988 2660 1016 2705 et
1040 2652 1152 2707 tortiora

357 2753 480 2800 scrutatu
493 2753 555 2799 sunt
568 2744 718 2809 bertuinum,
735 2744 778 2797 illa
789 2743 879 2812 potins
890 2758 949 2812 quae
962 2749 1052 2796 essent
1067 2757 1082 2795 a
1098 2741 1153 2797 ilco

357 2845 505 2906 praecepta,
519 2835 575 2889 site
591 2836 735 2906 promissa,
744 2834 898 2889 bominibus
910 2834 1154 2904 cogitandnpropo·

358 2935 444 2981 neret.
469 2926 546 2981 Unde
559 2927 641 2980 etiam
657 2925 779 2980 consulte
795 2925 827 2979 de
842 2940 906 2980 casu
922 2926 1153 2995 praeuaricationis

357 3016 446 3087 arigeli
470 3024 498 3071 et
514 3016 653 3072 'sociorum
678 3014 736 3083 ejus
754 3015 862 3085 penitus
889 3016 1006 3080 reticuit,
1023 3016 1085 3085 quia
1101 3016 1153 3071 boe

358 3110 486 3164 nimirum
505 3110 540 3164 ad
564 3119 664 3164 statum
685 3109 829 3163 invisibilis
855 3108 927 3163 illius
959 3125 991 3163 ae
1021 3108 1152 3180 spiritalis

357 3211 490 3257 creaturae
515 3202 642 3273 pertinet.
666 3201 749 3272 Cujus
779 3202 928 3271 superioris
951 3211 978 3257 et
1007 3202 1151 3258 invisibilis

357 3301 490 3348 creatrrne
517 3303 627 3348 sanctus
655 3293 813 3350 Androsius
844 3295 870 3349 in
886 3295 955 3350 libro
980 3292 1153 3349 liesarrteron

357 3385 477 3439 secundo
491 3384 528 3439 ita
543 3385 685 3440 meminit:
700 3374 871 3443 drbitramur
892 3387 964 3442 enim
978 3375 1041 3457 quia
1058 3388 1081 3443 si
1101 3386 1152 3442 luit

356 3477 494 3547 quidpiam
515 3485 577 3533 ante
590 3478 786 3535 institutionem
800 3480 935 3535 sensibilis
945 3479 1031 3548 liujus
1046 3489 1075 3535 et
1088 3496 1150 3535 εοι-

1204 2281 1311 2347 delicet,
1330 2283 1375 2352 qui
1390 2283 1417 2337 in
1443 2284 1577 2354 profundo
1601 2288 1685 2343 maris
1708 2290 1831 2358 dimersi,
1849 2294 1952 2351 emisso
1966 2311 2001 2351 ex

1203 2389 1251 2428 ore
1267 2375 1336 2441 oleo,
1362 2377 1533 2445 perspicuum
1555 2377 1605 2433 sibi
1619 2380 1669 2435 boe
1683 2397 1714 2436 ac
1730 2379 1848 2440 lucidum
1869 2388 2001 2443 reddunt.

1204 2464 1233 2518 Si
1263 2466 1334 2519 enim
1364 2467 1444 2522 houm
1469 2468 1531 2522 talin
1553 2486 1602 2539 per
1625 2471 1714 2526 oletum
1738 2475 1780 2530 sui
1807 2478 1864 2533 oris
1893 2488 1998 2548 potest,

1204 2568 1333 2629 quantam
1360 2561 1430 2615 Deus
1444 2577 1494 2631 per
1517 2564 1641 2632 spiritum
1664 2567 1721 2621 oris
1735 2570 1776 2623 sui
1799 2570 1888 2626 lucem
1904 2588 2002 2628 meare

1203 2665 1283 2719 posse
1308 2652 1457 2707 credendus
1485 2655 1546 2709 est?
1577 2658 1726 2725 praesertim
1752 2676 1813 2716 curn
1841 2664 1927 2719 multo
1954 2682 2000 2720 ra-

1204 2742 1290 2796 riorcs
1302 2758 1384 2811 quam
1400 2745 1480 2797 modo
1496 2746 1522 2798 in
1545 2746 1626 2801 terris
1639 2748 1731 2803 ridere
1745 2750 1865 2806 solemus
1880 2768 1959 2823 aquae
1972 2756 2001 2809 in

1203 2833 1336 2902 principio
1349 2833 1432 2889 inisse
1458 2833 1537 2890 laetae
1555 2835 1697 2893 credenda·
1722 2850 1796 2905 srmt,
1824 2843 1900 2913 prius
1914 2859 1999 2914 quarn

1204 2922 1231 2977 in
1244 2922 1332 2977 liscum
1347 2933 1438 2978 essent
1458 2940 1556 3002 unum,
1575 2936 1606 2981 ut
1628 2939 1769 2998 appareret
1781 2932 1867 2997 arida,
1888 2943 2003 3007 ooirgrc·

1204 3023 1282 3085 gatae.

1239 3106 1273 3161 Et
1287 3108 1351 3163 uidit
1374 3109 1446 3164 Dens
1470 3108 1564 3176 lucent,
1580 3112 1649 3183 qnod
1662 3124 1727 3167 esset
1739 3114 1817 3169 bonu.
1839 3114 1898 3171 Nou
1925 3119 2002 3173 reiut

1203 3202 1367 3271 incognitam
1378 3212 1442 3258 ante
1453 3213 1564 3275 repente
1575 3204 1662 3261 lucem
1676 3207 1770 3262 videns
1785 3208 1914 3274 laudauit,
1930 3212 1996 3281 quia

1202 3291 1302 3347 bonam
1319 3293 1424 3359 didicit,
1448 3295 1567 3350 sedeam
1586 3312 1667 3366 quum
1688 3297 1850 3354 laudabilem
1871 3317 1901 3358 se
1913 3301 2001 3359 iactu-

1203 3400 1264 3440 rum
1279 3395 1401 3454 noverat,
1415 3386 1472 3457 jam
1488 3387 1588 3444 iactam
1616 3390 1770 3448 bominibus
1790 3392 1868 3449 latrde
1888 3395 2001 3466 dignam

1204 3494 1235 3534 ac
1247 3480 1397 3535 mirandam
1411 3496 1471 3536 esse
1485 3482 1640 3538 declaravit.
1657 3484 1758 3539 Verum
1771 3487 1834 3556 quia
1849 3502 1903 3542 nou
1927 3497 2002 3544 totas

359 3568 494 3637 reptibilis
520 3570 622 3631 mundi,
637 3568 759 3641 proiecto
771 3571 798 3624 in
814 3571 874 3626 luee
886 3569 946 3625 luit.
965 3569 1059 3641 Neque
1077 3571 1149 3625 enirn
1165 3539 1188 3602 C
1205 3571 1295 3625 rnrmdi
1308 3569 1499 3627 tenebrasluee
1510 3572 1597 3627 inlusa
1607 3573 1716 3642 dispulit
1730 3574 1793 3633 (boc
1804 3577 1877 3631 enirn
1888 3579 2001 3646 superni

357 3659 475 3730 dignitas
490 3661 659 3732 angelorum,
675 3677 725 3716 nee
737 3661 858 3716 onmium
873 3661 1025 3717 coelestium
1036 3661 1150 3727 militiae,

356 3750 398 3804 rel
425 3749 447 3803 si
462 3750 525 3820 quid
540 3758 582 3805 est
592 3751 771 3818 nominatum,
787 3761 833 3807 aut
867 3750 1089 3821 incompellabile,
1105 3758 1151 3805 aut

358 3843 448 3911 aliqua
471 3842 640 3898 rationabilis
653 3845 750 3910 virtus,
769 3839 811 3898 rel
835 3844 1002 3900 ministrator
1025 3844 1149 3914 spiritus,

358 3935 456 4004 degere
475 3942 567 4004 posset
582 3935 609 3988 in
630 3935 761 4001 tenebris,
777 3936 825 3990 sed
841 3937 867 3989 in
881 3936 939 3991 luce
953 3945 979 3992 ει
994 3936 1086 3992 letitia
1101 3937 1149 3992 de-

356 4035 462 4080 centem
476 4026 528 4082 sibi
556 4028 677 4083 habitum
699 4029 863 4099 possidebat.
879 4028 951 4084 Bene
974 4038 1065 4084 antem
1088 4046 1151 4085 cnm

357 4118 384 4172 in
405 4118 538 4189 principio
563 4119 658 4185 Deum,
685 4120 712 4196 id
736 4130 796 4185 est,
827 4120 854 4174 in
877 4119 946 4175 Fibo
974 4120 1081 4175 Patrem
1108 4119 1150 4177 ie-

356 4211 425 4264 cisse
446 4211 546 4264 coelum
575 4219 603 4265 et
632 4220 731 4265 terram
757 4214 932 4282 praediceret,
952 4214 1036 4268 etiarn
1063 4215 1150 4269 sancti

357 4299 473 4373 Spiritus
489 4302 579 4357 intulit
589 4304 764 4372 mentionem,
777 4306 919 4361 addendo:
936 4307 970 4360 Et
981 4307 1089 4378 spiritns
1103 4307 1151 4362 Dei

359 4395 493 4466 serebatur
504 4413 583 4468 super
595 4414 688 4468 equos,
710 4405 740 4451 ut
751 4397 876 4453 videlieet
894 4399 977 4453 totius
995 4398 1075 4475 simul
1090 4399 1151 4454 Tri-

320 4509 322 4516 ·
356 4486 448 4541 nitatis
460 4487 487 4541 iu
500 4488 637 4544 creatione
648 4489 741 4543 mundi
765 4489 890 4545 virtutem
902 4501 1074 4561 cooperatam
1090 4504 1151 4546 esse

356 4578 485 4650 signaret.
998 4583 1001 4587 ⁴

670 4676 784 4732 CAPUT
802 4674 832 4730 ll.

534 4764 643 4821 Utitur
656 4769 770 4838 primum
780 4768 838 4837 lieri
845 4768 955 4838 jubetur

391 4854 425 4908 Et
436 4855 504 4911 dixit
517 4857 587 4913 Dens
603 4876 612 4912 :
625 4858 686 4913 Fiat
699 4860 757 4925 lux,
769 4870 793 4914 et
809 4861 880 4929 [octe
897 4872 935 4915 εει
946 4860 1002 4916 lna.
1020 4859 1150 4934 Congruit

355 4947 483 5014 operibus
494 4946 542 5003 Dei
555 4957 584 5003 ut
595 4941 688 5004 mrrndi
703 4958 829 5004 ornatum
842 4965 856 5004 a
879 4949 938 5006 luee
950 4951 1071 5020 incipiat,
1086 4967 1149 5006 eum

356 5034 415 5105 ipse
437 5035 473 5091 sit
493 5036 541 5094 lux
568 5053 643 5103 vera,
673 5039 807 5112 incertaque
830 5041 927 5095 dubitet
945 5041 1149 5119 inaccessibilem

355 5127 383 5200 (1
412 5127 479 5183 Tim.
496 5129 550 5204 rr);
574 5132 652 5202 eujus
674 5133 829 5189 beatissima
853 5135 955 5190 risione
980 5152 1042 5191 rnux
1065 5139 1148 5192 creati

356 5219 384 5274 in
395 5218 472 5276 coelis
485 5221 616 5277 coelorum
628 5223 715 5293 angeli
729 5223 785 5295 jam
797 5224 899 5293 perfrui
913 5235 1063 5297 emper-ant.
1079 5229 1149 5299 lipte

356 5313 420 5367 huic
444 5329 551 5383 quoque
576 5315 675 5370 saeculo
711 5317 832 5372 ornando
859 5317 975 5387 primam
999 5318 1147 5373 materialis

355 5404 471 5475 gratiam
497 5403 566 5461 lucis
592 5406 711 5469 donarit,
733 5415 761 5460 ut
783 5417 855 5461 esset
879 5407 949 5461 unde
968 5418 1066 5462 cratera
1088 5424 1148 5478 qnae

355 5503 460 5549 crearet
487 5504 658 5565 apparerent.
682 5494 759 5562 Quod
771 5505 859 5551 antem
874 5498 975 5553 dixisse
994 5498 1074 5561 Deus,
1090 5498 1147 5553 sire

355 5599 385 5643 ut
404 5589 449 5643 lux
466 5590 552 5654 deret,
568 5589 625 5644 sire
641 5589 692 5643 alia
709 5605 823 5659 quaeque
832 5590 999 5659 perhibetur,
1023 5606 1077 5645 non
1098 5605 1147 5644 no·

354 5693 412 5737 stro
429 5696 504 5736 ruore
517 5696 566 5751 per
580 5697 677 5736 sonum
698 5682 773 5736 uocis
795 5696 954 5751 corporeum
970 5680 1066 5734 secisse
1083 5697 1146 5735 cre·

355 5775 459 5830 dendus
474 5782 525 5838 est,
541 5774 588 5829 sed
610 5775 691 5829 altius
713 5773 915 5844 intelligendum
937 5773 1038 5826 dixisse
1060 5772 1144 5826 bertin

355 5873 385 5919 ut
404 5866 628 5929 lieretcreutura,
656 5865 718 5934 quia
746 5878 793 5934 ρει·
804 5862 920 5917 Verbum
948 5878 1025 5916 suurn
1042 5863 1143 5927 omnia,

402 5964 454 6020 est,
476 5971 525 6028 per
553 5956 721 6026 unigenitum
742 5953 838 6008 Filium
863 5951 935 6007 iecit.
959 5952 997 6006 Ile
1020 5969 1074 6022 quo
1090 5969 1146 6007 niar-

288 5954 479 6124 *tus
492 6048 655 6119 euangelista
670 6046 787 6101 ioannes
810 6044 865 6099 :ln
885 6045 1022 6114 principie,
1046 6044 1145 6113 inquit,

449 6136 566 6204 'erim
580 6150 604 6196 et
624 6137 734 6194 l'erinnt
758 6149 812 6193 ernt
836 6139 904 6208 nprrd
922 6137 1018 6203 ¹dictant,
1041 6148 1063 6192 ct
1076 6137 1146 6193 licus

1202 3667 1244 3713 est
1257 3659 1345 3714 saeculi
1354 3659 1407 3714 lixa
1418 3653 1450 3715 ae
1459 3670 1589 3731 perpetua
1599 3661 1790 3736 inceperirni),
1801 3665 1849 3720 sed
1857 3665 1892 3720 ab
1903 3683 1955 3720 rina
1969 3669 2001 3721 il-

1202 3746 1256 3801 lum
1271 3756 1348 3817 parte
1362 3747 1509 3815 illustrans,
1522 3749 1603 3803 aliam
1623 3749 1732 3820 reliquit
1755 3752 1911 3820 obscuram,
1924 3764 2001 3810 recte

1202 3837 1328 3893 subditur
1346 3856 1352 3891 :
1402 3859 1405 3867 ·

1238 3933 1271 3987 Et
1299 3934 1387 3988 diuisit
1415 3935 1499 3990 lucem
1525 3954 1556 3990 ne
1593 3938 1724 3992 tenebras.
1753 3937 1850 3995 Divisit
1878 3956 2000 4012 namque

1201 4042 1268 4091 cas,
1296 4042 1349 4081 non
1387 4027 1475 4082 solum
1504 4028 1651 4098 qualitatis,
1685 4030 1732 4085 sed
1760 4038 1787 4086 et
1810 4029 1930 4088 locorum
1956 4034 1999 4087 di-

1201 4118 1300 4172 stantia
1319 4118 1427 4174 :lucem
1453 4119 1576 4174 videlicet
1607 4120 1633 4173 in
1660 4120 1801 4190 superiore
1823 4122 1898 4177 orbis
1919 4133 2000 4191 parte

1202 4207 1385 4272 diffundendo,
1399 4209 1425 4262 in
1438 4224 1489 4277 qua
1504 4211 1620 4263 burnana
1633 4218 1694 4264 erat
1703 4211 1873 4266 conversatio
1886 4211 1995 4279 iutura3

1203 4300 1332 4357 inferiora
1348 4315 1412 4355 sero
1427 4299 1486 4369 ejus
1501 4300 1598 4369 priscis
1613 4300 1639 4353 in
1664 4301 1782 4356 tenebris
1799 4316 1940 4356 remanere
1960 4305 1998 4358 si·

1202 4397 1431 4557 ῃοὲἳιῖειιιιὶιᾳιιε
1444 4483 1527 4538 lucem
1541 4485 1620 4548 diem,
1635 4495 1660 4538 et
1676 4486 1795 4539 tenebras
1813 4496 1925 4539 noctem.
1943 4484 1998 4557 Ap-

1113 4641 1115 4644 ,
1201 4574 1309 4646 pellarit
1329 4583 1419 4629 antem
1439 4574 1602 4638 dictumest,
1618 4575 1682 4646 ‘qnia
1698 4574 1873 4630 sicdistintlt
1890 4575 1997 4639 omnia,

1201 4676 1229 4723 ει
1244 4667 1388 4733 ordinavit,
1406 4675 1436 4721 ut
1459 4676 1488 4721 ει
1507 4667 1625 4722 discerni
1649 4675 1768 4736 possent,
1779 4674 1807 4722 et
1822 4664 1931 4721 nomina
1947 4683 1996 4723 ae-

1202 4759 1301 4828 cipere.
1323 4758 1369 4812 Sic
1387 4758 1459 4812 enirn
1472 4757 1607 4812 dicimus:
1626 4757 1670 4812 ille
1688 4756 1884 4826 paterfamilias
1908 4759 1997 4813 aediii-

1202 4851 1275 4906 eavit
1288 4851 1367 4912 istam
1381 4851 1502 4913 domum,
1520 4849 1547 4904 id
1562 4857 1615 4913 est,
1637 4849 1766 4903 cedidcari
1781 4847 1854 4913 lecit,
1870 4856 1897 4928 et
1908 4849 1996 4904 muita

1204 4945 1268 4998 talia
1293 4957 1342 5011 per
1374 4957 1469 4998 omnes
1493 4941 1578 5019 libres
1602 4941 1754 4995 divinarum
1791 4939 1997 5010 scripturarum

1203 5036 1385 5091 inveniuntur.
1415 5033 1472 5089 lloe
1498 5033 1535 5088 ad¹
1550 5033 1713 5088 intellectum
1740 5041 1862 5111 nostrum
1891 5031 1997 5087 dictum

1200 5137 1252 5185 εει.
1276 5127 1334 5196 Qua
1348 5127 1420 5182 enim
1436 5127 1525 5197 lingna
1548 5126 1692 5197 appellauit
1704 5125 1775 5181 Deus
1788 5125 1888 5181 'lucem
1909 5123 1996 5191 diem,

1193 5222 1228 5276 ἐι
1254 5219 1380 5275 tenebras
1393 5207 1509 5281 noctem,
1526 5225 1618 5272 utrum
1642 5218 1765 5281 liebraea,
1781 5232 1815 5272 an
1827 5214 1937 5277 Graeca.
1961 5233 1997 5272 an

1201 5309 1307 5375 Latirra,
1332 5324 1366 5361 an
1386 5307 1438 5361 alia
1461 5307 1562 5378 aliqua,
1582 5308 1663 5362 etsie
1682 5307 1772 5362 omnia
1798 5322 1859 5377 quae
1874 5307 1997 5371 vocarit,

1201 5403 1284 5474 queri
1303 5408 1392 5471 potest
1414 5414 1467 5469 qua
1480 5400 1568 5469 lingua
1581 5399 1728 5454 rocat'e‘rlt.
1751 5397 1806 5453 Sed
1820 5397 1892 5468 apud
1909 5399 1998 5454 Βειιιιι

1200 5508 1284 5562 purus
1295 5489 1447 5545 intellectus
1471 5489 1593 5549 estsine
1608 5489 1721 5558 strepitu
1732 5496 1760 5544 et
1774 5487 1935 5545 diversitate
1944 5487 2001 5552 lin·

1199 5597 1323 5654 guarum.
1375 5592 1378 5596 ’

1235 5672 1401 5744 Factnrnqne
1415 5683 1452 5728 εει
1464 5688 1566 5743 vespere
1580 5683 1604 5726 et
1617 5687 1692 5726 niune
1703 5672 1759 5727 dies
1782 5687 1862 5726 nnat.
1876 5669 1996 5728 Factum

1199 5776 1241 5823 cst
1259 5782 1381 5839 vespere,
1393 5766 1420 5821 id
1436 5773 1487 5831 est,
1501 5765 1640 5820 occidente
1653 5764 1782 5834 paulatim
1804 5763 1864 5819 lirce
1872 5772 1938 5835 post
1951 5777 1998 5818 cx·

1198 5859 1299 5927 pletum
1313 5857 1431 5929 spatium
1446 5856 1549 5910 diurnae
1559 5855 1744 5925 longitudinis,
1758 5862 1838 5924 atque
1850 5852 1998 5909 inferiores

1200 5948 1291 6005 mnndi
1304 5954 1394 6016 partes
1413 5946 1555 6011 subeunte,
1569 5946 1640 6015 ‹ynod
1653 5951 1726 6000 nunc
1741 5946 1842 5999 usitato
1857 5943 1925 5998 solis
1939 5943 1995 5998 cir-

1200 6039 1272 6094 cuitu
1286 6037 1410 6091 noctibus
1433 6035 1474 6106 agi
1490 6036 1577 6099 solet;
1607 6034 1707 6090 laetum
1730 6041 1758 6090 et
1769 6048 1849 6088 mane
1861 6033 1997 6089 redeunte

1200 6129 1293 6187 eadent
1317 6127 1446 6198 paulatim
1477 6142 1557 6197 supra
1579 6136 1673 6193 terras,
1703 6134 1783 6196 ntrptc
1809 6124 1892 6180 alium
1921 6125 1996 6180 diem
