4509 6850
682 636 712 691 B.
731 636 858 690 RchNl
879 630 1165 689 ilali‘lllvhllsslllhll’.
1186 629 1341 689 hedum.
1363 631 1506 687 optabit
1524 631 1615 686 ttius
1633 631 1654 687 ι.
1923 631 1976 687 tta

596 751 709 807 carot
733 750 875 805 dexli.
1148 755 1259 811 Aanno
1271 750 1305 803 de
1326 763 1379 817 quo
1400 749 1514 818 inquiris
1528 758 1594 817 quot
1607 756 1709 817 epactae
1724 749 1779 804 sint
1802 748 1829 804 in
1852 748 1982 809 Kalendis

343 850 411 907 itero
437 846 579 901 decadem
609 861 635 897 re
663 853 845 913 urqrrmentum
874 844 986 897 acratius
1018 857 1135 911 cornpre-
1187 836 1385 903 ianuariis3et
1406 837 1564 906 ‹quotaluna
1583 837 1680 903 iuerit,
1701 846 1743 892 tot
1764 838 1863 895 diesin
1883 839 1981 898 Martio

681 915 808 974 leiim·-
1187 944 1307 987 oreosea
1322 932 1375 987 line
1392 942 1465 988 retro
1482 935 1636 989 subtrahas.
1660 935 1693 989 Et
1711 935 1755 989 uhi
1772 936 1925 1004 deveneris,
1944 939 1980 995 ibi

344 643 399 697 'lib

380 1027 435 1082 lius
456 1025 563 1095 quidem
590 1023 742 1095 regulares,
771 1024 816 1092 qui
843 1024 967 1093 superius
989 1022 1135 1091 conscripti

340 1125 419 1180 surrt,
434 1114 513 1169 simul
526 1130 587 1168 cum
604 1114 727 1167 terminis
746 1114 929 1183 paschalibus,
950 1114 1137 1187 outrtamrer-

344 1207 418 1270 sibus
441 1203 655 1273 comprehendit,
680 1218 734 1272 quo
747 1203 898 1271 faciliusin
911 1203 1068 1279 cantatione
1088 1217 1136 1270 pa-

344 1298 412 1352 riter
429 1298 659 1369 dignosceremur,
678 1297 714 1350 itu
731 1314 737 1348 ε

420 1389 488 1443 Νοι.
508 1388 608 1459 Aprilis
623 1392 722 1441 aorrrnt
733 1385 840 1456 quinos

416 1479 524 1535 Octcnae
539 1477 673 1532 Kalendas
686 1478 738 1531 assi
754 1476 926 1545 depromunt.

417 1572 478 1627 l-lus
491 1570 590 1640 Aprilis
602 1570 683 1624 ctiam
696 1569 778 1623 seris.

417 1660 500 1716 Nonae
513 1668 652 1730 quartanae
669 1675 785 1728 namque
800 1658 936 1738 dipundio.

417 1752 484 1807 item
498 1751 612 1806 undenae
627 1749 748 1803 ambiunt
762 1750 868 1820 quinos.

417 1846 538 1913 Quatuor
550 1843 612 1898 idus
624 1841 734 1911 capiunt
745 1849 845 1895 ternos.
925 1914 927 1918 ι

418 1935 520 1991 Ternas
531 1934 665 1988 Kalendas
681 1933 788 1988 titulant
803 1948 885 1987 scnae.

417 2026 539 2093 Quatuor
553 2025 628 2079 dcnae
639 2024 739 2079 cubant
752 2024 778 2077 in
795 2023 916 2093 quadris.

419 2115 551 2186 Septenas
562 2115 625 2173 idus
642 2123 734 2184 septus
749 2114 866 2185 elegunt.
927 2110 930 2114 ’

419 2207 496 2261 Senae
510 2205 637 2259 iialendar
650 2204 767 2260 sortiunt
785 2212 887 2258 ternos.

419 2298 508 2352 lienus
521 2304 647 2365 septenas
660 2294 823 2349 danamassi.

417 2387 508 2442 Pridie
520 2384 657 2462 Nonaguat
668 2399 749 2453 porro
761 2383 910 2453 quatenns.

418 2478 534 2534 Norenoe
548 2482 677 2530 notantur
693 2489 809 2543 namque
824 2473 953 2542 septenis.

418 2572 523 2626 Pridias
539 2570 599 2624 idus
614 2568 741 2638 panditur
755 2567 855 2637 quinis.

419 2660 517 2732 Aprilis
531 2659 664 2713 Kahndas
679 2674 748 2712 unus
761 2659 897 2727 exprimit.

418 2755 560 2809 buodenas
575 2765 692 2820 namque
706 2751 784 2804 docte
799 2751 949 2819 quaternis.

418 2846 543 2915 Speciem
555 2845 677 2914 quintam
693 2858 832 2913 speramus
846 2845 949 2900 tlrrubus
1062 2912 1066 2919 .

421 2942 563 3008 Quaternrc
577 2939 705 2996 Kalendae
717 2939 834 3008 quinque
847 2938 995 2993 coniciunt.

387 3032 433 3086 llis
446 3046 511 3103 ergo
527 3030 695 3101 regularibus
716 3030 813 3084 additis
831 3028 892 3083 anni
910 3028 1052 3098 praesentis
1072 3043 1139 3083 con·

349 3123 531 3187 currentibus,
553 3130 663 3191 tutaque
686 3130 791 3176 summa
814 3120 840 3174 in
857 3128 962 3189 septem
984 3119 1138 3184 distributa,

349 3222 446 3283 quotus
459 3226 587 3267 numerus
610 3210 781 3275 remanserit,
805 3217 861 3263 tota
885 3207 952 3265 feria
972 3209 1025 3263 crit
1041 3209 1067 3262 in
1087 3218 1140 3263 ter·

351 3304 425 3358 ntino
437 3301 567 3373 paschali.
580 3300 609 3356 st
622 3309 711 3355 autern
727 3307 812 3354 toturn
824 3313 965 3353 numerum
975 3313 1025 3368 per
1035 3308 1138 3368 septem

1180 1016 1292 1072 initium
1310 1021 1391 1090 primi
1412 1023 1513 1076 mensis
1533 1023 1670 1089 invenies;
1686 1024 1806 1093 exceptis
1820 1026 1909 1080 trihus
1922 1042 1985 1082 eur·

1186 1108 1321 1175 belismis,
1339 1110 1431 1174 idest,
1447 1112 1474 1164 in
1492 1111 1640 1166 nouissimo
1662 1111 1823 1168 embolismo
1840 1115 1995 1182 ogdoadis,

1186 1208 1214 1253 et
1225 1200 1312 1267 primo
1326 1200 1486 1257 embolismo
1500 1189 1674 1264 hendecadis,
1686 1210 1716 1257 et
1729 1186 1878 1259 norissima
1889 1207 1996 1260 embo—

1186 1290 1276 1349 lismo
1295 1293 1466 1347 hendecadis.
1491 1294 1519 1348 ln
1539 1295 1698 1349 ιιοιιιιιιιιο
1724 1295 1797 1350 euim
1821 1297 1997 1353 embolismo

1185 1385 1316 1454 ogdoadis
1332 1387 1438 1440 initium
1455 1387 1534 1455 priori
1550 1388 1652 1443 naeuus
1675 1388 1702 1443 ia
1718 1387 1802 1443 Nouis
1822 1389 1924 1460 Aquilis
1938 1392 1994 1445 in-

1186 1476 1302 1529 rcoitur.
1318 1477 1345 1530 lo
1365 1478 1453 1546 primo
1465 1486 1555 1531 autem
1569 1476 1743 1545 hendecadae,
1757 1477 1785 1533 in
1798 1491 1898 1550 quarto
1913 1482 1995 1538 Non.

1185 1564 1287 1635 Aprilis
1303 1568 1449 1622 invenitur.
1464 1568 1492 1621 ln
1514 1568 1607 1622 ultimo
1621 1585 1686 1624 rere
1704 1570 1866 1626 embolismo
1882 1573 2002 1627 hende-

1188 1657 1273 1724 cadis,
1297 1658 1324 1714 in
1352 1659 1472 1714 secundo
1499 1659 1567 1713 Non.
1592 1659 1693 1730 Aprilis
1716 1663 1878 1731 principium
1904 1664 2007 1733 primi

1187 1748 1289 1805 mensis
1302 1748 1465 1805 invenietur.
1485 1749 1550 1805 llaec
1564 1752 1718 1807 obseruatio
1732 1767 1873 1824 nunqnam
1887 1752 1965 1809 iallit.

1444 1859 1558 1915 CAPUT
1585 1861 1726 1917 txxtt‘t.

1388 1929 1424 1982 Dr
1439 1930 1481 1983 die
1495 1929 1633 1984 Douritriro
1651 1930 1772 1987 Pasclroe.

1224 2022 1296 2076 Drsc.
1324 2023 1362 2076 lle
1380 2029 1474 2076 nostro
1491 2037 1556 2093 erga
1574 2023 1676 2078 Pascha
1702 2024 1779 2080 raldc
1801 2025 1930 2082 desidero
1951 2037 2029 2083 ιι

1153 2109 1297 2181 liplenam
1322 2112 1455 2167 rationem
1482 2114 1590 2167 reddas.
1616 2113 1686 2181 Quia
1712 2114 1819 2177 taliter,
1848 2122 1880 2169 ut
1905 2130 1967 2170 reor
1997 2158 2035 2183 ‚

1190 2215 1295 2275 quarte
1320 2206 1432 2261 decimae
1449 2205 1518 2260 lunae
1546 2206 1650 2277 antiqui
1676 2206 1800 2262 videlieet
1828 2204 2040 2265 iudeorum

1191 2294 1301 2349 Paschae
1318 2295 1449 2349 rationem
1468 2294 1571 2348 utiliter
1584 2279 1707 2350 teuernus
1718 2296 1740 2348 si
1756 2294 1862 2350 Pascha
1878 2308 2003 2356 rerutt·
2036 2339 2045 2365 ,

1191 2384 1338 2438 secuudum
1351 2383 1519 2453 Apostolum,
1534 2383 1605 2453 quod
1625 2383 1778 2438 immolatus
1793 2392 1836 2439 est
1847 2382 2046 2455 Christus,

1191 2476 1323 2529 ueraciter
1345 2485 1372 2530 ct
1398 2491 1516 2545 congrua
1543 2477 1672 2548 religione
1696 2481 1887 2533 observemus.
1916 2479 2049 2541 iiam.

1191 2567 1229 2620 lta
1243 2574 1284 2620 est
1307 2576 1336 2620 ut
1354 2569 1469 2633 asscris;
1494 2569 1557 2638 quia
1573 2569 1633 2624 sniis
1658 2570 1724 2640 legis
1738 2569 1866 2627 Christus
1889 2581 1932 2627 cst
1948 2578 2054 2634 hd

1185 2656 1321 2724 justitiam
1336 2660 1408 2713 omrai
1429 2660 1559 2714 credenti.
1580 2659 1701 2730 Septimo
1715 2675 1779 2733 erge
1794 2662 2056 2725 decernerem-

1191 2752 1261 2806 nalis
1284 2754 1377 2809 circuli
1395 2754 1473 2809 titulo
1485 2756 1543 2809 dies
1566 2756 1676 2811 Paschae
1690 2755 1848 2811 Dominicus
1860 2772 2058 2827 00me

1191 2842 1329 2911 henditur,
1348 2846 1393 2917 qui
1412 2847 1445 2901 dc
1460 2847 1599 2901 hurninica
1619 2847 1704 2902 nostri
1726 2845 1879 2901 salvatoris
1899 2863 2062 2911 rest-r-

1193 2934 1352 3004 rectionca
1379 2940 1493 2995 mortuis
1516 2941 1657 2995 exordium
1677 2940 1758 3010 cepit.
1784 2938 1852 2994 Nam
1879 2956 1941 3009 cum
2037 2948 2062 3003 ιιι

1192 3025 1284 3083 veteri
1314 3028 1489 3086 Testamento
1519 3031 1604 3085 tribus
1628 3032 1852 3102 argumentorum
1879 3032 2064 3095 indie—„he

1191 3120 1318 3191 paschale
1332 3117 1438 3191 tempus
1455 3122 1491 3177 sit
1512 3122 1652 3178 obseruari
1669 3131 1845 3196 preceptum,
1861 3124 2063 3184 ridell-ret

1192 3219 1223 3265 ut
1234 3219 1295 3282 post
1307 3213 1508 3283 aequinoctium,
1524 3225 1554 3269 ut
1569 3230 1660 3274 mense
1675 3216 1773 3285 pritno
1790 3224 1820 3269 nt
1834 3218 1914 3271 tertia
1928 3217 2062 3290 effus

1193 3302 1354 3372 septimana,
1373 3304 1399 3358 ιιι
1411 3313 1463 3369 est,
1486 3319 1501 3359 a
1518 3318 1628 3376 respera
1652 3315 1754 3376 quarte
1771 3306 1887 3361 derimae
1901 3324 2062 3381 usi-ue

351 3396 467 3466 partitus
482 3393 572 3459 ltrerit,
589 3393 701 3449 sabbato
715 3391 768 3447 erit
783 3390 828 3446 illc
846 3389 977 3446 terminus
990 3390 1135 3459 paschalis.
1194 3394 1220 3449 in
1235 3393 1386 3466 vesperam,
1398 3397 1423 3452 id
1441 3404 1482 3452 est
1493 3398 1637 3452 terminum
1652 3399 1787 3453 ricesirnae
1799 3398 1895 3468 primae
1915 3400 2060 3456 ee=le

336 3481 427 3540 'Scias
441 3493 530 3537 auteur
544 3483 652 3537 eosdem
668 3482 804 3552 regulares
821 3481 919 3535 esseio
935 3481 1057 3535 terminis
1076 3497 1141 3551 qua-
1156 3456 1178 3517 C
1193 3484 1299 3550 bretur,
1315 3495 1411 3555 quarta
1432 3488 1458 3542 in
1480 3487 1599 3556 ejusdem
1617 3491 1807 3544 observatione
1827 3491 1921 3562 regula
2023 3498 2060 3546 est

349 3575 584 3648 dragesimalibus,
598 3581 626 3628 et
636 3575 694 3629 dies
705 3572 874 3628 accensionis
888 3571 960 3625 lune
971 3571 1051 3640 primi
1066 3585 1141 3625 men-

350 3668 397 3723 sis.
411 3676 439 3722 et
451 3666 582 3722 terminus
595 3664 739 3735 paschalis.
756 3664 803 3718 Est
824 3673 913 3718 autern
937 3664 1047 3733 :equalis
1062 3664 1140 3728 ratio,

351 3768 380 3814 ct
390 3758 502 3828 aqualis
516 3758 671 3812 observatio
684 3756 753 3810 inter
763 3756 951 3810 accensionem
973 3754 1041 3807 lunae
1058 3754 1140 3823 primi

352 3847 454 3901 theosis
471 3855 498 3901 et
517 3854 640 3916 quartam
661 3844 795 3900 decimam
820 3843 911 3897 lunanr
934 3842 1088 3912 paschalem
1114 3851 1142 3896 et

351 3938 458 3992 initiunt
486 3939 708 4008 quadragesima.
730 3936 806 3992 Sicut
833 3936 905 3991 eninr
925 3935 1050 3990 accensio
1071 3934 1142 3990 iturae

350 4029 430 4098 priori
447 4029 548 4085 mensis
569 4029 697 4084 discurrit
717 4029 791 4083 inter
803 4028 897 4098 viginti
913 4037 941 4080 ct
960 4041 1058 4081 norem
1073 4025 1141 4092 dies,

351 4121 403 4176 iroc
429 4129 511 4186 est,a
541 4119 735 4193 Nonis-liartil
759 4133 844 4188 usque
864 4117 1030 4172 insecundo
1052 4116 1143 4172 Nonas

349 4209 460 4279 Aprilis,
482 4211 518 4264 ita
533 4212 619 4280 prima
633 4210 695 4265 luna
708 4209 788 4278 primi
802 4209 903 4262 mcusis
918 4208 952 4262 ab
965 4216 1061 4263 octavo
1080 4205 1143 4262 ldus

351 4302 439 4356 biartii
466 4303 605 4373 usquead
628 4300 718 4355 Nonas
739 4300 839 4370 Aprilis
863 4301 995 4354 variatur.
1020 4300 1053 4353 Et
1072 4301 1143 4354 sieut

350 4392 422 4445 enirn
447 4390 659 4459 quartadecima
682 4389 743 4442 luna
761 4388 896 4457 paschalis
915 4390 985 4442 inter
1002 4388 1094 4457 viginti
1113 4395 1141 4441 ct

1193 3576 1271 3632 nobis
1286 3583 1407 3646 tempore
1421 3577 1568 3634 hornimera
1583 3581 1792 3636 resurrectionis
1805 3582 2022 3653 imposita...
2031 3589 2057 3637 ot

1195 3679 1255 3719 eunt
1281 3667 1441 3734 acquinoctio
1470 3677 1628 3723 transcenso
1651 3669 1742 3724 lunam
1765 3671 1848 3740 primi
1870 3672 2052 3735 men=is

1193 3765 1318 3823 quartam
1335 3756 1465 3812 decimam
1482 3774 1595 3828 vespere
1608 3770 1697 3814 ortum
1718 3761 1809 3817 iacere
1825 3764 2053 3829 viderimus,

1193 3864 1246 3902 non
1263 3852 1353 3905 statiua
1367 3853 1400 3906 ad
1419 3852 1574 3919 iaciendum
1594 3855 1697 3909 Pascha
1718 3856 1902 3926 prosiliamus,
1927 3855 2049 3919 s--eh

1193 3938 1365 3996 Potitiaicmn
1381 3944 1461 4008 diem
1474 3960 1528 4014 quo
1543 3946 1599 4016 ipse
1609 3946 1723 4013 Pascha,
1737 3948 1826 4014 idest,
1840 3950 2048 4004 transtu-ann

1193 4029 1227 4084 dc
1242 4041 1329 4085 morte
1343 4034 1377 4087 ad
1392 4035 1488 4100 ritarn,
1505 4037 1546 4091 'de
1560 4038 1736 4107 corruptione
1750 4039 1784 4094 ad
1803 4041 1932 4111 incorrup
1945 4038 2045 4092 -ur'u

1193 4134 1265 4177 nem.
1278 4122 1310 4177 de
1323 4136 1401 4190 pterra
1413 4125 1448 4179 ad
1467 4125 1578 4196 gloriam
1597 4130 1762 4198 resurgendo
1774 4124 1867 4187 lacere
1886 4132 1933 4204 dig
1960 4143 2040 4182 ιι·

1193 4218 1236 4266 tus
1250 4220 1300 4277 est,
1317 4224 1517 4283 exspectantes,
1543 4218 1569 4271 in
1594 4219 1651 4288 ipso
1667 4221 1774 4275 taudem
1794 4237 1923 4292 congrue
1989 4217 2038 4272 Ῥι

1193 4301 1266 4355 ειιιι
1291 4302 1419 4356 solemnia
1439 4306 1616 4362 celebremus.
1633 4308 1708 4375 Quod
1730 4311 1833 4384 siquis
1855 4311 1967 4381 abiet:
1977 4308 2034 4362 ⁴15¹

1193 4407 1245 4445 noo
1262 4394 1415 4462 mqrrinoetii
1439 4398 1608 4462 nternoriam,
1625 4400 1671 4453 sed
1688 4407 1792 4454 tantum
1814 4402 1896 4473 primi
1910 4410 2029 4456 ιιιθι·

351 4498 448 4537 norern
462 4483 520 4537 dies
535 4482 670 4546 discurrit,
687 4481 716 4535 id
727 4490 777 4544 cst,
789 4497 804 4534 a
818 4482 978 4536 duodecimo
994 4481 1142 4552 dialhpri·
1187 4482 1231 4550 ,sis
1254 4493 1280 4538 ct
1304 4484 1389 4538 tertiae
1407 4485 1434 4539 in
1454 4502 1487 4541 eo
1507 4488 1663 4557 septitanum
1681 4492 1805 4566 posuisse
1828 4492 2021 4564 legiferum,

352 4575 385 4629 lis
402 4591 485 4645 nsque
505 4574 538 4629 ad
559 4575 834 4646 quartumdecimum
853 4570 911 4630 ttrt.
929 4574 1002 4640 bluii,
1027 4575 1064 4627 ita
1077 4587 1142 4644 crgo
1193 4572 1261 4626 sciat
1275 4574 1336 4641 qnia
1355 4575 1407 4628 etsi
1429 4573 1619 4644 aequinoctium
1638 4580 1799 4636 nominatim
1819 4598 1873 4639 noo
1894 4598 1941 4638 cr.
1951 4577 2020 4650 liti·

352 4675 379 4719 et
394 4668 518 4721 accensio
532 4668 601 4720 hrnae
621 4667 689 4721 initii
702 4666 914 4738 quadragesimae
926 4666 1100 4737 interviginti
1114 4675 1143 4720 et
1193 4662 1251 4726 ruit,
1277 4663 1304 4715 in
1330 4665 1381 4719 hoc
1405 4674 1493 4720 tamen
1520 4668 1577 4736 ipso
1594 4671 1702 4736 quoda
1731 4667 2015 4745 pleniluniopritnl

352 4772 448 4812 norem
464 4758 521 4810 dicu
532 4757 663 4820 variatur,
679 4757 730 4810 hoc
743 4764 824 4820 est,a
841 4754 924 4813 Nonis
939 4755 1078 4810 Februarii
1093 4771 1139 4808 us·
1193 4754 1293 4807 mensis
1302 4754 1403 4808 Pascha
1414 4755 1566 4811 laciendum
1577 4759 1708 4828 precipit,
1724 4763 1880 4830 aequinoctii
1894 4771 2012 4818 trare

352 4863 404 4916 que
419 4849 446 4901 io
461 4847 541 4900 tertio
558 4846 625 4900 Neri.
646 4846 736 4901 Martii
759 4849 896 4902 discurrit.
918 4844 964 4900 llle
982 4857 1072 4902 autern
1087 4856 1141 4901 ter·
1196 4858 1307 4899 censum
1321 4846 1439 4915 plenaria
1463 4848 1566 4902 ratione
1581 4848 1723 4919 depromit.
1737 4852 1872 4917 Quoniam
1884 4854 2008 4915 absque

354 4939 443 4992 ntinus
456 4937 695 5008 quadragesimalis
711 4940 746 4993 ab
763 4940 878 5008 septimo
889 4938 926 4992 ld.
946 4939 1086 4994 Februarii
1100 4941 1142 4993 in·

353 5033 419 5101 cipit
436 5031 564 5101 usquead
579 5031 669 5087 Narras
682 5032 800 5086 hlartias.
819 5032 920 5100 Viginti
936 5041 963 5086 et
976 5047 1070 5109 norem
1085 5034 1143 5087 dies

353 5120 416 5180 s'trnt
438 5125 507 5178 inter
520 5125 586 5178 istos
599 5124 666 5179 dos
680 5122 817 5180 terminos.
834 5122 881 5177 Sic
894 5123 975 5177 etiarn
990 5108 1142 5179 et'termini

351 5214 531 5285 litigationem
545 5215 616 5267 inter
632 5213 725 5283 viginti
740 5222 766 5267 et
786 5228 882 5266 norem
897 5214 955 5268 dies
970 5215 1140 5277 discurrunt,

354 5307 405 5361 hoc
420 5317 471 5371 est,
490 5322 504 5358 a
521 5306 627 5360 decimo
641 5314 716 5358 serto
730 5303 787 5357 lial.
803 5304 865 5357 hiaii
887 5321 972 5375 usquc
992 5322 1064 5360 trono
1078 5306 1137 5360 Kal.

349 5395 453 5451 trudas.

614 5479 726 5536 caret
745 5479 873 5536 LXXXV.
927 5506 929 5510 ⁴

368 5577 556 5645 Argumentum
573 5573 607 5627 ud
619 5573 797 5626 inveniendum
811 5573 915 5629 initiunt
925 5574 1002 5642 priori
1016 5579 1120 5629 incuria.

387 5667 461 5722 Drsc.
476 5666 504 5721 Si
516 5666 622 5737 aliquod
636 5664 724 5721 adhue
736 5673 820 5719 restet
832 5673 1018 5736 argumentum
1035 5665 1075 5721 de'
1087 5677 1140 5720 ter-

351 5763 425 5818 mino
440 5761 570 5831 paschali,
588 5776 623 5815 ne
636 5769 671 5822 tc,
686 5774 761 5830 rogo,
775 5758 870 5812 taedeat
883 5759 998 5814 edicere.
1018 5760 1144 5817 litabat

352 5867 417 5922 ergo
433 5854 467 5906 de
481 5852 651 5907 inchoatione
662 5851 743 5920 primi
763 5849 863 5903 mensis
875 5848 928 5902 tale
943 5861 1140 5920 argumentum.

354 5942 549 5997 stentoreos
567 5956 713 6013 agnoscere
730 5939 836 5993 initium
859 5940 939 6007 primi
960 5941 1069 6006 mensis,
1091 5944 1142 5997 hoc

353 6041 406 6096 est,
420 6034 463 6087 ubi
483 6034 643 6103 principium
662 6031 698 6085 sit
713 6030 782 6084 lunae
798 6029 943 6098 paschalis,
962 6031 1034 6086 scias
1047 6033 1142 6087 eodcrn

1196 4937 1248 4991 ulla
1262 4940 1399 4994 dubietate
1412 4951 1517 4995 constat
1530 4957 1589 4996 carn
1602 4958 1662 5012 quae
1674 4944 1762 5012 primo
1775 4946 1891 5000 transitu
1902 4939 2006 5008 εηιι·

1195 5029 1284 5083 noctio
1299 5030 1406 5098 plenum
1419 5046 1495 5084 suum
1510 5032 1617 5102 globum
1632 5034 1791 5099 ostenderit,
1808 5035 1890 5104 ptirni
1911 5042 2001 5090 mll-

1193 5122 1231 5176 sis
1246 5123 1362 5178 existere
1378 5123 1478 5176 lunarn.
1500 5124 1611 5191 Quoties
1632 5140 1698 5197 ergo
1719 5115 1791 5182 diem
1813 5127 1998 5184 enunieret

1193 5228 1254 5266 mor
1274 5215 1419 5269 mirenture
1441 5217 1535 5285 quinta
1558 5217 1662 5271 decima
1689 5212 1751 5273 luna
1777 5219 1929 5286 habemus,
1971 5207 1996 5263 ll
2080 5234 2082 5266 ι

1193 5315 1314 5359 nostrnnr
1333 5291 1437 5375 tempus
1453 5308 1580 5376 paschale
1599 5325 1613 5363 a
1627 5310 1721 5380 regula
1738 5312 1877 5380 dissonat,
1891 5314 1995 5384 quw·

1116 5406 1119 5412 ’
1193 5394 1234 5448 ιιι
1248 5397 1307 5450 aliis
1322 5406 1552 5453 sacramentorum
1573 5402 1720 5470 generibus
1733 5401 1855 5471 ejusdcm
1873 5391 1994 5458 Ριςῑιὲ

1194 5485 1323 5542 solemnia
1347 5488 1476 5542 colamus
1497 5488 1608 5556 Quoties
1629 5504 1695 5547 vcro
1709 5494 1829 5549 secundo
1842 5492 1887 5550 vel
1905 5479 1992 5548 genio
2074 5533 2075 5537 η

1194 5579 1236 5634 rel
1259 5590 1356 5648 quarto
1369 5579 1410 5634 rel
1430 5582 1524 5650 quinto
1538 5582 1579 5637 rel
1596 5593 1673 5637 serto
1688 5580 1731 5638 rel
1754 5585 1874 5655 septimo
1888 5570 1989 5640 abffll‘

1193 5670 1237 5724 die
1250 5671 1318 5724 idern
1335 5670 1489 5726 botniaicns
1504 5672 1671 5738 occurrerit,
1695 5688 1746 5728 nec
1765 5671 1806 5729 sic
1821 5668 1945 5744 quidem
1959 5657 1987 5710 ¹²⁵

1194 5776 1254 5832 gem
1270 5769 1317 5815 aut
1338 5763 1633 5831 prophetassolvirnus,
1651 5764 1697 5818 sed
1717 5764 1884 5835 evangelice
1896 5747 1987 5836 p⁰¹l¹¹⁵
2072 5753 2074 5756 ’

1195 5852 1288 5921 grathe
1304 5863 1472 5905 saerarnenta
1496 5853 1684 5921 adimplemus.
1701 5838 1768 5920 Quia
1792 5855 1910 5910 enimet
1933 5831 1990 5896 5³¹⁶
2081 5872 2082 5904 t

1194 5949 1273 5995 rator
1287 5950 1388 6007 noster,
1405 5943 1475 5996 sicut
1496 5943 1668 6014 Theophilus
1680 5946 1845 6001 venerabilis
1869 5936 1990 6000 Αιοῐιῐ*1
2077 5937 2078 5941 “

1195 6030 1259 6086 driac
1279 6032 1420 6101 episcopus
1445 6032 1548 6097 scribit,
1575 6037 1791 6104 quartadecima
1812 6036 1927 6107 quidem
1950 6017 1996 6069 ²⁵¹
