4509 6850
306 636 371 683 1ιειιι

780 615 957 676 couneus.
977 615 1013 674 ιι
1029 595 1242 676 damnent
1267 614 1385 674 -s-um.
1406 613 1463 673 ιιι,

1872 618 1943 673 {081

305 737 423 792 insidiens
437 732 482 792 tur
499 748 609 792 nonnum
621 731 751 804 periodis,
762 732 826 804 quia
845 732 909 788 dum
923 746 939 786 a
954 731 997 787 sui
1009 740 1098 788 custo·
1113 736 1138 795 Α
1152 745 1213 792 esse
1230 732 1387 799 mundetis,
1403 729 1461 787 ait:
1479 728 1589 803 Oportet
1601 732 1750 803 episcopnns
1764 734 1824 788 stne
1835 732 1944 789 criuntur

304 827 349 879 tia
361 824 473 895 spiritns
491 822 591 879 dormit
605 822 751 893 improvisa
766 836 841 878 mors
856 823 982 885 ueniens,
1009 822 1100 877 carnis
1151 841 1207 880 esse
1218 825 1286 879 sicut
1300 822 1350 878 Dei
1367 823 1575 894 dispensatorem
1595 822 1659 895 (Tit.
1676 822 1706 896 ι).
1727 822 1804 878 Seru
1818 839 1883 894 ergo
1894 838 1947 894 pa-

306 922 408 969 nostrae
429 911 610 969 babitaculum
639 912 776 981 irrumpit,
791 920 819 966 et
841 926 904 967 eum
916 927 998 983 quem
1011 911 1100 968 domi·

307 1019 374 1059 ιιιιι
385 1001 518 1058 invenerit
536 1000 713 1057 dormientem
738 1001 834 1056 domus
846 1009 934 1056 ment.
954 1000 1023 1069 Quia
1038 1017 1100 1058 cum

307 1105 424 1152 ventura
436 1094 533 1151 &mna
547 1092 657 1163 spiritus
668 1092 779 1147 minime
793 1092 933 1162 praevidet,
945 1093 1018 1148 bunc
1028 1108 1102 1149 mors

308 1189 342 1243 ad
358 1184 518 1257 supplicium
530 1183 695 1238 nescientem
708 1182 792 1252 rapit,
809 1181 862 1237 luri
874 1188 966 1236 autem
989 1183 1101 1238 resiste-

310 1288 352 1335 ret
367 1280 390 1335 si
413 1277 547 1349 vigilaret.
572 1275 640 1343 Quia
662 1273 807 1330 aduentum
820 1273 920 1343 judicis
937 1274 983 1343 qui
997 1272 1103 1329 occulte

309 1371 428 1427 animam
443 1369 515 1440 rapit
527 1350 693 1438 precavens,
717 1364 743 1419 ei
758 1363 916 1433 poeuitcudo
933 1371 1101 1431 occurreret,

310 1475 344 1517 ne
359 1459 532 1531 impoenitens
546 1456 659 1528 periret.
689 1451 790 1509 lloram
817 1466 882 1508 vero
910 1452 1032 1508 ultimam
1051 1453 1104 1509 Do-

311 1551 401 1608 minus
414 1556 507 1606 noster
519 1546 620 1603 idcirco
639 1544 718 1600 uobis
731 1542 817 1600 voluit
841 1557 902 1599 esse
926 1542 1102 1614 incognitam,

311 1653 341 1699 ιι
353 1657 461 1713 semper
473 1639 560 1712 possit
581 1651 643 1693 esse
660 1644 788 1706 suspecta
804 1651 812 1688 ι
829 1643 863 1689 ut
873 1635 936 1689 dum
950 1632 1023 1689 illam
1035 1647 1104 1703 prae-

313 1736 404 1791 cidere
422 1747 477 1789 uun
495 1745 649 1803 possumus,
669 1727 704 1783 ad
722 1726 795 1783 illam
819 1726 879 1782 sine
904 1726 1105 1781 intermissione

312 1840 506 1898 preparemur.

348 1917 404 1991 [ll]
421 1916 488 1984 Quis
497 1928 574 1987 putus
588 1914 674 1984 fidelis
691 1922 730 1968 est
747 1928 836 1968 tems
848 1920 875 1966 et
888 1911 1014 1981 prudens,
1026 1926 1105 1981 quem

313 2011 446 2066 constitnit
466 2009 595 2064 Dominus
619 2023 681 2061 suus
698 2020 776 2074 snper
792 2002 923 2074 {antliam
940 2000 1105 2058 scamillo-

313 2101 451 2172 spondens
465 2099 677 2168 adinterrogata
696 2094 822 2151 Salvator
839 2093 929 2165 primo
943 2093 1022 2149 docet
1032 2091 1105 2162 judi-

313 2192 385 2248 cium
399 2190 505 2246 cunctis
515 2187 683 2253 adiuturum,
697 2185 870 2258 singulosque
880 2183 959 2254 juxta
977 2183 1104 2239 meritum

312 2283 403 2354 operis
422 2296 455 2336 ac
474 2296 572 2337 seusus
589 2280 631 2334 sui
649 2279 828 2349 capacitatem
852 2276 966 2347 praemia
989 2274 1033 2329 ιιι
1046 2283 1104 2331 tor

312 2382 405 2430 menta
432 2379 571 2428 nacturos.
591 2370 693 2426 Deinde
718 2368 790 2438 quod
806 2366 926 2423 maxime
949 2366 1104 2437 quesierat,

314 2466 430 2535 gratiam
441 2465 570 2519 virtutum
584 2477 666 2534 qnam
684 2461 786 2516 mundo
803 2460 926 2516 attulerit
938 2475 972 2516 ιι
991 2460 1106 2531 singuiis

312 2564 444 2628 qnantum
461 2555 567 2627 possint
592 2554 712 2610 ostendit
732 2567 794 2610 esse
811 2553 980 2610 ιιιιιιιιιιιι.
1000 2550 1102 2624 ignem,

313 2648 413 2719 inquit,
432 2648 600 2703 ιιιιιιιιιιιιιι
617 2648 646 2701 in
669 2654 777 2714 terrum,
802 2654 828 2701 rt
849 2644 913 2717 qnid
934 2644 993 2700 eolo
1013 2645 1065 2698 nisi
1076 2653 1105 2700 ιιι

313 2739 473 2796 accendetur
484 2739 498 2793 i
509 2737 576 2810 (Luc
595 2738 657 2809 uu.)
679 2736 751 2792 Sane
766 2736 838 2807 quod
860 2737 919 2801 ait,
945 2735 1012 2803 Quis
1027 2747 1105 2808 putus

314 2841 362 2893 est,
376 2828 572 2893 difficultatem,
588 2842 642 2883 uon
662 2827 907 2896 impossibilitatem
935 2828 1106 2898 perlicicndae

314 2920 424 2976 virtutis
453 2920 594 2976 insinuat:
615 2919 751 2989 quomodo
774 2916 944 2975 Psalmista:
966 2917 1032 2985 Quis
1061 2936 1106 2975 so·
1158 2968 1164 2979 .

313 3010 389 3081 piens
398 3018 423 3065 et
436 3008 564 3064 custodiet
571 3009 648 3063 tenet
662 3007 748 3082 (Psoi.
764 3007 818 3082 crs)
832 3023 886 3064 uon
896 3009 1045 3076 nemiuem,
1057 3008 1106 3066 sed

314 3115 406 3156 rarum
427 3096 573 3172 signidcat.
586 3096 654 3154 llam
673 3098 737 3153 alibi
766 3098 837 3154 idem
850 3100 966 3156 verbnm
983 3115 1037 3155 nou
1055 3114 1125 3172 pro·

313 3193 425 3261 dililcili,
442 3193 491 3251 sed
515 3208 566 3265 pro
587 3193 747 3264 impossibili
765 3193 875 3264 posuit:
891 3192 972 3260 Dens,
988 3194 1048 3265 qsis
1069 3193 1108 3249 si·

314 3287 385 3342 erilis
395 3288 443 3341 erit
456 3286 527 3341 tilii
540 3286 567 3342 id
581 3295 634 3353 est,
653 3284 762 3342 nutius:
783 3286 823 3341 ‘lu
843 3287 913 3341 enini
922 3286 995 3342 soles
1009 3286 1108 3343 ultissi-

314 3392 576 3446 mssssprrontnens
601 3384 699 3431 terrum
725 3373 954 3450 (Ριι1.ιιιιι).
975 3375 1040 3444 Quis
1058 3392 1107 3448 pr·

316 3478 357 3523 ras
384 3468 544 3538 nunquit,
576 3466 662 3536 pune
688 3482 778 3522 nesi
805 3472 831 3524 n
850 3451 1143 3538 pntmrrsuensC

314 3561 416 3631 quippe
437 3559 464 3613 in
491 3559 587 3615 denote
614 3559 767 3624 tribuendo,
793 3567 821 3615 et
836 3574 890 3615 non
917 3559 1107 3616 abscondendo

314 3651 459 3722 pecuniam
472 3651 579 3708 Domim
601 3653 654 3709 sui.
674 3650 798 3708 Prudens
829 3666 895 3708 vero
922 3653 1108 3724 indiligenter

316 3744 493 3800 discernendo
521 3745 698 3815 capacitatem
735 3743 902 3817 singulomm
932 3743 1105 3801 tumulorum.

316 3833 465 3907 (Fulgent.)
486 3833 579 3902 Quem,
603 3836 699 3907 inquit,
724 3836 858 3892 eomtitait
872 3835 1002 3893 Dominio
1027 3854 1108 3908 super

315 3924 447 3995 {amilium
461 3942 548 3981 ιιιαιιι.
575 3926 642 3994 Quis
656 3927 708 3982 iste
722 3927 854 3983 Dumims
872 3937 924 3993 est,
949 3927 1001 3984 uisi
1027 3927 1108 3984 Chri-

316 4024 385 4080 stus,
415 4017 533 4087 quisuis
558 4017 698 4088 discipulis
721 4019 780 4074 ait:
805 4017 857 4074 Vos
883 4019 981 4075 notatu
996 4035 1108 4074 mensa·

315 4108 396 4179 pitter
406 4118 430 4162 et
441 4107 563 4175 Domine,
578 4119 601 4164 et
629 4109 815 4164 benedicitis:
832 4126 891 4163 suns
906 4111 1001 4164 etenim
1014 4108 1105 4180 (dcun.

316 4198 389 4272 ιιι).
405 4198 472 4266 Quae
489 4208 533 4256 est
555 4201 636 4256 etiam
656 4199 736 4270 liujus
755 4200 863 4255 Domim
892 4200 1010 4267 lamilin;
1027 4200 1107 4255 nimi·

317 4303 377 4343 rum
393 4287 439 4343 ilia
457 4297 500 4344 est
522 4304 604 4361 quam
619 4289 676 4360 ipse
697 4289 828 4346 Dumium
842 4290 875 4345 de
900 4306 982 4346 mauu
1004 4290 1107 4347 inimici

317 4378 440 4445 redemit,
459 4386 488 4434 et
505 4394 556 4435 suo
574 4379 694 4436 dominio
714 4379 888 4451 manciparit.
915 4380 979 4438 llus
1005 4379 1106 4437 inmitia

317 4480 411 4528 sancta
426 4483 468 4531 est
482 4473 601 4531 Ecclesia
612 4475 758 4539 catholica,
777 4490 837 4547 quan
848 4491 898 4547 per
919 4476 1012 4532 orbem
1028 4483 1107 4531 ιιιιι

315 4563 426 4633 eopiosa
442 4563 579 4621 fertilitate
592 4564 763 4633 diffunditur,
777 4567 981 4639 etredemptam
996 4583 1026 4623 sc
1045 4582 1105 4638 pre·

1152 913 1320 972 tristamilias
1352 921 1382 971 ιι
1415 913 1619 985 dispensatores
1652 915 1757 971 Donum
1784 929 1887 979 snmus,
1916 922 1945 970 ut

1152 1008 1293 1065 conservis
1319 1007 1410 1063 cibum
1431 1021 1513 1077 quem
1532 1022 1548 1062 a
1573 1008 1686 1065 Dumim
1713 1010 1868 1079 accepimus
1882 1023 1944 1065 ero·

1152 1113 1258 1171 gemus.

1191 1226 1224 1283 tn
1235 1228 1277 1283 det
1289 1227 1341 1283 illis
1356 1228 1441 1283 cibum
1455 1228 1620 1301 intempore.
1634 1227 1769 1303 (llieron.)
1785 1211 1960 1300 Exemplum·

1153 1320 1367 1392 patrisfamilias,
1383 1320 1435 1376 lnoc
1452 1328 1505 1385 est,
1520 1321 1563 1377 sui
1576 1329 1603 1377 et
1616 1337 1756 1377 seruorum
1773 1321 1905 1388 fidelium,
1919 1323 1946 1377 id

1153 1419 1204 1477 est,
1217 1410 1411 1482 apostolorum,
1427 1411 1460 1466 ad
1476 1412 1693 1467 cohortationem
1707 1411 1830 1468 sollicito
1844 1412 1944 1469 nitentis

1154 1502 1304 1568 interserit,
1316 1509 1347 1557 ut
1355 1515 1403 1574 spe
1413 1486 1588 1572 praemiorum
1599 1502 1754 1558 ministrent
1765 1504 1905 1559 conservis
1921 1503 1949 1558 iu

1155 1605 1277 1667 tempore
1291 1610 1340 1651 sno
1369 1594 1474 1651 cibaria
1492 1595 1687 1652 doctrinarum.
1718 1594 1867 1669 (Futurus.)
1882 1595 1952 1664 Quis

1155 1704 1220 1745 vero
1234 1690 1270 1743 sit
1282 1688 1370 1754 cibus,
1391 1702 1485 1758 quaeve
1510 1702 1648 1755 mensura,
1670 1686 1747 1757 juxta
1765 1687 1849 1742 alium
1864 1703 1948 1742 enari-

1155 1778 1290 1851 gelistam,
1307 1778 1397 1842 tritici,
1411 1779 1434 1833 si
1447 1793 1610 1848 queramus,
1623 1779 1719 1835 beatus
1728 1776 1828 1834 Paulus
1841 1787 1950 1848 aposto-

1155 1870 1197 1926 lus
1218 1869 1337 1926 ostendit
1358 1870 1452 1926 diceus
1474 1866 1647 1939 :Unicuique
1668 1870 1735 1956 deut
1759 1868 1832 1925 Deus
1860 1869 1949 1924 diuisit

1155 1977 1306 2017 ntensnruns
1322 1958 1385 2031 fidei
1409 1958 1499 2031 (lione
1515 1957 1578 2034 ιιι).
1597 1959 1685 2028 Quam
1704 1974 1769 2032 crgo
1792 1975 1949 2015 mensuram

1117 2087 1142 2147 B
1155 2051 1199 2107 rel
1214 2052 1305 2108 cibum
1316 2049 1441 2122 Christus
1454 2058 1601 2120 nuncupat,
1614 2050 1700 2121 ipsam
1716 2064 1872 2106 mensuram
1885 2047 1950 2103 iudei

1156 2142 1256 2200 Paulus
1270 2142 1397 2215 appellnt,
1413 2150 1443 2197 ut
1457 2155 1635 2213 agnoscamus
1652 2156 1706 2196 nou
1726 2140 1809 2196 alium
1829 2154 1890 2195 essc
1907 2139 1948 2194 ci-

1156 2235 1221 2291 bum
1235 2233 1401 2305 spiritalem,
1432 2231 1472 2286 ιιι
1496 2230 1627 2298 triticum,
1642 2229 1720 2301 juxta
1737 2230 1850 2297 Lucam,
1868 2246 1950 2302 quam

1156 2322 1317 2380 Christiane
1331 2321 1392 2379 ildei
1406 2319 1561 2378 venerabile
1580 2332 1780 2392 sacramentum
1796 2322 1871 2395 (bne.
1888 2322 1948 2391 ιιι).

1157 2417 1234 2474 ilum
1252 2416 1343 2473 cibum
1355 2415 1399 2471 vel
1411 2414 1494 2471 tritici
1515 2429 1670 2471 mensuram
1695 2415 1848 2470 sacerdotes
1864 2414 1889 2469 iu
1901 2432 1951 2471 no·

1156 2507 1230 2563 utine
1242 2505 1350 2563 Domini
1364 2511 1487 2576 erogant,
1503 2504 1610 2574 quoties
1634 2503 1776 2559 illuminati
1804 2502 1875 2559 dono
1888 2518 1951 2576 gra·

1155 2599 1201 2653 tim
1212 2595 1353 2669 spiritalis,
1369 2594 1519 2653 secuudum
1541 2593 1662 2667 reguiam
1677 2610 1748 2650 verse
1771 2593 1834 2650 tidei
1856 2595 1949 2665 dispu-

1156 2697 1225 2745 tant.
1239 2687 1272 2745 Et
1296 2687 1423 2743 eumdem
1446 2685 1545 2750 cibum,
1564 2683 1606 2741 ιιι
1624 2685 1707 2741 tritici
1729 2698 1885 2740 mensuram
1898 2700 1950 2756 per

1157 2779 1311 2836 Dominicos
1329 2778 1530 2849 dispensatores
1546 2773 1640 2834 fideles
1649 2776 1794 2849 accipiunt,
1808 2792 1870 2833 cum
1884 2792 1952 2848 quo-

1156 2872 1222 2931 tidie
1235 2888 1284 2946 per
1297 2872 1345 2929 Dei
1367 2869 1483 2927 famulos
1507 2869 1620 2926 verbum
1636 2870 1760 2927 veritatis
1774 2870 1897 2925 atsdiuut.
1913 2869 1962 2929 litt⁸

1158 2982 1216 3038 ipsa
1229 2982 1293 3039 ergo
1307 2964 1389 3024 tritici
1407 2978 1534 3021 mensura
1548 2962 1676 3019 Eccleeiae
1688 2962 1820 3033 praesules
1836 2962 1952 3033 loquun-

1157 3068 1212 3113 tur.
1233 3058 1272 3114 ιιι
1291 3057 1349 3129 ipsa
1367 3055 1468 3122 cibum,
1480 3054 1551 3111 sicut
1563 3054 1636 3111 Deus
1647 3068 1697 3125 per
1706 3069 1754 3111 eos
1766 3054 1872 3121 dividit,
1892 3054 1953 3110 uni-

1157 3152 1230 3206 versi
1256 3147 1350 3206 ddeles
1373 3156 1532 3220 pascuntur.
1561 3145 1627 3203 lude
1645 3146 1773 3205 alimenta
1798 3147 1875 3203 nona
1888 3146 1952 3202 citae

1157 3248 1278 3305 sumunt,
1290 3248 1320 3294 ιι
1340 3238 1375 3294 ad
1391 3247 1500 3295 ιιιιιιιι
1514 3237 1578 3292 vite
1592 3236 1704 3309 praemia
1727 3238 1871 3309 peruenire
1885 3250 1950 3308 pos-

1159 3330 1223 3395 sint,
1241 3329 1269 3385 in
1288 3329 1363 3386 illum
1383 3329 1535 3394 credentes,
1549 3327 1577 3382 iu
1603 3326 1678 3382 illum
1704 3335 1856 3405 sperauisse,
1871 3326 1948 3381 ilium

1159 3422 1351 3493 praeomnibus
1364 3430 1393 3478 et
1406 3421 1437 3477 in
1452 3419 1578 3478 omnibus
1595 3418 1746 3491 diligentes,
1761 3419 1809 3491 qni
1829 3419 1951 3490 seipsum
2032 3489 2036 3496 ἢ

1159 3514 1238 3575 uobis
1251 3522 1279 3569 et
1300 3513 1458 3569 alimentum
1477 3518 1589 3584 prestat
1606 3524 1642 3566 ue
1667 3510 1828 3566 deficiamus
1843 3510 1870 3565 in
1896 3509 1950 3577 ιιι,

1157 3615 1185 3660 ιι
1198 3605 1338 3676 promtum
1359 3610 1451 3658 servat
1463 3609 1492 3656 ut
1509 3600 1676 3672 gaudeamus
1688 3599 1717 3656 iu
1731 3599 1828 3671 patria.
1848 3596 1952 3672 (Greg.)

1158 3697 1210 3754 Per
1220 3711 1375 3754 mensuram
1386 3710 1451 3767 ergo
1464 3693 1548 3749 tritici
1562 3692 1726 3764 exprimitur
1744 3691 1841 3748 modus
1862 3691 1951 3748 uerbi.

1158 3793 1220 3848 Alta
1238 3792 1338 3849 etenim
1353 3804 1466 3862 quaeque
1480 3788 1580 3844 debent
1592 3786 1685 3843 multis
1700 3786 1874 3844 audientibus
1887 3801 1953 3842 con-

1158 3886 1223 3958 tegi,
1238 3893 1266 3941 et
1281 3883 1325 3939 vix
1341 3883 1433 3954 paucis
1452 3881 1563 3953 aperiri,
1588 3896 1623 3936 ue
1647 3895 1710 3936 cum
1734 3887 1849 3952 augusto
1873 3879 1950 3935 cordi

1159 3977 1308 4050 incapabile
1334 3977 1436 4046 aliquid
1462 3975 1601 4038 tribuitur,
1621 3978 1698 4029 cxtrt
1722 3970 1860 4028 tundatur.
1881 3971 1950 4029 ilinc

1158 4071 1290 4142 lloysesa
1306 4077 1411 4126 secreto
1424 4067 1473 4123 Dei
1486 4067 1580 4122 esicus
1590 4074 1780 4122 comscantem
1794 4066 1891 4122 taciem
1905 4081 1953 4122 co·

1158 4177 1218 4219 ram
1230 4160 1329 4233 populu
1342 4159 1422 4227 volat,
1437 4160 1500 4229 quia
1519 4159 1648 4214 nimirum
1662 4157 1748 4216 turbis
1762 4159 1894 4216 claritatis
1907 4161 1950 4217 iu·

1158 4253 1232 4309 tunae
1244 4266 1342 4308 arcuna
1360 4266 1414 4307 nou
1439 4249 1552 4306 iudicat.
1578 4248 1633 4305 Pro
1656 4249 1787 4320 qualitate
1805 4249 1889 4321 igitur
1901 4264 1951 4305 au·

1158 4342 1289 4399 dieutium
1302 4341 1415 4398 formari
1434 4342 1515 4397 debet
1527 4355 1618 4396 sermo
1636 4340 1788 4403 doctorum,
1805 4346 1836 4392 ιιι
1857 4339 1891 4394 nd
1903 4353 1952 4395 sua

1159 4431 1271 4504 singulis
1286 4440 1428 4504 congruat,
1442 4438 1470 4487 et
1495 4439 1584 4487 tamen
1599 4447 1614 4484 a
1629 4430 1782 4486 communis
1795 4428 1952 4486 autumno

1158 4524 1201 4580 uis
1214 4532 1273 4580 arte
1285 4538 1422 4594 uunquam
1437 4522 1557 4579 recedat.

317 4660 387 4709 truso
401 4654 508 4709 Domini
522 4656 564 4711 sul
576 4656 706 4728 sanguine
720 4656 859 4729 gloriatur.
877 4657 965 4712 Filius
975 4659 1043 4713 enim
1055 4660 1106 4713 lto-
1194 4655 1291 4712 Beatus
1303 4656 1348 4712 ilie
1361 4672 1451 4711 seruus
1461 4672 1549 4727 quem,
1563 4671 1622 4711 runt
1634 4654 1872 4710 orneritDominus
1882 4656 1950 4726 ejus,

316 4747 404 4813 minu,
421 4746 558 4817 sicutipse
576 4750 623 4813 ait,
646 4750 713 4804 uenit
727 4767 779 4805 non
795 4750 953 4817 ministrari,
969 4751 1014 4806 sed
1028 4752 1106 4806 suini·
1158 4748 1284 4802 inuenerit
1299 4748 1337 4802 sic
1351 4747 1499 4816 [ocientem.
1515 4746 1598 4811 Anqen
1608 4745 1668 4800 dico
1680 4745 1761 4809 nodis,
1775 4747 1952 4818 moniumsu·

315 4844 410 4902 strare,
424 4846 448 4891 et
461 4837 526 4893 dure
539 4839 655 4895 animuin
666 4856 740 4896 suunt
756 4842 959 4913 redemptionem
971 4858 1018 4914 pro
1035 4840 1103 4895 nst·
1157 4857 1204 4912 per
1226 4839 1316 4895 ontns'o
1334 4840 1401 4894 boun
1416 4856 1466 4893 suu
1492 4841 1632 4894 constituet
1655 4854 1725 4893 esus.
1744 4839 1851 4906 Quanta
1880 4839 1953 4895 inter

315 4926 350 4980 tis
366 4925 473 4997 (ιιιιιιι.
485 4929 543 5000 ιιι),
558 4930 618 5001 lpse
631 4939 673 4987 cst
685 4932 779 4999 ctiam,
790 4932 972 5002 pastorionus
985 4933 1030 5005 qai
1044 4931 1103 4987 oni·
1158 4931 1243 4987 bonos
1256 4931 1392 4987 auditores
1403 4939 1431 4987 ιι
1454 4931 1540 4986 bonus
1566 4930 1691 4987 doctores
1718 4931 1857 4998 distantia,
1876 4941 1951 4987 tanta

315 5032 385 5068 mum
405 5033 481 5071 suurn
495 5020 582 5089 possit
602 5037 650 5090 pro
667 5022 756 5077 onibus
773 5024 829 5078 seis
845 5022 936 5096 (toan.
963 5024 1013 5097 xi).
1031 5022 1105 5080 Grex
1158 5031 1241 5079 estet
1254 5025 1438 5092 praemiorum.
1453 5022 1591 5080 llosenim
1608 5022 1950 5095 advenieuscumvigilau-

314 5110 386 5164 euim
413 5114 529 5182 pastoris
554 5113 616 5169 boni
633 5113 689 5184 ipsa
715 5124 758 5170 est
783 5114 885 5171 inmitia
906 5115 1103 5188 Redemptoris.
1158 5126 1200 5171 tes
1213 5114 1359 5181 invenerit,
1372 5116 1453 5171 faciet
1474 5115 1656 5182 discuuibere,
1674 5123 1703 5172 et
1720 5115 1857 5171 transiens
1871 5114 1951 5169 ιιιιιιι·

314 5200 492 5273 Dispeusator
517 5222 582 5261 cero
598 5207 659 5277 quis
673 5208 709 5263 sit
736 5222 816 5277 quem
841 5219 948 5280 oportet
966 5225 1026 5267 esse
1040 5210 1107 5266 lide·
1158 5206 1257 5262 strabit
1270 5205 1331 5261 illis.
1347 5205 1410 5260 lllos
1423 5212 1513 5260 autem
1528 5221 1589 5261 cum
1609 5207 1685 5262 verbi
1710 5221 1847 5262 annonam
1872 5204 1951 5260 iami-

314 5292 378 5360 lem,
391 5305 418 5351 et
436 5299 606 5368 prudentem,
633 5296 733 5354 Paulus
755 5299 833 5354 uobis
850 5301 976 5356 ostendat
993 5310 1103 5373 aposto·
1158 5300 1201 5356 lim
1216 5299 1268 5356 sibi
1281 5299 1392 5356 creditae
1407 5297 1521 5353 fideliter
1545 5299 1747 5371 prudenterque
1760 5299 1951 5368 dispensantes

313 5383 368 5452 lus,
390 5389 435 5459 qui
460 5389 494 5444 de
516 5405 546 5445 se
558 5390 669 5460 suisque
687 5391 770 5446 sociis
792 5390 904 5462 loquens
923 5392 961 5447 ait
977 5411 983 5447 :
999 5392 1044 5448 Sic
1057 5409 1104 5448 nos
1158 5390 1304 5458 invenerit,
1315 5405 1397 5462 supra
1420 5390 1511 5447 omnia
1525 5406 1585 5462 quse
1603 5392 1722 5462 possidet
1748 5391 1906 5451 constituet,
1922 5389 1950 5444 id

312 5480 443 5534 esistinset
457 5481 535 5535 nomo
550 5491 579 5536 nt
590 5481 723 5537 ministros
739 5481 848 5547 Cliisti,
863 5493 887 5537 et
911 5484 1103 5553 dispensatores
1157 5493 1200 5541 est
1213 5499 1294 5556 supra
1311 5484 1401 5541 omnia
1417 5483 1535 5540 coelestis
1558 5484 1633 5554 regui
1661 5484 1767 5554 gaudia.
1784 5481 1841 5538 lion
1856 5482 1951 5553 utique
1969 5545 1975 5551 ,

313 5574 496 5641 mysteriorum
509 5574 568 5629 Dei.
584 5573 703 5646 ilicium
720 5576 1105 5648 qrtnriturinterdispensnto-
1158 5572 1307 5629 utiterum
1333 5573 1383 5629 soli
1402 5573 1551 5629 dominium
1570 5582 1690 5641 teneant,
1721 5576 1769 5631 sed
1794 5585 1824 5631 ut
1850 5592 1946 5632 conum

313 5682 354 5720 res
370 5678 397 5721 nt
411 5669 496 5737 fidelis
514 5668 573 5739 quis
591 5669 740 5723 inuenietur
753 5666 779 5739 (l
794 5668 856 5722 Cor.
869 5667 917 5738 tc).
932 5666 971 5722 Ne
983 5668 1043 5738 quis
1053 5682 1102 5722 ιιι-
1158 5664 1339 5720 abundantius
1374 5665 1481 5720 caetcris
1511 5665 1613 5720 sanctis
1645 5674 1746 5721 eterna
1777 5666 1951 5736 possessione

313 5764 367 5809 ιιιι
394 5768 516 5812 statuum
542 5759 614 5815 solos
639 5758 774 5832 apostolos
803 5760 1002 5830 dispensatores
1016 5758 1103 5816 lectos
1156 5756 1291 5813 ιιιιιιιιι.
1319 5752 1371 5822 Qui
1402 5756 1471 5810 enim
1502 5755 1573 5810 docti
1597 5756 1695 5826 {neunt
1718 5757 1854 5830 fulgebunt
1872 5757 1950 5829 quusi

313 5845 451 5903 existimet
470 5848 645 5921 neglectoque
657 5850 759 5909 militine
783 5849 913 5922 spiritalis
923 5849 1021 5914 officio,
1044 5865 1101 5904 ser-
1155 5846 1279 5919 splendor
1299 5847 1479 5915 firmamenti,·
1497 5848 1582 5920 etqui
1608 5847 1644 5904 nd
1667 5849 1802 5921 justitium
1822 5849 1946 5907 erudiunt

313 5951 364 5993 rus
379 5939 454 6010 piger
473 5939 617 5996 iulideliter
637 5941 874 6012 imprudenterque
891 5941 1029 6004 dormitet,
1045 5941 1103 6011 ipse
1156 5937 1261 6001 multos,
1281 5938 1358 6008 quusi
1379 5937 1462 5994 ileliae
1484 5938 1513 5993 in
1531 5950 1669 6010 perpetuos
1688 5942 1845 5997 ntemtrnns
1863 5941 1947 6016 (Dnn.

314 6028 410 6086 beatus
432 6030 569 6102 apostolus
601 6033 743 6103 opiscopus
768 6048 875 6104 quoquc
903 6033 1103 6104 dispensatores
1156 6032 1215 6104 ιιι).
1240 6030 1274 6088 Et
1292 6031 1434 6101 Apostolus
1448 6033 1506 6090 ait:
1524 6030 1575 6098 Qud
1589 6032 1651 6088 bene
1665 6044 1780 6106 presunt
1805 6031 1949 6107 presentent
