4509 6850
320 622 388 679 ltus

639 624 669 678 Β.
690 622 815 677 helmst
836 620 943 676 stultit
963 601 1121 674 a'ttttlttl‘.
1144 617 1297 674 libutus.
1319 618 1460 676 oltlittttll
1479 619 1568 674 edus
1585 619 1606 674 l.

1883 623 1949 678 ttut

317 741 390 797 ludm
402 740 501 803 scelus,
514 740 584 808 qumi
595 739 735 792 bominum
750 753 781 790 ac
792 736 949 805 magiarum
964 734 1100 801 [lauruque
1115 734 1139 793 A
1154 730 1343 785 insinuandum
1355 730 1474 799 jubentis
1487 732 1650 787 senteutiam
1664 731 1789 788 sulficere
1800 732 1950 791 rideretur.

316 850 393 887 suurn
409 831 521 903 pecunia
548 830 718 895 vendiderit,
746 829 818 881 refut
836 829 954 881 immane
977 834 1003 880 ct
1026 824 1102 879 nefa-

316 924 385 978 rium
400 921 567 986 exhorrent,
591 935 641 975 nec
656 929 745 973 tnumu
760 926 866 973 carent.
895 916 963 970 llam
979 931 1039 970 curu
1054 930 1104 983 pro

256 1044 259 1053 =
316 1016 473 1069 unmerihus
498 1011 595 1068 falsum
621 1021 714 1067 eontra
743 1011 891 1081 prierulilet
918 1009 1102 1063 testimouium

315 1107 417 1171 dieunt,
431 1105 552 1175 profecto
565 1103 629 1175 quia
644 1104 785 1159 ueritatem
803 1117 850 1171 pro
866 1100 977 1170 pecunia
994 1107 1102 1168 negant,

316 1198 399 1252 lleunr
414 1196 528 1267 pecunia
547 1195 677 1251 rendunt.
703 1194 763 1264 lpse
777 1193 849 1245 euim
865 1191 932 1245 dixit
946 1189 1028 1262 :heo
1046 1205 1103 1242 suin

314 1290 417 1342 ueritus.
441 1287 508 1345 Cum
523 1287 681 1344 societatem
697 1286 877 1341 fraternitatis
896 1284 985 1354 alirpra
1001 1284 1104 1337 discor·

314 1379 364 1433 dite
379 1386 453 1448 peste
467 1376 680 1441 commaculant,
702 1376 787 1429 Derim
802 1374 932 1445 produnt,
954 1373 1017 1443 qum
1034 1372 1102 1426 brus

313 1469 428 1523 chorites
446 1477 493 1522 est.
520 1466 571 1535 Qui
594 1481 658 1537 ergo
681 1466 824 1522 charitatis
850 1475 877 1520 et
898 1465 1021 1520 ueritatis
1041 1463 1103 1533 jura

314 1567 456 1629 spernunt,
473 1559 557 1613 licum
573 1559 682 1627 utique,
698 1558 743 1628 qui
759 1567 800 1612 est
816 1556 934 1612 charitas
950 1567 977 1611 et
992 1557 1102 1621 ueritas,

314 1651 446 1720 produnt:
459 1650 576 1704 maxime
588 1665 649 1706 cum
664 1666 717 1704 non
730 1648 886 1704 infirmitate
896 1647 938 1704 rel
950 1648 1102 1720 ignorantia

314 1747 442 1809 peceant,
464 1741 511 1797 scd
527 1741 552 1795 in
568 1740 743 1795 similitudine
757 1738 833 1796 dudae
849 1750 1108 1811 quaeruntopportu-

313 1831 426 1885 nitatem
442 1831 559 1900 qualiter
573 1830 683 1886 arbitris
703 1830 860 1886 absentibus
877 1832 1018 1886 mendacio
1032 1832 1102 1885 reri-

312 1929 408 1987 tatem,
422 1922 559 1988 virtutem,
575 1923 689 1977 erimine
704 1931 816 1977 niuteut.

348 2012 441 2068 Primo
457 2025 544 2068 autent
563 2014 605 2068 die
624 2031 777 2084 asperiorum
797 2024 961 2069 accesserunt
980 2013 1102 2085 discipuli

1156 822 1247 891 (litu.)
1265 821 1394 877 Consulte
1414 831 1504 876 autern
1526 821 1582 876 sire
1603 837 1679 890 aquae
1702 823 1785 894 bajuli
1804 825 1890 895 (qarod
1908 829 1955 883 alii

1154 915 1327 986 evangeliste
1343 915 1476 986 inserunt)
1494 931 1542 969 seu
1557 915 1659 969 domini
1675 916 1771 972 domus
1793 928 1859 973 sunt
1882 936 1957 989 prte-

1155 1008 1284 1061 terrnissa
1299 1006 1440 1070 uocabula,
1462 1015 1491 1060 ut
1509 1007 1636 1060 omnibus
1650 1021 1745 1061 reruni
1759 1010 1864 1078 pascha
1880 1009 1955 1064 cele·

1154 1099 1234 1154 brure
1248 1098 1411 1162 colentibus,
1425 1098 1476 1152 lroc
1491 1106 1532 1153 est
1544 1097 1644 1152 Christi
1660 1100 1839 1154 sacramentis
1855 1100 1954 1167 imbui,

1154 1205 1269 1259 eumque
1284 1205 1339 1244 sum
1355 1190 1452 1243 mentis
1468 1188 1584 1259 bospitio
1606 1188 1745 1258 suscipere
1762 1190 1954 1259 quaerentibus

1154 1281 1242 1336 danda
1256 1280 1371 1336 facultas
1385 1281 1551 1351 designetur.

1190 1371 1224 1425 m
1239 1372 1354 1441 fecerunt
1368 1370 1490 1441 discipuli
1510 1372 1577 1424 sicut
1591 1372 1724 1426 constituit
1745 1372 1798 1426 illis
1813 1372 1911 1439 lesus,
1928 1382 1957 1430 el

1153 1475 1311 1535 parauerunt
1329 1464 1437 1534 prescire.
1462 1462 1596 1535 (illerum.)
1610 1463 1639 1519 lu
1655 1465 1708 1519 alio
1722 1466 1868 1536 evaugelio
1883 1468 1955 1523 scri-

1153 1565 1230 1626 ptum
1254 1564 1314 1619 cst,
1344 1556 1417 1626 quod
1442 1555 1596 1611 inuenerint
1623 1558 1793 1612 cmuaculum
1821 1575 1956 1630 magnum

1153 1654 1268 1699 stratum
1282 1652 1363 1715 atque
1379 1643 1548 1710 mundatum,
1563 1653 1591 1699 et
1606 1645 1642 1700 ibi
1655 1658 1821 1715 parauerunt
1835 1650 1874 1703 ei.
1894 1649 1958 1705 Coe·

1154 1733 1280 1789 naculum
1295 1749 1422 1804 magnum
1435 1733 1478 1787 lex
1493 1734 1622 1803 spiritalis
1635 1744 1688 1802 est,
1701 1752 1761 1806 quae
1773 1739 1805 1792 de
1818 1741 1957 1810 augustiis

1153 1824 1251 1881 litterae
1266 1826 1408 1897 egrediens
1422 1826 1449 1880 in
1465 1826 1572 1882 sublimi
1588 1827 1648 1883 loco
1661 1830 1757 1900 recipit
1769 1831 1953 1888 salvatorem.

1154 1914 1220 1970 Nam
1237 1917 1283 1985 qui
1299 1916 1386 1970 adhuc
1399 1916 1568 1972 occidentem
1583 1918 1702 1974 litteram
1722 1924 1891 1989 seruaverit,
1906 1927 1956 1995 qui

1153 2020 1206 2060 non
1222 2003 1293 2058 aliud
1310 2005 1337 2059 in
1354 2021 1419 2075 agro
1434 2022 1513 2076 quam
1536 2021 1618 2076 pecus
1637 2008 1816 2076 intellexerit,
1843 2011 1894 2067 iste
1913 2014 1957 2067 ni·

312 2103 346 2155 ed
358 2103 450 2157 lesum
467 2105 600 2158 dicentes:
625 2102 673 2157 uu
697 2105 733 2157 ris
756 2121 878 2174 paremus
901 2105 947 2158 tili
969 2106 1102 2161 consedere
1117 2088 1140 2147 Β
1155 2097 1253 2152 mirum
1272 2097 1298 2151 ln
1314 2097 1376 2153 imis
1389 2099 1490 2168 pascha
1505 2097 1585 2166 saell»
1604 2101 1667 2170 quia
1684 2104 1858 2173 maleslawffl
1874 2106 1957 2175 sliri·

312 2194 409 2263 pascha
418 2194 430 2247 l
440 2193 560 2248 Primum
574 2193 644 2249 diem
659 2210 814 2265 azymorum
826 2205 953 2266 quartum
967 2197 1102 2252 decimum

311 2285 391 2354 primi
407 2284 508 2340 mensis
522 2283 651 2354 appellat,
666 2284 774 2351 ‹prnrdo
787 2284 921 2340 fermento
933 2284 1038 2354 abiectu
1053 2288 1102 2341 im-

311 2378 422 2444 molare,
435 2378 461 2432 id
473 2385 514 2435 est
526 2392 625 2446 rignum
634 2377 759 2432 occidere
771 2376 893 2431 solebant
904 2378 937 2432 ad
949 2393 1100 2447 vesperam.

310 2470 386 2537 Quod
397 2483 535 2539 exponens
545 2468 689 2538 Apostolus
699 2470 736 2523 ait
746 2488 751 2523 :
762 2468 865 2523 Etenim
874 2471 972 2540 partlm
985 2481 1103 2526 nostrum

309 2560 459 2614 immolatus
474 2570 512 2615 est
526 2558 645 2614 Christus
662 2560 704 2634 (11
720 2559 782 2618 Cor.
798 2564 836 2635 r).
859 2561 910 2630 Qui
926 2563 988 2618 licet
1002 2564 1047 2619 die
1061 2580 1103 2619 se-

312 2649 420 2719 quenti,
441 2648 492 2704 hoc
507 2660 567 2716 cst,
584 2649 688 2705 decima
704 2650 798 2721 quinta
816 2652 851 2706 sit
867 2651 929 2706 luua
944 2653 1102 2719 crucifixus,

309 2744 361 2797 hae
374 2751 462 2797 mmcu
474 2751 554 2798 noete
565 2758 619 2813 qua
630 2759 716 2816 agnus
729 2744 930 2811 inuuolahatur,
942 2747 1033 2801 carnis
1044 2763 1104 2802 sau·

310 2833 452 2904 guinisque
462 2833 503 2889 sui
516 2833 656 2903 discipulis
667 2835 777 2889 tradidit
788 2837 917 2907 mysteria
929 2837 1100 2905 celebranda,

310 2934 337 2978 et
355 2922 485 2979 aludaeis
503 2931 594 2979 tentus
614 2939 646 2980 ac
664 2925 773 2994 ligatus,
793 2925 879 2997 ipsius
899 2928 1100 2996 immolationis,

311 3017 337 3071 id
358 3025 417 3083 cst,
442 3015 576 3087 passionis
596 3031 651 3072 suae
672 3018 791 3072 sacrarit
804 3018 963 3073 exordium:
981 3016 1043 3084 etr,
1059 3020 1102 3075 iu·

311 3111 423 3181 quiunt,
439 3110 476 3165 m‘s
490 3126 611 3181 paremus
627 3110 673 3165 tili
689 3111 823 3165 roruedere
837 3111 956 3181 porche?
975 3111 1026 3167 boc
1043 3120 1100 3179 est,

312 3219 365 3257 non
380 3202 511 3258 habeums
525 3196 707 3267 domicilium,
728 3217 782 3257 non
796 3202 927 3258 babemus
942 3203 1104 3258 tabernacu-

310 3294 376 3348 lum.
400 3292 519 3349 Audiaut
532 3292 629 3362 quibus
645 3293 864 3348 aedificandarum
881 3294 1022 3350 domorum
1037 3310 1103 3351 eura

1155 2199 1198 2243 tus
1223 2190 1249 2244 in
1276 2190 1367 2245 uerbis
1389 2189 1437 2245 bei
1457 2192 1686 2261 comprehendere
1705 2196 1823 2250 necdum
1847 2196 1956 2253 didicit.

1154 2281 1189 2334 llt
1202 2282 1248 2350 qui
1264 2296 1341 2351 aquae
1357 2280 1491 2351 bajulum,
1513 2284 1565 2340 boe
1580 2293 1622 2345 est
1634 2288 1727 2357 gratiae
1743 2304 1902 2359 preconem
1927 2291 1956 2345 iu

1153 2372 1262 2427 domum
1281 2372 1410 2428 Ecclesiae
1431 2372 1513 2429 fuerit
1533 2385 1664 2443 secutus,
1689 2378 1735 2434 hic
1760 2394 1809 2449 per
1825 2381 1955 2451 spiritum

1154 2462 1336 2519 illustrantem
1356 2464 1525 2536 superficiem
1546 2466 1643 2523 litterae
1666 2471 1904 2538 transcendendo,
1928 2471 1957 2525 iu

1153 2556 1209 2611 alto
1233 2557 1331 2611 mentis
1353 2556 1453 2613 solario
1468 2558 1578 2615 Christo
1595 2559 1770 2618 refectionem
1792 2571 1954 2633 preparat:

1153 2648 1216 2718 quia
1232 2658 1329 2705 cuncta
1341 2651 1382 2706 rel
1397 2653 1509 2722 pasche
1520 2664 1701 2722 sacramenta,
1715 2656 1757 2712 rel
1771 2666 1872 2713 caetera
1886 2658 1957 2730 legis

1154 2740 1262 2796 decreta
1278 2755 1338 2797 esse
1352 2751 1522 2797 sacramenta
1537 2745 1686 2815 cognoscit.

1190 2828 1258 2902 [itt]
1285 2829 1393 2901 Vespere
1412 2841 1498 2885 nutem
1520 2832 1589 2902 secto
1609 2832 1785 2889 discumbebat
1806 2852 1866 2889 cum
1887 2837 1956 2890 daro-

1153 2920 1236 2975 deeim
1261 2920 1397 2991 discipulis
1422 2922 1487 2976 stris.
1515 2921 1630 2996 [hlium]
1657 2924 1773 2995 Vespera
1796 2941 1864 2996 ergo
1888 2936 1957 2981 tune

1153 3010 1225 3068 facta
1240 3012 1291 3067 fuit
1310 3013 1419 3083 qtrando
1440 3013 1487 3069 lux
1507 3015 1617 3081 mundi,
1638 3016 1738 3083 idest,
1759 3017 1800 3073 sol
1819 3033 1902 3073 verus
1921 3019 1956 3074 ad

1153 3116 1280 3157 occasum
1305 3103 1416 3168 mortis,
1440 3104 1606 3173 properavit.
1634 3106 1668 3161 m
1692 3114 1757 3162 tunc
1781 3121 1846 3162 cum
1870 3108 1955 3164 disei-

1153 3192 1223 3264 pulis
1238 3194 1368 3249 hominus
1384 3195 1530 3263 discubuit,
1551 3196 1613 3266 quia
1629 3198 1668 3253 eis
1682 3197 1802 3268 quietem
1818 3207 1955 3255 aeternam

1153 3284 1323 3354 praepararit.

311 3393 363 3452 est,
376 3393 403 3440 et
416 3384 619 3442 ambitiosamm
634 3384 786 3457 porticuum
801 3385 935 3458 cogitatur
949 3387 1100 3444 instructio.
1189 3376 1334 3432 fidentibus
1355 3377 1407 3433 lllli
1429 3379 1494 3435 “llll
1508 3396 1516 3435 ·'
1531 3379 1613 3436 ‘lmen
1630 3381 1687 3437 ‘¹5⁶⁰
1705 3382 1784 3446 ⁰⁰l’l‘2
1803 3384 1867 3455 puio
1886 3401 1956 3441 Μ*

313 3479 386 3547 Quos
410 3477 592 3548 pretiosorum
617 3491 785 3533 marmorum
807 3492 907 3549 pompa
927 3487 956 3533 et
975 3479 1102 3535 distincta

313 3584 382 3625 auro
396 3567 535 3640 laquearia
550 3567 697 3633 delectant,
716 3576 882 3638 cognoscant
894 3567 1031 3624 Christum
1044 3584 1104 3626 oru-

312 3663 389 3720 uium
406 3659 559 3726 horninum,
571 3659 617 3730 qui
635 3657 723 3716 locum
735 3660 780 3716 ubi
794 3670 874 3731 eaput
891 3660 1034 3718 inclinaret
1048 3680 1103 3720 uon

311 3752 417 3808 habuit.
442 3752 477 3807 Et
495 3752 597 3808 idcirco
618 3767 680 3807 eum
701 3753 825 3825 discipuli
847 3756 1035 3826 interrogant:
1053 3753 1103 3810 tter

311 3845 349 3899 eis
363 3860 484 3914 paremus
498 3843 545 3898 tili
559 3844 720 3899 munducare
732 3846 829 3914 pasche
844 3845 919 3916 (luc.
932 3845 997 3916 tx)l

347 3939 380 3990 dt
400 3935 477 3991 lesus
498 3935 585 3990 dixit:
603 3934 645 3991 lte
661 3937 688 3990 iu
702 3937 832 3991 cit-itatem
847 3936 882 3990 ad
898 3937 1054 4008 quemdum,
1078 3948 1103 3993 et

311 4027 390 4082 dicite
402 4027 448 4081 ei:
464 4026 589 4098 diopister
602 4026 686 4082 dicit:
704 4026 815 4098 Tempus
838 4044 923 4082 meum
945 4044 1025 4099 prope
1048 4038 1102 4094 est,
1119 4078 1121 4083 .

311 4118 382 4186 opud
397 4127 421 4171 te
435 4116 505 4186 focio
519 4116 615 4187 poselnt
628 4133 687 4170 eum
701 4115 836 4187 discipulis
849 4118 921 4172 melu
938 4117 1040 4173 liorem
1051 4116 1104 4173 Ve-

312 4207 378 4262 teris
402 4207 567 4262 Testamenti
591 4205 664 4262 Nova
689 4204 828 4276 Scriptura
850 4217 1001 4263 conseruat.
1034 4208 1102 4264 Fre-

311 4308 426 4368 quenter
445 4299 571 4371 legimus
591 4299 657 4353 dieu
682 4298 735 4363 ille,
757 4307 785 4355 et
807 4300 834 4354 iu
857 4299 903 4353 illo
922 4299 978 4355 loco
998 4309 1023 4355 et
1046 4299 1101 4366 illo,

311 4391 383 4460 quod
405 4388 536 4446 llebraice
557 4389 657 4445 dicitur
677 4387 830 4455 Philinum,
855 4398 883 4445 et
906 4389 1051 4458 helimoni,
1076 4402 1105 4448 et

312 4489 402 4534 tanren
417 4495 515 4535 nomen
529 4494 705 4550 personarum
721 4478 897 4550 locorumque
913 4497 965 4537 nou
981 4483 1101 4552 pouitur.

312 4569 403 4642 (lup.)
421 4569 475 4625 Sed
491 4569 558 4624 nibil
581 4569 608 4623 in
622 4570 674 4625 hoc
690 4569 807 4641 capitulo
827 4572 994 4626 eontrarium
1014 4574 1103 4644 putari

310 4669 400 4732 potest
422 4661 513 4716 llarco
535 4670 563 4717 et
583 4660 673 4727 Lucre,
689 4663 734 4732 qui
750 4663 800 4717 hoc
815 4662 886 4718 idem
901 4663 1027 4720 similiter
1040 4681 1104 4720 nar·

310 4763 382 4807 rant.
399 4752 476 4821 Quod
490 4753 560 4808 enim
577 4754 643 4809 dicit
658 4753 817 4809 llattlrrcus:
834 4753 875 4809 lte
886 4755 913 4809 iu
925 4756 1055 4810 ciuitatem
1067 4758 1103 4811 od

309 4842 461 4912 puetttdum,
474 4853 497 4896 et
511 4843 589 4896 dicite
603 4845 646 4897 ei:
660 4842 786 4913 diupister
795 4845 878 4898 dicit:
894 4843 1004 4915 Tempus
1016 4863 1102 4902 aueum

309 4948 390 5002 prope
404 4942 452 4996 cst,
476 4932 547 5002 opud
561 4934 667 5002 tescaio
685 4935 782 5005 pusello
799 4952 859 4988 cum
876 4935 1011 5006 discipulis
1028 4939 1101 5005 meis,

310 5037 374 5076 euru
386 5020 520 5091 significat
531 5037 611 5092 quern
625 5022 730 5078 lfarous
741 5033 770 5078 et
779 5023 867 5079 Lucas
880 5025 974 5081 dicunt
985 5037 1103 5096 patrem·

311 5111 438 5178 familias,
450 5111 492 5166 uel
504 5112 643 5167 dominum
658 5113 763 5181 denaus,
776 5114 802 5169 in
816 5117 919 5186 quaeis
932 5119 1103 5174 eoenaculum

311 5202 527 5257 demonstratum
543 5210 595 5268 est,
617 5201 662 5258 uhi
686 5212 797 5273 pararet
810 5206 920 5276 pascha.
947 5207 1023 5275 Quod
1038 5226 1103 5281 ergo

311 5293 459 5362 interponit
472 5292 625 5360 llatlbaeus,
638 5294 674 5348 od
686 5297 834 5366 quemdum,
850 5306 977 5369 latiquam
993 5315 1025 5354 ex
1040 5316 1101 5370 per-

310 5401 377 5441 sona
399 5399 447 5439 sua
472 5385 562 5441 studio
584 5386 725 5441 breuitatis
748 5387 823 5443 illum
842 5392 1003 5460 compendio
1017 5392 1101 5449 uoluit

311 5475 459 5531 insinuare.
478 5474 507 5531 st
522 5478 595 5533 enim
610 5477 714 5533 diceret
727 5478 827 5534 dixisse
842 5480 1003 5538 homiuum:
1019 5484 1060 5541 lte
1074 5487 1101 5540 iu

311 5568 451 5634 ciuitatem,
466 5579 489 5623 et
504 5568 581 5622 dicite
594 5570 618 5622 ei
627 5587 636 5623 :
654 5568 781 5641 lfupister
793 5571 876 5625 dicit:
892 5572 1003 5644 Tempus
1016 5593 1101 5632 meum

311 5675 391 5731 prope
405 5669 451 5724 est,
469 5659 538 5731 apud
553 5668 578 5714 te
591 5659 660 5730 [ecio
674 5662 787 5732 puecha,
804 5671 931 5734 tanquam
944 5666 1047 5722 ciuitati
1062 5667 1103 5723 di·

312 5748 427 5803 cendum
441 5758 529 5816 esset,
545 5749 721 5819 acciperetur.
742 5750 781 5807 lle
794 5768 843 5821 per
857 5755 908 5808 hoe
926 5771 980 5810 uon
998 5771 1029 5810 er
1048 5757 1101 5811 bo-

307 5840 380 5890 miuo
393 5837 469 5906 eujus
481 5841 636 5895 mandatum
652 5844 797 5908 narrabat,
814 5843 860 5897 sed
874 5859 905 5896 ex
921 5859 969 5898 sua
988 5860 1102 5915 persona

313 5929 484 5998 interposuit,
496 5932 530 5986 ad
542 5933 687 6002 quemdam
699 5932 813 6002 jussisse
825 5934 968 5990 borninum
980 5946 1009 5992 ut
1022 5939 1102 6006 irent,

313 6033 348 6075 ue
363 6019 475 6076 baberet
489 6035 601 6079 neeesse
619 6030 706 6078 totum
722 6023 825 6091 dicere,
844 6039 905 6080 cum
929 6025 980 6082 laec
1004 6026 1044 6084 illi
1068 6029 1104 6086 ad

1116 3438 1139 3500 C

1156 3479 1269 3524 uestrum
1288 3486 1328 3526 me
1344 3471 1491 3527 traditurus
1507 3483 1555 3528 est.
1579 3473 1713 3550 (Hieron.)
1729 3474 1828 3532 Oruuia
1843 3479 1884 3534 sic
1899 3481 1957 3552 agit

1156 3558 1255 3626 ludas,
1275 3568 1304 3614 ut
1328 3560 1437 3617 tollatur
1454 3563 1571 3634 suspicio
1593 3566 1754 3636 proditoris,
1780 3569 1830 3623 sed
1853 3570 1901 3640 qui
1923 3570 1957 3627 de

1155 3649 1282 3720 passione
1296 3653 1472 3722 praedixerat,
1491 3660 1518 3708 et
1531 3654 1565 3710 de
1577 3657 1715 3725 proditore
1729 3660 1869 3730 praedicit,
1885 3661 1957 3716 dans

1155 3737 1244 3796 locum
1258 3740 1440 3810 poeniteutiae,
1459 3752 1488 3798 ut
1499 3759 1561 3800 eum
1576 3746 1752 3805 intellexisset
1766 3751 1832 3805 sciri
1848 3755 1955 3823 eogita-

1156 3830 1244 3888 tioues
1258 3847 1330 3898 suas,
1346 3843 1374 3888 ct
1388 3835 1495 3890 occulta
1509 3837 1638 3903 consilia,
1653 3840 1799 3908 poeuitcret
1813 3855 1877 3897 eum
1890 3842 1956 3899 faeti
2029 3870 2035 3886 ·

1155 3921 1207 3978 sui.
1223 3922 1257 3977 Et
1271 3931 1361 3979 tamen
1377 3940 1429 3980 riou
1444 3926 1566 4001 designat
1578 3929 1742 3997 specialiter,
1757 3946 1793 3986 ne
1809 3933 1955 3989 manifeste

1155 4022 1301 4086 coargutus
1315 4015 1499 4085 impudentior
1513 4017 1599 4074 fieret.
1625 4019 1707 4076 llittit
1729 4023 1834 4078 crimen
1854 4023 1882 4079 in
1904 4041 1954 4079 nu·

1155 4119 1241 4173 mero,
1255 4114 1286 4161 ut
1301 4114 1362 4177 agat
1376 4108 1501 4163 conscius
1513 4111 1711 4179 poenitentiam.

1191 4195 1226 4250 Et
1247 4199 1394 4252 curstristuti
1412 4198 1487 4254 uelde
1499 4212 1628 4273 ceperunt
1641 4205 1738 4275 siupuli
1750 4206 1857 4262 dicere:
1875 4207 1954 4263 Nun-

1154 4285 1218 4356 quid
1235 4303 1282 4356 epe
1299 4302 1368 4353 sunt,
1386 4287 1519 4344 Douriue?
1538 4292 1572 4346 El
1589 4302 1663 4349 certe
1677 4305 1812 4353 nouerant
1825 4298 1954 4356 undecim

1156 4376 1280 4448 apostoli,
1293 4379 1364 4448 quod
1379 4378 1445 4435 nihil
1459 4380 1511 4436 tale
1523 4391 1619 4438 contra
1629 4385 1773 4443 [luminum
1787 4392 1953 4464 cogitarent.

1156 4465 1211 4523 Sed
1226 4467 1287 4538 plus
1302 4469 1417 4524 creduut
1437 4472 1568 4542 stragistro
1585 4490 1667 4545 qrram
1686 4478 1757 4545 sibi;
1777 4489 1808 4536 et
1824 4482 1954 4539 timentes

1155 4559 1330 4630 fragilitatem
1343 4577 1420 4618 suam
1434 4565 1526 4621 trIstes
1541 4567 1708 4641 interrogant
1722 4573 1756 4628 de
1767 4584 1895 4644 peccato,
1908 4592 1955 4632 cu·

1151 4650 1197 4721 jus
1210 4655 1404 4710 conscientiam
1419 4671 1471 4712 non
1487 4659 1630 4714 habebant.

1190 4746 1225 4801 m
1243 4748 1399 4816 respondeus
1415 4748 1471 4803 eit:
1486 4747 1538 4815 Qui
1559 4751 1662 4822 intinpit
1679 4769 1781 4810 mertem
1799 4774 1910 4814 manum
1926 4761 1953 4814 in

1155 4841 1294 4912 paropside
1312 4841 1355 4895 liic
1377 4857 1418 4896 me
1436 4841 1531 4896 trudet.
1553 4841 1575 4898 0
1595 4844 1662 4899 mira
1681 4845 1790 4902 bomini
1808 4852 1952 4919 potentini

1155 4931 1275 4987 Primum
1286 4932 1390 4989 dixerat
1400 4948 1406 4987 :
1417 4932 1491 4990 Unus
1497 4949 1529 4988 ex
1539 4935 1614 4990 robis
1625 4951 1668 4990 rue
1679 4938 1778 4992 tradet.
1790 4939 1953 4997 Perseverat

1154 5024 1277 5094 proditor
1291 5024 1317 5078 in
1336 5024 1425 5079 malo:
1446 5024 1617 5082 manifestius
1630 5029 1735 5099 arguit„
1750 5038 1778 5084 et
1797 5041 1891 5087 tamen
1905 5049 1952 5089 no-

1154 5132 1216 5173 meu
1232 5117 1340 5187 proprie
1353 5133 1407 5174 nou
1421 5117 1554 5189 designat.
1569 5117 1652 5175 ludas
1664 5122 1771 5177 ceteris
1781 5125 1952 5181 contristatis

1155 5223 1187 5263 ac
1208 5206 1409 5263 retrahentibus
1431 5225 1556 5275 manum,
1581 5218 1608 5264 et
1631 5210 1857 5269 interdioentihus
1876 5215 1953 5271 cilnts

1154 5301 1277 5366 erisne,
1302 5301 1456 5362 turreritate
1480 5311 1507 5356 et
1531 5301 1696 5371 impudentia
1718 5318 1770 5372 qua
1791 5305 1952 5375 proditurus

1154 5403 1227 5461 erat,
1242 5395 1324 5451 etiam
1339 5410 1447 5449 manuni
1463 5409 1526 5450 cum
1542 5394 1671 5464 magistro
1686 5396 1770 5450 mittit
1785 5398 1811 5452 iu
1825 5400 1952 5468 paropsi-

1154 5485 1232 5552 dem,
1255 5493 1286 5539 ut
1301 5484 1414 5539 audacia
1436 5485 1536 5539 bonam
1557 5485 1753 5540 conscientiam
1775 5489 1950 5544 mentiretur.

1156 5575 1269 5649 (litua.)
1288 5575 1440 5632 Notandum
1455 5586 1546 5633 autem
1562 5578 1633 5648 quod
1649 5578 1686 5633 ibi
1701 5578 1846 5636 llatthaeus
1859 5583 1953 5652 posuit

1153 5668 1335 5737 paropsidem,
1357 5666 1464 5722 llarcus
1481 5667 1606 5738 scripsit,
1626 5669 1654 5722 in
1672 5669 1770 5726 catino.
1796 5670 1847 5725 Est
1860 5680 1951 5728 autem

1154 5756 1289 5827 paropsis,
1307 5765 1337 5810 ut
1353 5758 1462 5827 quidam
1477 5757 1586 5823 dieunt,
1602 5773 1649 5812 ras
1664 5760 1798 5814 escarium
1812 5764 1952 5831 quiadran·

1154 5847 1262 5919 guium,
1281 5847 1317 5902 ob
1330 5847 1381 5904 boe
1397 5849 1434 5903 ita
1449 5848 1550 5904 metum
1566 5849 1637 5918 quud
1652 5850 1763 5918 paribus
1776 5850 1882 5907 absidis
1898 5852 1951 5919 sit,

1154 5939 1206 5994 hoc
1225 5947 1284 6004 est,
1306 5939 1391 6008 aequis
1411 5939 1551 5995 lateribus.
1577 5939 1703 5994 Catiuunr
1726 5948 1817 5996 autem
1839 5953 1882 5997 est
1903 5958 1952 6000 res

1155 6031 1238 6111 fictile
1258 6039 1351 6104 aptum
1375 6033 1411 6091 ad
1433 6033 1633 6092 immittendum
1654 6034 1798 6106 liquorem.
1825 6037 1884 6098 Nee
1905 6039 1952 6098 hic
