4509 6850
316 640 366 697 ⁸27
631 635 661 690 B.
682 632 808 689 RABle
826 632 934 691 uthht
953 630 1112 691 inculti.
1133 630 1286 691 lthGUNT.
1308 630 1450 690 OPEthll
1469 629 1559 684 PARS
1578 629 1587 684 l
1886 633 1938 690 ott

315 760 431 818 curidum
454 758 609 816 lidelitatcm
632 756 758 827 promissi
784 756 966 812 transmittere
990 753 1096 808 rnnlieri
1111 755 1135 811 Α
1150 767 1366 813 mreroreornm.
1390 755 1461 811 Deus
1482 761 1570 807 tannen
1589 754 1683 809 anrbos
1698 754 1830 810 necillsse
1851 752 1939 811 dietas

314 865 368 908 pon
385 848 501 920 negavis
1150 849 1201 908 est,
1216 844 1261 898 ubi
1281 843 1410 914 liguratur
1429 857 1540 912 regnum
1556 840 1653 900 taliluts
1672 841 1826 897 lrnntinibus
1847 844 1940 898 abstu-

350 940 417 995 lirce
429 947 486 1009 post
504 945 556 992 tres
568 951 667 990 aienses
681 934 863 989 nuntiauerant
874 930 953 988 lutire
965 931 1099 987 direrttcs:
1150 933 1222 987 lissa.
1237 932 1346 987 Tertius
1362 946 1426 988 vero
1442 932 1514 992 lilius
1526 930 1610 996 indae,
1626 932 1697 1002 qnod
1712 932 1749 987 illi
1763 933 1869 989 mulieri
1884 952 1938 993 non

314 1032 457 1087 l'ornicotu
476 1039 516 1085 est
538 1028 654 1083 Tlrnrnur
674 1043 756 1081 nurus
772 1035 827 1089 tua,
843 1032 868 1080 et
887 1025 988 1080 uidetur
1011 1032 1100 1076 uterus
1146 1022 1278 1090 jungitur,
1292 1022 1425 1093 significat
1448 1030 1563 1091 tempus,
1577 1037 1611 1075 ex
1633 1036 1687 1090 quo
1708 1036 1786 1093 reges
1804 1023 1877 1093 plebi
1889 1024 1939 1080 ln-

311 1122 383 1178 illius
402 1123 580 1176 intumescere.
603 1118 678 1172 titan
701 1116 786 1171 ludus
803 1128 812 1167 :
832 1114 1047 1169 Producitc-enm
1071 1120 1100 1166 ut
1151 1116 1266 1169 tinorum
1280 1122 1420 1182 coepernnt
1441 1113 1474 1168 de
1490 1113 1561 1167 trihu
1574 1112 1650 1168 ludre
1665 1128 1718 1168 non
1739 1112 1816 1179 deri3
1831 1123 1859 1169 et
1874 1117 1939 1171 ideo

313 1212 489 1265 comitaretur.
517 1208 582 1275 Qun
603 1225 662 1262 cum
684 1207 836 1261 educeretur
849 1204 883 1259 ud
904 1219 1014 1274 poeuum,
1029 1203 1099 1256 ruisit
1149 1213 1207 1260 erat
1221 1204 1329 1273 quidem
1340 1216 1342 1219 ·
1352 1203 1422 1259 lilius
1436 1202 1526 1268 lutire,
1541 1204 1588 1260 sed
1602 1219 1662 1258 enm
1678 1205 1797 1259 Thamar
1809 1208 1937 1262 maritum

313 1304 347 1356 ad
361 1319 478 1357 socerum
492 1317 567 1357 suum
581 1300 669 1353 diceus
680 1312 688 1349 :
701 1297 738 1352 lte
747 1298 800 1351 uiro
811 1294 887 1364 cujus
896 1294 951 1348 ltrec
965 1301 1024 1346 sunt
1035 1308 1097 1345 corr·
1149 1308 1201 1348 non
1214 1303 1364 1363 acceperat,
1379 1295 1439 1362 qnia
1455 1294 1548 1349 eadem
1561 1303 1619 1348 erat
1631 1295 1717 1349 trihus
1730 1291 1809 1361 luda,
1821 1298 1869 1351 sed
1880 1296 1937 1366 jam

312 1396 367 1462 rupi
378 1408 387 1445 .·
398 1392 528 1463 Cognosce
551 1391 627 1460 cujus
647 1388 680 1442 sit
696 1386 809 1441 annulus
823 1424 830 1450 ,
842 1393 865 1437 et
880 1381 995 1446 armilla,
1010 1391 1033 1434 et
1053 1379 1099 1434 lu·
1149 1384 1175 1437 in
1190 1384 1288 1454 populo
1298 1383 1373 1438 ladas
1388 1399 1466 1438 nemo
1476 1384 1614 1453 regnabat
1632 1385 1709 1440 Unde
1718 1394 1747 1441 ct
1757 1400 1855 1443 nornen
1867 1389 1936 1459 ejrrs,

312 1487 396 1540 crrlrrs.
410 1484 461 1551 Qui
473 1484 567 1554 agnitis
582 1479 730 1535 murentur
744 1478 780 1530 ait
790 1493 798 1530 :
810 1474 912 1529 lustiur
924 1488 965 1527 rus
979 1481 1026 1535 est,
1036 1472 1099 1541 quio
1149 1471 1175 1526 id
1190 1481 1231 1527 est
1245 1472 1318 1537 Sela,
1332 1473 1526 1542 interpretatur
1539 1474 1631 1528 diuisis
1643 1474 1711 1543 ejus.
1726 1475 1786 1531 Non
1801 1479 1937 1546 pertinent

312 1593 364 1629 arou
385 1576 482 1629 tradidi
504 1591 562 1629 eum
581 1570 641 1627 Sela
657 1569 712 1640 lilio
731 1584 797 1621 meo.
822 1566 942 1620 Attuntrn
955 1562 1025 1616 ultro
1047 1579 1099 1618 rron
1148 1576 1213 1617 sane
1228 1562 1261 1615 ad
1276 1562 1346 1619 hauc
1361 1563 1585 1633 significationem
1598 1565 1648 1618 viri
1662 1566 1747 1620 sancti
1760 1557 1788 1621 cl
1798 1565 1875 1636 justi,
1891 1569 1936 1638 qui

312 1666 430 1736 cognouit
439 1681 505 1720 earn.
521 1662 652 1734 Cognovit
663 1668 752 1714 autem
762 1656 845 1711 ludas
857 1664 885 1710 ct
899 1655 965 1709 dixit
978 1672 984 1707 :
997 1653 1098 1708 lustior
1147 1652 1211 1707 licet
1225 1651 1270 1708 illo
1280 1661 1400 1723 ternpore
1412 1654 1520 1719 inerint,
1534 1655 1567 1709 ad
1579 1654 1682 1711 Novum
1696 1663 1787 1712 tamen
1801 1660 1937 1728 pertinent

311 1755 356 1809 illa
370 1770 451 1824 quam
465 1768 525 1823 ego,
547 1752 619 1822 qnod
637 1765 691 1807 iton
712 1747 774 1804 dedi
791 1761 851 1801 eam
874 1743 928 1798 lrlio
949 1758 1009 1798 meo
1024 1742 1096 1799 Sela.
1148 1743 1358 1810 Testamentum,
1376 1746 1421 1815 qui
1443 1747 1627 1816 prophetando
1646 1749 1763 1804 scienter
1782 1751 1863 1805 utiles
1877 1752 1933 1807 lue·

310 1844 339 1899 in
364 1844 477 1900 liebraen
499 1844 591 1907 hahet,
613 1840 763 1910 laetificato
784 1846 821 1893 est
843 1853 876 1892 es
895 1853 944 1899 ne,
966 1849 1019 1889 nnn
1034 1833 1097 1904 quia
1148 1842 1219 1898 rnnt,
1232 1835 1319 1903 qualis
1341 1835 1425 1892 David
1449 1836 1508 1894 luit.
1524 1838 1563 1894 En
1585 1854 1649 1895 sane
1664 1849 1785 1910 tempore
1809 1858 1863 1912 qno
1880 1844 1933 1915 jam

308 1934 381 2005 insta
405 1933 495 1998 luerit,
511 1932 559 1989 sed
573 1930 645 2002 qnod
657 1970 665 1997 ‚
678 1928 880 2000 comparatione
903 1926 992 1989 illins,
1007 1924 1097 1988 minus
1146 1921 1236 1978 ludar
1251 1933 1370 1993 coeperat
1385 1940 1461 1996 reges
1473 1941 1505 1981 er
1520 1928 1591 1984 tribu
1603 1926 1671 1986 luda
1689 1945 1744 1985 non
1758 1932 1869 1999 babere,
1882 1950 1932 1990 nna

312 2023 499 2088 malefecerit,
518 2038 688 2096 nequaquam
702 2037 769 2092 saga
784 2021 817 2077 ad
832 2017 1033 2088 turpitudinem,
1049 2016 1096 2071 sed
1146 2022 1188 2069 est
1209 2016 1404 2084 computandus
1430 2016 1550 2074 Herodes
1573 2020 1659 2089 maior
1686 2020 1712 2077 in
1736 2022 1846 2091 regibus
1867 2024 1931 2094 ejus,

312 2114 410 2169 liberos
424 2112 593 2184 requirendo.
1111 2104 1135 2162 Β
1150 2112 1275 2174 tanquam
1291 2107 1403 2162 maritus
1414 2107 1542 2174 Tlrnrnar,
1555 2111 1695 2165 eratenim
1708 2111 1870 2184 alienigena.
1881 2114 1932 2170 Nes

347 2202 466 2258 instante
477 2211 564 2260 uatem
580 2212 668 2271 portu,
683 2205 859 2270 apparuerunt
874 2196 969 2267 gemini
983 2195 1010 2248 iu
1022 2204 1095 2248 utero
1146 2194 1170 2248 ei
1182 2206 1351 2252 sacramento
1364 2197 1409 2252 illo
1422 2199 1541 2268 mysticat
1551 2201 1685 2257 unctionis
1696 2209 1827 2272 tanquam
1844 2203 1931 2273 eortin-

310 2294 383 2362 ejus,
403 2303 479 2362 aque
492 2292 520 2352 irs
533 2292 590 2361 ipsa
610 2291 734 2359 effusione
753 2287 884 2358 inlautum
902 2302 970 2339 urrrrs
988 2283 1095 2356 protulit
1145 2286 1197 2354 gali
1213 2285 1314 2343 lmdere
1332 2290 1496 2353 cohaerebat,
1511 2291 1557 2347 sed
1576 2300 1702 2362 tanquam
1722 2301 1868 2352 extranens
1884 2295 1931 2351 io·

311 2401 427 2451 uranum,
440 2383 528 2453 inqua
543 2382 666 2443 obstetrix
675 2379 762 2451 ligauit
776 2379 909 2439 succinunt
920 2378 1009 2431 dicens
1020 2390 1028 2428 :
1041 2375 1095 2431 lste
1146 2378 1305 2442 minabatur,
1321 2394 1400 2448 quam
1414 2389 1573 2452 potestatem
1588 2399 1603 2437 a
1618 2383 1747 2442 Romanis
1757 2395 1787 2441 et
1796 2403 1816 2441 a
1829 2387 1931 2447 &aare

311 2474 454 2544 egredietur
463 2475 543 2544 prior.
557 2471 608 2528 llln
619 2488 678 2532 uero
693 2471 837 2526 retrahente
848 2484 966 2533 maurim,
977 2484 1095 2540 egressus
1145 2478 1296 2538 acceperat.
1321 2469 1367 2525 Sic
1380 2480 1408 2527 et
1424 2472 1483 2541 ejus
1497 2472 1545 2527 htii
1567 2475 1721 2540 tetrarchae,
1736 2489 1855 2546 qnorum
1877 2485 1931 2532 erat

311 2577 346 2622 est
357 2566 432 2622 alter.
448 2563 794 2637 ltiaitquernullerslluure
808 2562 891 2617 dinisu
905 2570 942 2618 est
955 2569 1095 2631 propterte
1145 2576 1214 2616 unrrs
1238 2561 1357 2620 Herodes
1383 2564 1467 2631 patris
1490 2566 1598 2620 nomine
1622 2566 1781 2635 appellatus,
1805 2567 1853 2637 qui
1872 2583 1931 2622 eura

311 2656 443 2712 arrredul
454 2666 478 2713 et
489 2657 520 2711 ol
533 2658 600 2712 lunc
615 2672 721 2715 causum
735 2654 832 2715 vomuit
847 2669 940 2710 nomeu
954 2652 1011 2722 ejus
1022 2648 1095 2706 Piru-
1144 2650 1229 2707 Pilato
1244 2654 1270 2709 in
1284 2653 1408 2723 passione
1423 2655 1528 2714 Domini
1540 2658 1722 2712 concordavit.
1735 2657 1782 2713 isti
1793 2673 1860 2729 ergo
1871 2657 1932 2717 alte·

309 2764 360 2801 res.
382 2747 436 2803 Pro
458 2748 574 2804 maceria
588 2748 740 2804 diuidonera
754 2745 850 2817 Aquila
869 2752 896 2799 et
916 2743 1095 2816 Symmachus
1144 2745 1249 2815 nigenae
1262 2762 1348 2816 usque
1370 2747 1437 2805 adeo
1457 2762 1511 2803 non
1530 2749 1727 2816 deputabantur
1741 2749 1769 2803 in
1785 2762 1872 2820 regne
1890 2748 1933 2805 ihr

309 2834 522 2901 transtulerunt,
538 2838 610 2907 quod
624 2836 755 2895 Hebraico
769 2836 868 2892 dicitur
880 2835 992 2900 Pltorer.
1005 2836 1047 2892 hb
1061 2850 1094 2893 eo
1144 2836 1258 2907 mystico
1268 2835 1420 2898 luteorum
1435 2879 1444 2904 ,
1457 2847 1487 2893 ut
1504 2838 1554 2909 ipsi
1566 2836 1650 2893 ludaei
1665 2838 1771 2908 publice
1785 2837 1933 2898 damam

311 2924 395 2996 lgitnr
419 2926 491 2996 quod
519 2925 648 2989 diviserit
666 2925 879 2986 membranulam
904 2925 1093 2993 secandarum,
1144 2925 1298 2987 lrcndeates
1318 2929 1448 2986 adversus
1464 2928 1621 2986 Christum:
1635 2927 1933 2999 montanearum

310 3015 442 3079 uirisiouis
462 3032 560 3076 nomen
586 3018 698 3087 accepit.
726 3016 803 3078 Unde
821 3016 968 3087 Pharisaei,
988 3019 1034 3087 qni
1064 3033 1094 3074 se
1144 3010 1337 3073 aisiCesurenr
1360 3017 1465 3089 (hatti.
1481 3018 1683 3090 xxvn),neqne
1698 3017 1750 3072 hoc
1769 3032 1866 3074 verum
1883 3016 1933 3076 nist

309 3106 387 3175 qnasi
403 3106 491 3177 iustos
507 3122 522 3168 a
538 3108 635 3178 populo
656 3113 858 3178 separaverant,
880 3106 958 3172 divisi
975 3106 1094 3180 appella·
1144 3107 1189 3163 illa
1216 3107 1362 3164 universali
1389 3107 1584 3165 dominatione.
1620 3106 1806 3162 Romanorum
1835 3108 1933 3175 qnippe

309 3194 417 3250 bantur.
1143 3200 1226 3257 etiam
1244 3199 1333 3259 cesar
1354 3214 1403 3256 rex
1421 3206 1491 3266 erat,
1512 3214 1565 3256 non
1578 3198 1686 3268 proprie
1700 3195 1872 3262 linteorum
1888 3198 1933 3254 sed

344 3282 439 3339 Postea
456 3301 572 3356 opressus
587 3297 624 3340 est
640 3286 800 3357 frueretur,
812 3288 929 3358 inanius
944 3304 1024 3346 musa
1036 3296 1093 3348 erut
1143 3295 1173 3341 ut
1196 3287 1334 3343 Christum
1355 3297 1496 3359 negarent,
1518 3299 1546 3343 et
1571 3290 1643 3351 hune
1666 3288 1760 3353 adhue
1777 3288 1932 3352 adorarent,

309 3373 451 3440 cornuin,
465 3391 540 3446 quem
554 3375 691 3446 appellarit
711 3374 792 3433 Zure.
816 3376 873 3441 Hoc
893 3392 991 3434 nomen
1010 3378 1093 3444 inter-
1144 3376 1204 3434 ideo
1218 3392 1247 3433 se
1261 3377 1309 3433 tali
1330 3392 1397 3433 vocs
1417 3378 1621 3436 damnaverunt.
1645 3377 1692 3434 lllo
1715 3379 1789 3435 eninr
1812 3386 1933 3449 tempore

308 3472 429 3538 pretatur
446 3468 541 3521 oriens.
565 3466 629 3527 Sive
652 3467 735 3538 igitnr
753 3467 817 3538 quia
834 3468 937 3538 primus
957 3469 1091 3539 apparuit,
1105 3457 1128 3518 C
1144 3483 1198 3538 qno
1207 3469 1263 3539 lara
1275 3470 1309 3524 de
1321 3471 1392 3525 trihu
1402 3468 1470 3528 luda
1484 3485 1596 3540 regnum
1610 3469 1757 3535 deiecerat,
1771 3471 1934 3527 veniendum

307 3559 364 3615 sive
378 3557 448 3629 qnnd
460 3558 569 3629 plurimi
582 3574 616 3615 er
632 3575 665 3615 eo
674 3558 741 3627 justi
763 3571 834 3626 sunt,
847 3568 878 3616 ut
890 3562 917 3616 in
931 3561 999 3621 libro
1011 3561 1093 3621 Para·
1142 3567 1201 3615 erat
1215 3557 1321 3614 Christo
1335 3573 1400 3613 vero
1416 3558 1550 3615 salvatori
1564 3559 1676 3615 Domino
1699 3570 1803 3624 oestro,
1819 3561 1868 3630 qni
1881 3576 1933 3615 aaa

234 3651 236 3654 ⁴
306 3649 460 3720 lipomenon
474 3651 637 3717 continetur,
651 3649 730 3718 Zara,
743 3652 821 3712 idest
836 3653 931 3718 oriens,
945 3650 1092 3723 appellatas
1141 3650 1264 3715 obesset,
1289 3650 1456 3720 multumque
1479 3652 1627 3722 prodesset.
1652 3651 1720 3712 ilinc
1746 3652 1820 3708 enirn
1847 3651 1934 3707 luerat

307 3739 538 3811 nst.(1a·tnrus.t
562 3740 623 3796 tam
642 3757 714 3798 nunc
733 3741 833 3801 lacurn
851 3742 927 3806 tuda
945 3746 1092 3803 meandum
1141 3740 1328 3813 prophetatura
1342 3757 1349 3794 τ
1361 3740 1423 3794 aaa
1445 3741 1545 3809 deiciet
1560 3743 1679 3812 edocent
1699 3757 1732 3795 es
1754 3740 1840 3806 tuta,
1856 3759 1933 3812 out·

307 3829 461 3901 allegoriam
474 3830 538 3900 quid
557 3830 749 3904 significaverit
763 3831 923 3896 interorum,
937 3833 1091 3888 corrsidere-
1140 3831 1196 3886 dua
1207 3831 1241 3886 de
1253 3831 1394 3900 tenuntur
1408 3832 1565 3902 eiuadoner
1579 3834 1660 3888 uniet
1671 3834 1715 3904 qui
1725 3834 1870 3895 mittendus
1885 3844 1932 3898 est,

307 3934 376 3975 nnus.
397 3917 427 3975 ln
441 3918 560 3976 Thamar
575 3936 640 3991 orgo
654 3936 723 3975 nuru
741 3919 824 3993 iudan,
841 3921 999 3993 intelligitur
1016 3923 1092 3993 plebs
1141 3923 1231 3991 etipse
1246 3923 1294 3978 erit
1308 3926 1464 3992 carricaturis
1478 3923 1593 3993 gentiunt
1606 3920 1682 3993 (lien.
1697 3922 1783 3993 sarr).
1797 3921 1859 3985 lam
1881 3924 1932 3979 isto

306 4005 407 4073 lanan,
422 4009 464 4073 otri
475 4008 509 4065 de
522 4009 670 4068 tribulnde
686 4024 773 4080 reges,
788 4020 917 4080 tarrquam
932 4012 1032 4074 mariti,
1045 4012 1092 4066 de-
1141 4021 1263 4082 tempore
1284 4027 1366 4069 omne
1387 4028 1493 4083 qunque
1516 4013 1699 4084 magisterium
1719 4013 1893 4079 tunsarum,
1906 4022 1932 4073 rt

306 4097 429 4154 beantur.
439 4097 536 4156 llerito
548 4116 646 4156 nomen
659 4099 717 4169 ejus
729 4101 876 4157 onruriturlu
889 4102 1090 4174 interpretatur.
1141 4101 1254 4171 mystica
1269 4101 1340 4156 unde
1352 4101 1453 4156 Christi
1468 4101 1633 4156 vocabantur
1648 4101 1740 4155 unctio
1756 4101 1815 4173 ipsa
1828 4101 1931 4158 deiece-

305 4188 365 4259 lpsa
377 4189 450 4261 enim
470 4190 584 4248 honrino
598 4191 669 4247 loliis
684 4192 809 4263 poculum
822 4194 907 4249 dedit.
923 4194 982 4249 Duo
1001 4203 1091 4253 autent
1141 4192 1346 4260 rat,secundnm
1359 4193 1526 4261 prophetiam
1537 4192 1663 4250 Danielis.
1677 4193 1753 4250 Tunc
1763 4194 1838 4257 eninr
1849 4195 1930 4259 venit,

305 4280 563 4353 gerreraprineipum
574 4282 621 4352 qni
631 4297 684 4341 non
694 4291 766 4339 recte
777 4284 957 4355 operabantur
968 4282 1090 4354 inplebo,
1141 4284 1184 4337 cni
1205 4284 1350 4352 repositnnr
1371 4293 1438 4347 erat,
1451 4286 1618 4355 exspectatio
1640 4286 1772 4356 gentium,
1793 4297 1819 4341 et
1841 4297 1930 4343 urruns

306 4385 389 4424 unum
411 4385 504 4427 eorum
525 4371 570 4441 qui
590 4373 712 4436 oberant,
729 4359 843 4429 alterurn
855 4387 949 4427 corum
963 4372 1009 4442 qui
1024 4372 1092 4426 nihl
1140 4383 1177 4426 est
1190 4382 1295 4426 sauctus
1310 4383 1459 4428 tunctorum
1473 4374 1529 4428 oleo
1540 4374 1714 4429 exsultatione
1725 4393 1781 4445 prin
1793 4378 1929 4446 partieipi-

306 4461 467 4530 proderant,
492 4460 713 4533 significabantur
734 4461 762 4519 itt
791 4461 894 4517 duobus
920 4460 981 4516 liliis
1005 4458 1088 4517 lndae.
1141 4458 1455 4530 intrintilianum).
1479 4449 1564 4516 Natus
1580 4470 1620 4518 est
1633 4463 1704 4517 enim
1718 4462 1835 4519 llrradis
1848 4465 1928 4534 najo-

306 4553 425 4621 anrnrn
448 4568 517 4607 unus
530 4567 623 4608 eornm
643 4562 703 4608 erat
724 4552 856 4627 malignus
878 4552 920 4607 vel
944 4568 1005 4608 rsus
1029 4560 1091 4607 ante
1142 4551 1179 4605 ris
1201 4559 1330 4620 ternpore,
1344 4565 1440 4620 passus
1452 4560 1494 4607 est
1511 4561 1601 4608 autem
1623 4552 1737 4608 Herodis
1760 4555 1877 4609 minoris
1891 4564 1928 4610 te-

307 4640 401 4706 llenm,
416 4641 485 4697 alter
499 4643 525 4697 in
540 4651 639 4698 terram
655 4643 793 4710 suadebat,
806 4660 839 4699 ne
855 4660 946 4700 semen
968 4646 1043 4700 daret
1057 4644 1089 4703 atl
1141 4645 1266 4699 tranche.
1281 4642 1365 4713 llnjus
1384 4646 1474 4713 itaque
1492 4647 1625 4701 venientis
1646 4646 1678 4700 ad
1692 4662 1757 4701 ores
1769 4663 1832 4716 quae
1845 4648 1928 4718 perie-

308 4730 501 4797 lucundandam
515 4735 642 4791 Thamar.
667 4735 722 4792 Nee
735 4744 798 4791 sunt
813 4737 928 4809 amplius
942 4753 1023 4809 qnam
1037 4737 1090 4793 dnn
1142 4747 1202 4792 rant
1225 4737 1321 4795 dornus
1340 4735 1431 4804 lsrael,
1449 4738 1563 4811 liguram
1584 4737 1664 4808 gessit
1687 4735 1930 4808 institueramus

306 4834 406 4895 genera
420 4822 558 4878 hominum
575 4824 678 4880 inutilia
691 4826 782 4897 generi
797 4825 913 4891 humanu
923 4844 929 4880 :
940 4843 1021 4895 unum
1043 4843 1089 4887 no·
1103 4807 1128 4870 D
1143 4828 1195 4903 iret
1208 4829 1242 4885 ad
1256 4829 1404 4887 tondendas
1419 4844 1483 4885 oves
1495 4845 1558 4884 suas
1571 4830 1597 4883 in
1609 4829 1741 4893 Thamna,
1759 4829 1834 4898 quod
1848 4829 1928 4885 inter·

306 4907 434 4972 nentium,
444 4908 559 4967 alternat
568 4920 695 4980 prestare
710 4914 866 4976 nolentium,
881 4923 907 4974 et
919 4915 941 4973 si
952 4917 1017 4987 quid
1028 4917 1089 4974 honi
1143 4927 1263 4989 pretatur
1274 4918 1396 4987 deficiens
1407 4917 1481 4988 ,·jam
1497 4919 1568 4975 enirn
1583 4918 1738 4973 deiecerant
1750 4919 1889 4990 principes
1897 4931 1928 4973 er

306 4996 408 5061 habent
418 4996 445 5052 1¹¹
467 4998 517 5054 1¹³⁰
531 5005 638 5056 leirena
652 5000 707 5055 vita
728 5001 907 5072 pellendum,
925 5011 1050 5074 linquam
1063 5005 1091 5062 in
1143 5010 1222 5079 luda,
1235 5020 1353 5070 etornne
1365 5013 1548 5086 magisterium
1563 5021 1644 5081 atque
1658 5011 1750 5066 unctio
1764 5009 1928 5074 ludaeorum,

307 5093 381 5149 terra
402 5084 584 5154 fundentium
599 5096 627 5143 el
642 5090 703 5160 quia
719 5090 746 5146 in
762 5091 831 5149 nralo
843 5093 917 5164 prior
930 5104 972 5152 est
986 5096 1030 5152 ille
1044 5098 1090 5168 qui
1143 5105 1228 5160 dorice
1242 5103 1346 5161 veniret
1358 5103 1401 5159 cui
1415 5102 1562 5173 repositum
1577 5107 1645 5155 erat.
1666 5099 1746 5154 Venit
1764 5108 1929 5156 autemeam

308 5183 386 5235 docel
398 5192 479 5249 quam
494 5176 539 5233 ille
552 5179 598 5251 (illi
612 5195 664 5235 ¹¹⁰ss
687 5182 806 5252 prodest,
822 5183 882 5240 idw
894 5185 980 5258 maior
993 5185 1091 5245 dicitur
1142 5203 1249 5265 pastore
1270 5209 1318 5249 suo
1342 5193 1511 5260 odollamite,
1525 5193 1567 5249 cni
1593 5206 1691 5246 nomen
1714 5199 1774 5246 erat
1802 5190 1891 5254 Hiras,
1905 5198 1931 5246 rt

308 5265 440 5336 purgans
461 5266 516 5335 itte,
530 5276 558 5324 at
582 5281 697 5340 worma
713 5273 760 5343 qut
776 5272 904 5331 tundebat
927 5275 955 5332 ta
978 5285 1088 5341 terram.
1143 5285 1337 5355 interpretatur
1350 5282 1525 5341 odollamites
1535 5280 1709 5337 reuersurum
1722 5280 1749 5334 tn
1767 5297 1851 5351 apua.
1866 5279 1931 5335 cna

307 5359 462 5439 Nomenque
482 5362 602 5434 majoris,
615 5365 662 5436 qui
682 5376 794 5426 vocatur
814 5366 885 5434 lior,
900 5367 1092 5441 interpretatur
1143 5374 1193 5437 hoe
1205 5374 1284 5446 plane
1299 5373 1453 5431 testimonio.
1466 5373 1592 5429 hominm
1599 5371 1693 5435 uenit,
1706 5371 1812 5434 habeas
1824 5371 1932 5442 quitiam

306 5451 437 5525 pollutus,
451 5454 574 5527 qualibus
585 5456 684 5512 tunicis
693 5458 780 5513 induti
795 5467 857 5517 sunt
867 5459 948 5536 primi
960 5459 1090 5527 homines,
1143 5463 1326 5543 testimonium
1340 5461 1426 5532 majus
1445 5461 1562 5524 tornae,
1578 5460 1626 5515 sed
1640 5468 1729 5514 tamen
1743 5469 1858 5530 propter
1870 5471 1933 5514 ores

230 5548 233 5553 “
307 5542 335 5602 ln
351 5558 432 5616 prena
450 5546 629 5605 damnationis
647 5563 710 5614 sua,
726 5547 817 5605 emissi
837 5563 870 5609 ex
893 5548 1026 5620 paradiso.
1043 5547 1093 5606 Se·
1143 5551 1275 5617 inlirrnas,
1291 5551 1342 5607 hnc
1365 5550 1519 5607 testimonio
1533 5557 1575 5608 est
1589 5564 1654 5605 rasus
1673 5549 1700 5605 in
1720 5563 1805 5619 aqua.
1829 5547 1934 5605 sanet

306 5637 414 5711 quentis
426 5645 515 5695 antem
528 5655 635 5705 notura,
646 5640 692 5712 qui
703 5646 813 5697 vocatur
827 5639 913 5706 (inan,
930 5640 1091 5711 interpreta-
1144 5641 1200 5711 ipse
1217 5639 1305 5706 liiras,
1317 5641 1388 5711 quud
1401 5655 1498 5695 nomen
1512 5639 1582 5695 illins
1595 5637 1712 5709 pastoris
1725 5636 1789 5704 luit,
1802 5639 1935 5709 interpre

306 5734 352 5785 tur
364 5743 458 5783 uterer
466 5746 567 5789 eorum.
582 5729 713 5799 Qta'rtmr,
721 5730 773 5787 nisi
783 5731 880 5801 quihus
891 5731 957 5799 nihil
972 5730 1090 5803 prodest,
1145 5739 1217 5786 tatur
1232 5730 1322 5800 fratris
1334 5730 1384 5783 mei
1403 5728 1477 5784 eisin.
1499 5726 1571 5783 vidit
1589 5727 1700 5783 onrrrino
1718 5725 1838 5788 fratrent
1857 5739 1935 5787 munt

305 5827 368 5874 euru
388 5815 487 5878 natea
505 5819 576 5883 unde
595 5821 722 5891 prodesse
736 5826 938 5891 posset,atque
952 5821 978 5877 id
998 5821 1093 5890 perdat
1144 5822 1271 5889 loannes,
1287 5820 1397 5880 lratrern
1421 5819 1568 5877 secundnm
1589 5831 1680 5872 semen
1695 5815 1823 5881 Abrahae
1840 5828 1938 5877 secam

307 5905 335 5965 lu
348 5908 437 5966 terrai
449 5908 533 5981 iltius
553 5926 633 5980 porro
652 5912 750 5968 rrurlmn
768 5918 810 5969 est
823 5910 919 5969 ablatae
937 5913 1009 5976 vita,
1020 5911 1092 5982 quod
1144 5911 1207 5966 drrnr
1228 5909 1414 5980 cognationem
1432 5906 1527 5961 matris
1542 5904 1632 5960 Mariae
1654 5902 1724 5971 ejus,
1745 5911 1776 5958 et
1799 5900 1940 5971 Elisabeth

307 5995 439 6071 tignilrrat
459 5998 545 6071 pellis,
560 6015 638 6072 quarn
662 6016 713 6056 nnn
736 5998 849 6073 adjutae,
864 6001 933 6072 quod
957 6000 1091 6072 signilrrnt
1144 6002 1237 6057 nrntris
1258 6016 1323 6066 stite,
1337 5999 1514 6068 errnrdernquc
1536 5995 1677 6051 hostiumn
1691 6002 1718 6049 et
1733 5991 1822 6059 Deam
1845 6005 1939 6059 suortr,
