4509 6850
273 664 343 722 ΗΠ
732 662 910 718 cultilem.
930 662 963 716 tlt
981 661 1200 721 biiTTllAEUll.
1219 698 1255 709 -
1274 670 1338 727 tm.
1359 670 1424 727 llll.
1824 682 1892 737 ltts

270 783 334 838 ritae
349 782 463 837 accessit
479 796 538 836 cam
552 779 724 835 meditatione
745 781 849 835 mortis.
870 780 947 836 Unde
964 787 992 835 et
1013 794 1058 836 se-
1071 782 1097 841 A
1110 795 1155 833 rua
1167 779 1370 850 interpretatur.
1383 784 1458 850 Quod
1472 792 1562 841 nutem
1577 802 1671 843 servus
1694 789 1817 846 iuremus
1839 802 1892 859 est,

271 875 382 942 quitur:
1105 880 1135 925 et
1146 872 1197 926 bue
1210 873 1328 941 pertinet
1342 875 1375 928 ad
1389 875 1461 929 illam
1473 884 1644 944 vetustatem,
1667 896 1726 949 quiae
1738 882 1764 936 in
1778 883 1894 938 servitu·

306 962 357 1030 Qui
371 974 455 1017 autem
470 962 575 1015 tradidit
591 979 648 1016 curu
662 963 733 1016 dedit
748 962 801 1018 illis
823 964 926 1033 rignum
948 962 1056 1018 diceus:
1106 967 1161 1014 tem
1175 970 1296 1030 generat,
1311 964 1382 1031 quud
1396 965 1522 1034 estdgar
1532 965 1608 1035 (Gal.
1621 967 1675 1040 ir).
1702 969 1754 1025 Sed
1769 986 1829 1027 eum
1845 989 1898 1030 ac·-

272 1051 454 1122 Quemcuupae
464 1050 595 1105 osculatus
604 1052 748 1122 introduc
756 1061 803 1115 est,
811 1062 893 1107 tenete
903 1069 971 1107 cum.
981 1051 1058 1125 (llie-
1105 1049 1235 1104 cessisset
1247 1050 1358 1117 sanitas,
1373 1051 1484 1121 figurata
1499 1062 1577 1109 estet
1590 1056 1708 1111 libertas.

270 1142 344 1205 run.)
360 1141 439 1196 Miser
456 1138 538 1195 ludus
550 1150 577 1196 et
595 1150 683 1196 tamen
697 1157 751 1196 nun
765 1141 938 1207 miserabilis,
962 1141 1057 1196 endem
1143 1137 1216 1193 Tunc
1229 1139 1402 1196 uitillilcsus
1415 1142 1561 1216 :Converte
1579 1146 1693 1215 gladium
1716 1160 1789 1204 tuum
1800 1154 1827 1205 in
1852 1151 1893 1204 lo-

271 1234 427 1288 inuuetttate
438 1248 491 1302 qua
504 1233 645 1287 Dominum
661 1241 688 1287 et
699 1233 856 1302 magistrum
871 1232 993 1296 tradidit,
1005 1246 1056 1302 pn·
1106 1244 1165 1283 cum
1175 1246 1263 1283 suurn.
1275 1230 1285 1301 (
1293 1230 1398 1302 bitur.)
1419 1232 1458 1287 Ae
1469 1234 1490 1288 si
1503 1234 1615 1290 dixisset
1628 1256 1634 1290 ι
1647 1237 1739 1293 Cesset
1763 1243 1890 1305 rimlicto,

270 1324 502 1393 tabatsiguaquae
515 1321 679 1377 Sabatenem
700 1322 803 1377 viderat
829 1322 974 1376 facientem
1003 1334 1057 1375 non
1106 1320 1518 1394 remissiulargialur.0purtuit
1534 1327 1606 1382 enim
1630 1337 1659 1382 ut
1680 1340 1773 1386 auctor
1799 1335 1890 1402 gratini

269 1414 410 1483 nrajestate
425 1413 524 1475 divina,
540 1410 586 1467 sed
600 1412 711 1481 magieis
725 1413 828 1467 artibus
847 1411 928 1466 laeta.
952 1410 986 1464 Et
1009 1408 1057 1478 gui
1105 1410 1233 1479 pupulum
1247 1413 1430 1482 evangelicum
1448 1431 1497 1471 suu
1517 1418 1639 1488 exemplu
1662 1423 1819 1488 patientiam
1845 1425 1891 1479 do-

268 1520 330 1558 cum
342 1503 412 1558 sorte
422 1502 544 1558 audierat
556 1503 583 1557 in
597 1513 686 1558 munte
703 1501 931 1574 transfiguratum,
944 1501 1056 1558 timebat
1105 1508 1190 1568 cerel,
1201 1509 1229 1555 ct
1241 1503 1329 1571 potius
1342 1505 1375 1559 ad
1390 1506 1576 1563 sustinendum
1589 1507 1697 1565 lurtiter
1713 1512 1823 1566 adversa
1849 1514 1891 1567 iu·

268 1609 301 1648 ne
314 1594 393 1648 simili
417 1591 651 1649 transformatione
671 1592 848 1648 labereturex
862 1593 984 1649 manibus
1006 1592 1057 1647 mi·
1105 1597 1232 1656 strueret,
1248 1606 1328 1661 guam
1342 1594 1376 1649 ad
1392 1596 1581 1652 uindicandum
1603 1610 1771 1669 pmrucnret.
1797 1602 1843 1659 Sic
1865 1612 1892 1658 ct

268 1683 423 1737 nistrornm.
452 1684 502 1737 Dat
522 1698 585 1753 ergo
610 1683 715 1754 signum
737 1690 766 1737 ut
780 1682 867 1738 sciant
884 1682 972 1751 ipsum
995 1696 1056 1737 esse
1104 1678 1203 1736 Paulus
1222 1684 1307 1739 dicit:
1325 1684 1386 1741 Non
1406 1687 1643 1758 sordesceremus,
1668 1694 1824 1759 ebunsrlmi,
1846 1698 1892 1751 red

267 1789 346 1843 quiem
360 1775 452 1831 osculo
466 1775 670 1829 demonstraret.
1104 1771 1164 1828 clete
1177 1773 1263 1829 lucum
1275 1777 1343 1832 irre:
1359 1778 1533 1848 scriptumest
1552 1784 1640 1835 euim:
1653 1782 1720 1837 llttt
1739 1784 1889 1851 uindictam,

304 1866 337 1920 Et
347 1866 481 1936 curescetim
495 1867 618 1921 accedere
633 1865 667 1919 ud
678 1864 769 1919 lerunt
780 1864 847 1920 dixit
861 1882 868 1917 ε
880 1862 944 1928 dee,
956 1861 1053 1929 liniti:
1103 1878 1150 1933 ege
1161 1865 1302 1919 cuninam
1316 1866 1379 1922 dicit
1393 1867 1520 1924 Dominus
1535 1869 1629 1945 (Rom.
1643 1870 1708 1942 ιιι).
1735 1872 1812 1931 Unde
1830 1884 1857 1930 et
1875 1890 1891 1930 e

266 1956 560 2012 mosmletusesteum.
586 1956 728 2027 Impudens
753 1954 861 2025 quidem
885 1952 1054 2008 etscelerata
1104 1953 1238 2009 contrariu
1249 1956 1373 2011 subditur

267 2045 428 2102 corilldentia
439 2047 596 2118 magistmm
604 2060 711 2111 vocare,
723 2054 750 2100 et
761 2045 881 2100 osculum
892 2044 916 2099 ei
930 2045 1052 2115 ingerere
1140 2044 1235 2101 Omnes
1243 2050 1310 2102 erum
1320 2050 1366 2119 pul
1376 2060 1528 2121 acceperuut
1533 2051 1650 2123 gladium
1661 2052 1750 2124 gladio
1759 2055 1890 2125 peribunt.

266 2153 345 2207 quun
361 2140 498 2204 tradebat;
515 2147 604 2193 tamen
618 2141 705 2194 adbuc
720 2138 819 2208 aliquid
834 2137 914 2194 babet
928 2138 963 2194 de
976 2120 1091 2194 vere-13
1104 2135 1226 2203 lineat,
1240 2154 1334 2195 omnes
1348 2142 1393 2210 qni
1406 2142 1565 2212 semetipsos
1579 2143 1638 2198 viee
1665 2144 1773 2199 talionis
1798 2146 1890 2199 ulcisci

265 2232 361 2285 cirrrdia
376 2231 509 2300 discipuli,
521 2246 581 2285 euru
594 2247 647 2286 nun
662 2246 724 2285 eum
734 2231 821 2299 palam
836 2230 947 2284 tradidit
961 2243 1053 2299 perse·
1103 2225 1132 2278 in
1148 2228 1274 2296 prasenti
1285 2228 1448 2294 desiderant,
1462 2246 1515 2285 nun
1527 2238 1664 2285 merentur
1677 2247 1692 2285 a
1711 2232 1825 2287 Dourion
1850 2233 1891 2287 ul-

265 2323 416 2387 cutoribus,
431 2321 477 2376 sed
492 2336 541 2390 per
552 2318 664 2393 lsignum
687 2321 780 2377 osculi.
809 2319 910 2390 (tun.)
935 2318 1054 2387 Suscipit
1103 2316 1180 2382 cisci,
1197 2316 1244 2371 scd
1261 2332 1367 2387 poenam
1392 2319 1442 2373 sibi
1460 2319 1640 2375 damnationis
1662 2321 1835 2388 amplificant.
1861 2321 1890 2375 ln

264 2420 354 2464 autem
370 2411 498 2466 Dourinus
511 2411 632 2467 osculum
644 2410 789 2474 traditoris,
800 2425 853 2463 nou
863 2424 917 2479 quo
926 2408 1055 2464 simulare
1103 2407 1164 2463 aliis
1175 2408 1247 2463 enim
1260 2409 1462 2478 exemplaribus
1476 2410 1574 2481 legitur
1590 2429 1596 2464 :
1612 2409 1764 2481 omnesqui
1783 2428 1889 2481 percae-

264 2514 313 2553 nos
328 2501 430 2562 ducent,
444 2501 490 2554 sed
505 2517 538 2555 ne
550 2501 726 2569 proditionem
740 2498 832 2570 lugere
856 2499 988 2566 rideatur,
1013 2500 1052 2555 si·
1101 2496 1556 2569 serirrtgludio‚pludiunrorieutar.
1585 2498 1686 2573 (Aug.)
1708 2500 1793 2568 Qaram
1816 2502 1891 2557 multi

264 2589 320 2643 uiul
332 2599 361 2644 et
373 2590 436 2644 illud
449 2590 604 2645 Dauidicum
626 2590 763 2658 complens
780 2606 786 2643 :
801 2586 917 2644 Cumlrir
930 2590 975 2659 qul
989 2591 1053 2643 ude·
1103 2590 1193 2661 gladio
1210 2591 1364 2660 percutiunt
1380 2606 1431 2646 nee
1451 2599 1539 2647 tamen
1561 2592 1587 2647 in
1612 2592 1700 2661 gladio
1723 2592 1894 2648 moriuntur?

264 2690 324 2735 curu
336 2697 424 2750 pacem
436 2698 508 2736 eram
522 2681 647 2751 pacifices
663 2679 754 2752 (Paul.
768 2683 860 2751 erar).
1102 2680 1173 2735 sicut
1187 2695 1273 2751 neque
1287 2681 1343 2751 ipse
1357 2679 1462 2738 Petrus.
1477 2680 1530 2739 snt
1547 2698 1582 2740 ue
1601 2684 1683 2740 istrun
1703 2682 1792 2742 dieue
1814 2684 1892 2743 iunia

301 2772 421 2843 Dicitque
439 2772 478 2825 illi
492 2771 571 2827 lesus
589 2773 708 2838 :Amice
721 2772 755 2825 ud
769 2772 832 2842 quid
846 2771 963 2826 uenisti?
980 2769 1053 2825 Tune
1102 2778 1273 2838 peccatorum
1286 2770 1366 2825 talem
1375 2772 1493 2827 erasisse
1502 2786 1609 2843 poenam
1622 2775 1682 2844 quis
1692 2776 1893 2845 putestllluan-

263 2872 424 2917 accesserunt
437 2871 461 2916 et
475 2878 569 2917 manus
587 2861 730 2931 injecerunt
752 2861 778 2914 iu
799 2859 902 2926 lesum,
922 2869 946 2914 et
966 2870 1054 2914 tenue·
1103 2875 1185 2929 quarn
1196 2860 1265 2915 nihil
1276 2861 1428 2927 absurdius,
1442 2877 1524 2933 quam
1536 2871 1566 2918 ut
1578 2864 1706 2935 majorem
1718 2874 1793 2936 putet
1805 2868 1894 2937 gladio

263 2962 323 3004 rurrt
344 2967 414 3005 eaor.
430 2949 576 3023 (iliarum)
592 2949 709 3005 Verbum
729 2950 808 3004 amici
828 2952 892 3005 ml
905 2951 1053 3027 ἀντίφρασιι
1102 2963 1211 3020 poenam
1224 2965 1285 3005 esse
1298 2951 1416 3020 potuisse
1426 2967 1486 3021 que
1502 2952 1582 3008 Petro
1605 2969 1658 3008 uun
1680 2956 1787 3021 accidit,
1813 2972 1895 3026 qrram

263 3050 305 3096 est
323 3042 532 3114 intelligendum,
548 3042 588 3097 rel
603 3049 677 3097 certe
687 3042 764 3110 juxta
787 3040 852 3096 illud
874 3041 946 3111 quud
970 3054 1054 3111 snpra
1103 3041 1193 3097 crucis
1203 3056 1263 3111 quae
1279 3042 1387 3098 accidit.
1408 3041 1477 3109 Quid
1493 3051 1583 3097 tamen
1598 3044 1632 3100 de
1642 3043 1795 3100 latronibus
1805 3046 1893 3102 dictu·

263 3133 400 3205 legimus:
420 3135 516 3198 Amice,
535 3133 666 3205 quemodo
686 3134 737 3188 line
757 3134 861 3189 intrasti
881 3150 934 3188 noo
956 3133 1054 3189 buleus
1103 3133 1262 3204 rusestqui
1275 3147 1337 3189 cum
1348 3134 1595 3190 buminucrueilixi
1610 3137 1772 3204 suntlQuia
1798 3145 1826 3192 et
1849 3139 1895 3195 ille

262 3233 356 3277 restem
372 3224 534 3294 nuptialem?
1103 3223 1150 3294 qui
1164 3223 1264 3279 meruit
1278 3223 1397 3290 reniam,
1414 3233 1589 3295 posteaquam
1605 3226 1749 3283 crucillxus
1773 3236 1815 3282 est
1838 3244 1894 3284 me-

300 3313 332 3368 Et
345 3329 522 3368 ecceunerex
540 3314 581 3368 lis
600 3314 729 3384 quierunt
751 3328 810 3367 caut
828 3311 893 3367 lero
914 3311 1053 3368 extendens
1102 3313 1170 3381 ruit,
1183 3323 1212 3368 et
1226 3314 1295 3370 alter
1307 3314 1417 3369 omnino
1431 3330 1484 3369 non
1506 3316 1613 3371 meruit.
1641 3316 1683 3371 An
1706 3315 1775 3372 lurte
1801 3332 1894 3374 omnes

264 3420 372 3460 manum
392 3405 486 3460 exemit
510 3401 626 3474 gladium
640 3418 729 3470 suum,
753 3411 778 3457 et
800 3401 926 3475 percussit
950 3418 1052 3458 mrtem
1104 3419 1173 3476 uuus
1195 3405 1352 3463 occiderant
1372 3406 1576 3473 crucifixerant,
1595 3417 1622 3463 ct
1637 3418 1779 3480 propterea
1804 3418 1893 3465 autem

260 3499 386 3568 principie
401 3495 575 3559 sacerdotum,
604 3505 628 3550 et
649 3497 792 3566 amputauit
815 3495 962 3551 uenalem
981 3496 1049 3565 eius.
1063 3485 1087 3546 C
1103 3495 1154 3566 ipsi
1165 3494 1245 3550 etiarn
1256 3497 1310 3567 pati
1326 3498 1500 3553 meruerant?
1514 3497 1665 3553 Ridiculum
1675 3501 1777 3555 cstlroe
1787 3509 1892 3570 putare.
1988 3505 1993 3512 '

263 3585 367 3658 (liin.)
393 3585 490 3639 Petrus
502 3585 554 3639 boc
564 3584 629 3639 lecit
642 3592 673 3638 ut
685 3583 802 3640 loannes
824 3584 987 3656 evangelista
1007 3585 1054 3641 de·
1103 3584 1172 3653 Quid
1186 3601 1251 3658 erge
1266 3587 1339 3642 aliud
1352 3588 1454 3643 dictum
1468 3595 1520 3653 est,
1535 3587 1628 3642 Omnis
1648 3589 1717 3643 euim
1740 3591 1784 3660 qai
1806 3590 1894 3662 gladio

260 3679 356 3744 clarat,
371 3679 465 3734 eodem
479 3677 606 3732 nimirum
620 3679 717 3734 mentis
730 3678 890 3748 ardoreque
902 3687 1000 3736 eutem
1014 3677 1054 3736 le-
1102 3675 1257 3745 auerterit
1270 3673 1357 3746 gladio
1371 3658 1515 3731 morietur?
1535 3676 1586 3732 nisi
1610 3679 1675 3747 quia
1699 3679 1757 3750 ipso
1784 3689 1895 3751 peccaro

260 3779 345 3825 cerat.
372 3769 480 3824 Sciebat
492 3769 564 3824 enim
576 3769 708 3838 quomodo
720 3769 837 3824 Plrinees
849 3770 984 3838 puniendo
1006 3785 1051 3826 sa-
1103 3764 1194 3817 anima
1205 3763 1323 3819 moritur
1337 3764 1516 3836 quodcunque
1530 3769 1677 3824 commisit.

260 3861 376 3929 crilegos
386 3860 534 3915 mercedem
545 3857 657 3926 justitiae
670 3865 697 3912 et
708 3859 852 3913 sacerdotii
864 3859 992 3929 perennis
1007 3873 1053 3914 ae-
1138 3856 1179 3908 to
1190 3864 1267 3926 petus
1276 3858 1338 3927 quio
1351 3874 1402 3913 ouo
1412 3875 1519 3928 possum
1534 3876 1626 3930 repere
1639 3859 1747 3916 Putrem
1761 3879 1857 3931 mem,
1871 3873 1899 3918 ct-

260 3961 369 4020 ccperat
383 3951 394 4021 (
402 3949 428 4004 N
430 3966 483 4003 um.
495 3948 572 4019 xxv).
585 3948 671 4005 Lucas
684 3957 772 4004 autem
784 3947 868 4014 addit,
882 3950 953 4019 quod
963 3949 1054 4004 Domi·
1102 3945 1230 4000 exhibebit
1242 3948 1306 3999 mibi
1327 3947 1386 4015 plus
1408 3965 1486 4018 quum
1509 3949 1644 4003 duodecim
1663 3949 1776 4019 legiones
1791 3953 1896 4022 augelu-

261 4060 314 4099 nus
333 4052 445 4114 tangens
461 4041 610 4096 auriculam
622 4040 695 4096 servi
716 4041 853 4096 sanaverit
876 4056 948 4095 eum.
976 4041 1052 4094 Nun·
1104 4034 1182 4086 sum?
1192 4032 1337 4102 (mem-l
1357 4033 1397 4088 ¹³⁰
1412 4034 1435 4088 ⁵⁵
1454 4042 1580 4104 patenter
1601 4036 1692 4090 ⁶5⁰³&
1708 4037 1766 4091 N⁰¹¹
1788 4040 1894 4111 1111111100

261 4150 344 4204 urium
359 4149 422 4204 ergo
434 4133 541 4202 pietatis
558 4148 613 4188 suae
626 4132 755 4187 Dominus
763 4131 940 4196 obliviscitur,
952 4132 1000 4200 qui
1027 4140 1055 4186 et
1104 4119 1245 4176 duodecim
1267 4120 1450 4190 ²P0S¹⁰¹0¹¹¹¹¹¹
1471 4123 1582 4188 auxilio.
1606 4124 1713 4179 etiamsi
1732 4140 1826 4183 omnes
1851 4146 1903 4186 me·

262 4226 354 4280 bostes
367 4238 431 4279 suus
444 4238 496 4278 non
510 4221 611 4290 patitur
623 4219 770 4275 vulnerari.
796 4218 835 4274 lili
847 4217 921 4288 justo
939 4227 1054 4274 mortem
1104 4210 1289 4276 defenderent,
1303 4211 1349 4280 qui
1367 4226 1475 4280 pessum
1490 4213 1590 4268 babere
1612 4214 1752 4270 duodecim
1775 4217 1895 4288 legiones

262 4316 391 4380 inierunt,
400 4316 456 4382 ipse
470 4320 674 4381 persecuturum
686 4309 797 4364 vulnera
809 4317 896 4362 sanat.
909 4307 918 4380 (
931 4306 1054 4380 leuant.)
1104 4307 1218 4376 angelici
1232 4307 1377 4362 exercitus.
1393 4306 1452 4362 Una
1463 4308 1560 4378 quippe
1571 4307 1641 4381 legio
1651 4309 1720 4380 apud
1729 4320 1837 4368 veteres
1847 4329 1893 4369 ser

262 4405 342 4460 Juxta
366 4404 518 4473 allegoriam
532 4415 596 4455 reru
605 4414 699 4455 servus
711 4407 753 4455 est
766 4398 879 4470 populus
901 4397 1055 4453 iudeorum
1104 4396 1223 4452 millibus
1236 4396 1420 4466 complebatur
1432 4397 1583 4452 homimum
1611 4398 1664 4453 Sed
1688 4414 1738 4469 pro
1763 4402 1894 4458 breuitate

263 4494 428 4564 principibus
445 4492 615 4547 sacerdotum
640 4489 760 4544 indebito
782 4488 953 4558 mancipatus
976 4489 1055 4544 obse-
1105 4490 1234 4557 temporis
1248 4506 1389 4546 numerum
1407 4507 1458 4546 non
1482 4491 1650 4547 occurrimus
1673 4492 1816 4562 explicare.
1841 4495 1895 4566 Ty-

264 4587 337 4656 quio‚
349 4586 416 4640 adeo
427 4593 559 4639 uteorum
572 4597 652 4638 suasu
663 4580 813 4636 Barabbam
829 4580 937 4643 dimitti,
961 4578 1054 4635 lesum
1105 4594 1169 4649 pum
1188 4588 1293 4635 tantum
1310 4581 1411 4636 dixisse
1425 4580 1548 4646 sufficiat,
1561 4581 1729 4652 septuaginta
1742 4582 1795 4636 duu
1808 4582 1891 4636 millia

263 4694 338 4742 reru,
354 4693 432 4748 quem
445 4676 524 4746 paulu
538 4683 601 4729 aute
621 4674 749 4729 liusanna
770 4672 942 4728 concinentes
970 4670 1054 4725 lilium
1106 4669 1275 4741 angelorum,
1295 4669 1323 4723 iu
1335 4678 1401 4739 quot
1413 4677 1507 4739 gentes
1531 4668 1622 4738 lingua
1645 4669 1783 4723 huminum
1808 4670 1892 4725 divisa

264 4770 348 4823 luivid
361 4779 503 4839 regemque
514 4764 678 4829 clamabant,
698 4770 824 4832 peterent
843 4759 975 4830 cmcilrgi.
1003 4758 1055 4827 Qui
1106 4772 1160 4829 est,
1176 4761 1359 4817 deduodecim
1384 4760 1533 4830 legionibus
1561 4759 1618 4814 beri
1631 4778 1638 4813 ι
1650 4759 1677 4814 in
1703 4776 1757 4831 quo
1781 4761 1895 4818 latenter

266 4862 293 4916 in
304 4859 408 4915 bomini
422 4857 548 4928 passione
558 4856 696 4911 dexteram
708 4851 866 4919 auriculam,
887 4851 977 4916 idest,
1002 4825 1095 4921 spi-D
1108 4855 1229 4910 innuitur
1243 4853 1314 4924 quod
1328 4866 1381 4907 nun
1392 4866 1553 4921 magnopere
1563 4851 1711 4906 curandum
1730 4851 1775 4918 sit,
1807 4866 1894 4921 neque

266 4950 372 5005 ritnlem
387 4949 455 5018 legis
470 4945 674 5016 intelligentiam
689 4943 817 5014 perdidit,
830 4942 939 4998 sinistra
951 4949 1056 4997 tantum
1108 4946 1253 5003 verendum
1267 4944 1394 5016 apostolis
1402 4945 1425 4999 si
1434 4952 1528 5000 contra
1546 4942 1714 5000 salvatorem
1729 4952 1893 5016 consurgant

266 5042 316 5096 boc
334 5049 375 5095 cst
397 5040 511 5095 utilitate
532 5038 628 5092 litterae
650 5043 793 5091 contentus
814 5052 821 5088 t
843 5048 904 5104 qnae
933 5032 1057 5089 videlieet
1107 5051 1201 5093 omnes
1215 5035 1338 5107 nationes
1352 5034 1555 5105 gentium,cum
1567 5034 1650 5089 multu
1662 5032 1787 5088 tortiores
1797 5034 1896 5089 babeat

267 5137 338 5190 nutris
356 5134 427 5189 Petri
443 5132 529 5204 gladio
545 5131 685 5194 deciditur,
712 5146 765 5186 non
785 5128 857 5199 quod
877 5128 921 5185 illc
948 5143 1055 5184 sensum
1106 5131 1164 5199 ipse
1177 5128 1313 5184 exercitus
1326 5126 1492 5196 angelorum.
1504 5124 1592 5180 Aliter
1602 5133 1691 5180 numm
1706 5124 1839 5196 significat
1851 5125 1896 5180 bic

267 5224 433 5293 intelligendi
446 5222 618 5277 audientibus
645 5220 732 5286 tollat,
756 5219 804 5275 sed
825 5219 915 5274 diuino
937 5219 1055 5274 ablatum
1092 5232 1422 5288 ,numerusumnegeuus
1436 5215 1587 5279 bominum,
1608 5229 1671 5270 cum
1697 5213 1818 5272 Romano
1842 5215 1894 5268 im·

264 5317 365 5386 judicio
377 5315 570 5385 negligentibus
589 5313 699 5382 pandat.
717 5313 816 5368 Verum
840 5309 935 5366 cadem
960 5310 1055 5365 dextra
1105 5310 1191 5381 perio,
1208 5310 1336 5364 adversus
1350 5306 1509 5362 sceleratam
1520 5315 1628 5374 gentem
1638 5302 1790 5358 ludaeorum
1807 5311 1896 5356 uerta-

267 5409 341 5462 nuris
353 5410 379 5461 iu
392 5407 434 5461 bis
450 5406 495 5474 qui
510 5419 544 5458 ex
553 5405 647 5460 endem
662 5400 761 5472 pupulo
772 5400 883 5455 credere
892 5398 1055 5462 mabrerunt,
1108 5408 1207 5454 turum.
1228 5397 1260 5453 111
1271 5406 1334 5451 sunt
1346 5395 1433 5466 angeli
1447 5394 1495 5449 Dei
1512 5394 1558 5464 qui
1572 5393 1620 5448 bei
1634 5397 1815 5448 exercuerunt
1826 5389 1896 5459 judi·

267 5500 363 5552 dirinte
374 5496 526 5565 dignatione
541 5493 648 5564 pietatis
663 5492 776 5562 pristinu
791 5498 832 5544 est
850 5490 974 5545 restituta
998 5486 1057 5542 out-
1107 5490 1191 5555 cium,
1205 5488 1311 5558 quande
1323 5494 1385 5556 post
1395 5501 1472 5540 suurn
1491 5483 1716 5541 resurrectionem
1730 5495 1801 5535 anno
1827 5494 1894 5548 gira-

266 5589 318 5642 cio.
343 5586 439 5651 Aliter,
452 5586 525 5640 auris
539 5582 713 5655 pru'lluurinu
727 5588 864 5651 amputata
878 5588 906 5635 et
917 5594 933 5634 a
943 5577 1056 5634 bomine
1107 5576 1260 5649 dragesimu
1285 5575 1403 5631 secunda
1415 5615 1423 5641 ,
1437 5581 1466 5629 ut
1477 5573 1659 5631 ecclesiastiea
1672 5578 1787 5625 testatur
1801 5567 1893 5624 Histo-

267 5683 358 5730 snuata
376 5674 510 5745 signilleat
529 5674 647 5727 auditum
671 5671 760 5726 ablata
785 5678 918 5725 vetustate
941 5684 1056 5724 renova·
1108 5669 1160 5734 ria,
1172 5684 1234 5725 cum
1247 5662 1820 5737 VespasiauuetTitoducibusitumanurum
1832 5658 1895 5714 mis·

267 5776 335 5832 turri,
349 5775 379 5820 ut
387 5767 423 5822 sit
435 5766 461 5820 in
474 5765 590 5820 novitate
601 5763 712 5833 spiritus
722 5772 750 5818 et
760 5777 812 5817 uon
824 5761 852 5815 in
863 5767 997 5816 uetustate
1014 5760 1057 5815 lit·
1104 5761 1142 5817 sis
1152 5760 1315 5815 exercitibus
1327 5759 1446 5829 gentium
1460 5771 1527 5826 quos
1541 5756 1592 5810 bue
1604 5753 1664 5808 locu
1681 5751 1790 5823 angelos
1803 5749 1894 5806 bomi-

269 5870 343 5917 terr..
358 5859 434 5927 Quod
452 5860 495 5916 cui
515 5858 664 5928 prestitum
687 5855 793 5911 luerita
808 5853 926 5917 Christo,
945 5859 1057 5921 presta·
1103 5866 1156 5907 nus
1167 5850 1251 5905 voluit
1265 5849 1416 5913 nominare,
1431 5845 1545 5918 perdidit
1559 5844 1709 5901 homicidas
1724 5841 1793 5907 illus,
1809 5849 1836 5896 et
1855 5840 1889 5894 ei·

267 5953 341 6008 bitur
350 5960 378 6006 et
392 5965 504 6022 regnare
514 5946 574 6005 cum'
584 5948 702 6003 Christo.
721 5946 796 6002 Unde
809 5947 877 6000 bene
887 5951 913 6001 et
925 5942 1054 6009 llolelrur,
1104 5941 1216 5995 ritatem
1231 5939 1339 5994 illorum
1353 5936 1501 5994 succendit.
1515 5934 1563 5990 llis
1572 5934 1662 5989 verbis
1674 5932 1782 6002 adiungi
1794 5939 1900 6002 potest.

270 6044 544 6114 grtouemineserrus
559 6039 769 6102 dirimebatur,
785 6053 830 6091 rer
849 6036 905 6092 sire
929 6043 1053 6106 repictu-
1104 6030 1175 6102 quod
1189 6029 1264 6086 illum
1290 6043 1323 6085 co
1347 6029 1407 6086 loeo
1428 6027 1544 6083 loannes
1566 6024 1664 6081 dixisse
1690 6031 1898 6090 commemoras
