4509 6850
346 680 399 735 703
660 671 691 726 Β.
710 665 836 724 ututur
855 664 964 721 usual
981 658 1141 717 Ancillae.
1163 657 1316 715 hoellus.
1334 658 1476 715 ornauit
1495 656 1585 713 ntus
1601 658 1622 712 1.
1914 648 1976 707 lut

346 791 427 862 elegit
436 788 471 843 ab
486 781 671 857 incarnatione
678 780 785 836 Domim
798 776 884 833 nostri
892 773 957 831 lesu
969 772 1070 828 Christi
1083 785 1132 824 an·
1145 772 1170 829 Α
1184 783 1290 839 semper
1311 768 1428 837 adjicere
1447 776 1594 833 memento,
1614 770 1678 838 quia
1700 783 1749 839 per
1768 766 1887 823 circulos
1900 766 1978 821 indi·

347 892 443 935 norum
457 884 577 944 tempora
591 878 758 942 praenotare3
773 873 906 935 quatenus
921 859 1062 917 exordium
1075 855 1133 927 spei
1182 860 1299 915 ctioncm
1313 861 1422 929 queris,
1438 869 1466 915 ct
1488 860 1529 915 sic
1549 875 1635 915 anuos
1649 858 1757 914 Domini
1780 858 1839 914 siue
1862 857 1917 915 ullo
1934 873 1981 913 er·

347 965 552 1025 austronotius
570 962 648 1017 nobis
659 960 796 1022 existeret,
817 964 844 1009 ει
856 967 938 1009 causa
954 947 1133 1019 reparationis
1185 964 1247 1006 rore
1262 952 1391 1034 reperies.

342 1057 481 1120 horitanae,
501 1054 591 1117 idest,
608 1051 698 1122 passio
717 1045 896 1117 redemptoris
911 1041 1005 1103 nostri,
1021 1040 1132 1095 eviden-

348 1147 400 1202 tius
412 1146 539 1200 eluceret.
555 1143 605 1211 Qui
621 1142 647 1195 in
663 1140 751 1211 primo
769 1151 818 1192 suo
832 1134 933 1189 circulo
946 1128 1131 1202 quingentesi·
1325 1132 1393 1200 Quot
1408 1133 1459 1187 sint
1473 1135 1535 1186 unni
1551 1133 1699 1203 opossione
1712 1132 1829 1187 Domini,

347 1254 421 1293 mum
432 1236 598 1292 tricesimum
613 1230 759 1288 secundum
779 1226 927 1282 Dominicae
939 1220 1133 1277 incarnationis
1218 1223 1381 1291 Drsc.(luot
1405 1230 1468 1278 sunt
1488 1224 1551 1277 anni
1576 1238 1592 1276 a
1608 1223 1732 1293 passione
1751 1222 1880 1278 Domini?
1900 1222 1976 1278 llus.

348 1344 448 1384 annum
458 1328 485 1381 in
498 1326 586 1396 capite
596 1323 720 1393 ponendo
732 1317 873 1374 manifeste
885 1316 975 1371 docuit
985 1310 1131 1368 secundum
1184 1315 1351 1388 Septingenti
1362 1316 1516 1387 octuaginta
1527 1325 1640 1385 septem.
1652 1315 1738 1371 Habet
1749 1318 1832 1382 enim,
1844 1316 1873 1371 ni
1884 1315 1977 1383 iallor,

348 1419 389 1476 sui
403 1416 497 1473 circuli
511 1431 609 1470 annum
623 1415 710 1483 ipsunt
721 1426 781 1467 csse
794 1424 847 1479 quo
859 1407 980 1478 ejusdem
992 1419 1134 1459 saerosan-
1184 1408 1311 1464 Eoelesiae
1332 1406 1399 1461 fides
1421 1407 1565 1462 Dominum
1585 1407 1612 1461 in
1626 1421 1709 1463 came
1722 1408 1801 1477 paulo
1816 1408 1878 1478 plu,
1891 1423 1978 1479 quam

348 1517 399 1564 ctae
414 1506 606 1562 incarnationis
616 1504 772 1575 mysterium
783 1501 875 1570 coepit.
887 1499 961 1554 Drsc.
973 1497 1059 1568 lpsius
1069 1510 1134 1564 ergo
1185 1499 1295 1567 triginta
1307 1506 1364 1552 tres
1378 1512 1463 1552 annos
1478 1512 1565 1566 usqne
1583 1497 1617 1552 ad
1634 1512 1689 1554 suae
1703 1506 1823 1569 tempora
1838 1497 1980 1567 passionis

350 1600 477 1656 curriculi
494 1614 554 1670 quae
567 1598 616 1653 luit
630 1612 711 1653 causa
723 1594 916 1666 componendi?
931 1591 1001 1648 llio.
1020 1590 1134 1661 Propter
1185 1588 1284 1644 uixisse
1298 1605 1303 1640 :
1317 1587 1379 1655 quia
1393 1585 1520 1661 videlicet
1539 1587 1649 1658 triginta
1673 1603 1806 1644 annorum
1824 1587 1909 1644 luerit
1928 1589 1980 1645 ba·

349 1688 414 1745 solis
426 1688 548 1757 lunaque
562 1686 778 1742 conventionem.
798 1683 865 1752 Quia
878 1682 951 1737 enim
963 1681 1067 1736 lunaris
1080 1682 1134 1736 cir·
1184 1677 1311 1748 plicatus,
1333 1676 1403 1731 sicut
1424 1676 1590 1747 evangelista
1613 1676 1701 1733 Lucas
1720 1685 1845 1744 testatur,
1869 1686 1897 1734 et
1920 1688 1979 1734 tres

348 1777 425 1835 culus
443 1777 684 1833 decennovennalis
696 1784 746 1840 est,
769 1774 865 1830 solaris
885 1783 976 1828 autem
995 1773 1089 1841 viginti
1107 1779 1135 1826 et
1185 1768 1268 1823 semis
1280 1780 1366 1821 annos
1382 1773 1443 1834 post
1456 1766 1589 1835 baptisma
1604 1767 1807 1836 praedicaverit,
1827 1768 1900 1823 sicut
1922 1783 1978 1823 nnn

348 1877 411 1923 octo
423 1866 565 1922 conficitur
587 1868 675 1930 antris,
698 1864 894 1936 multiplicatis,
905 1878 955 1934 per
971 1876 1000 1918 se
1018 1864 1133 1918 invicem
1185 1859 1271 1916 solum
1293 1860 1320 1913 in
1342 1858 1489 1930 Evangelio
1505 1874 1556 1914 suo
1567 1858 1685 1915 loannes
1704 1869 1918 1918 commemorato
1933 1879 1978 1918 re-

349 1959 489 2024 ambobus,
503 1973 607 2013 summa
623 1958 831 2027 quingentomm
849 1956 901 2026 trig
913 1962 957 2010 nta
972 1963 999 2009 ct
1019 1954 1134 2009 duomm
1186 1948 1293 2004 deuotis
1306 1946 1417 2003 Paschae
1434 1956 1568 2018 ternpore,
1589 1952 1677 2005 sedet
1692 1952 1720 2005 in
1738 1950 1899 2023 Apocalypsi
1915 1968 1977 2018 sua,

349 2050 485 2121 colligitur
498 2064 640 2104 annorum.
655 2048 713 2114 Qua
728 2047 835 2102 tandem
850 2046 987 2118 replicata,
1002 2055 1075 2100 totam
1087 2060 1132 2100 so-
1186 2036 1278 2092 Dauiel
1302 2051 1411 2107 qnoque
1435 2037 1462 2091 in
1488 2038 1545 2093 suis
1565 2039 1716 2095 visionibus
1733 2042 1892 2111 prophetice
1907 2043 1980 2099 desi-

349 2139 414 2195 laris
424 2138 577 2208 lunarisque
589 2155 714 2194 recursus
727 2139 793 2194 ordo
808 2139 834 2193 in
847 2155 876 2194 se
889 2154 936 2193 sua
956 2153 1004 2207 per
1021 2137 1135 2209 vestigia
1150 2136 1174 2195 B
1188 2136 1262 2197 8⁰³²·
1279 2125 1413 2193 Q¹¹⁰¹¹i²¹¹¹
1423 2127 1516 2199 igilur,
1529 2136 1559 2184 ¹¹²
1571 2144 1652 2201 supra
1667 2132 1887 2199 memmimus,
1898 2135 1979 2204 quin-

350 2229 507 2296 rcvolvitur,
519 2230 642 2285 cumdem
656 2228 898 2285 decennovennalis
912 2229 1069 2298 lunarisque
1086 2244 1133 2298 cy·
1185 2218 1275 2289 εθῐιῑῑθ
1298 2218 1406 2290 llitlissla
1420 2219 1526 2275 duobus
1547 2221 1625 2277 annis
1637 2222 1912 2308 circnlnspaschalu
1925 2227 1982 2282 εἰε-

349 2321 384 2388 cli
400 2337 511 2387 annum,
524 2321 632 2376 casdem
648 2327 758 2389 epactas
769 2319 849 2385 lunae,
873 2319 937 2375 solis
950 2333 1057 2390 quoque
1077 2317 1135 2373 dies
1185 2309 1347 2379 cumassiltlb
1361 2308 1481 2365 blitilde
1501 2310 1610 2382 “illuit
1624 2320 1688 2379 ileu
1703 2314 1746 2371 vel
1761 2315 1851 2387 potius
1865 2317 1979 2391 triginta

349 2419 551 2476 olncurrentes,
575 2410 697 2464 eamdem
720 2417 845 2480 quartam
872 2410 1004 2465 decimam
1032 2410 1133 2473 lunam,
1184 2412 1310 2476 quatuor,
1323 2412 1355 2459 ut
1368 2404 1442 2460 illum
1459 2405 1546 2476 ipsum
1561 2423 1615 2478 quo
1629 2423 1724 2478 passus
1733 2418 1776 2466 εει
1792 2410 1925 2469 Dumium
1939 2426 1980 2470 at·

274 2488 280 2503 ’
348 2500 471 2555 eumdem
483 2500 614 2555 Dominici
629 2500 736 2570 paschae
749 2500 832 2565 diem,
856 2500 990 2555 aclunam
1005 2500 1087 2571 ipsius
1101 2514 1135 2554 ex
1184 2496 1289 2566 tingere
1302 2498 1389 2567 possis
1403 2496 1593 2563 annum,llunt
1607 2499 1745 2570 quingenti
1761 2502 1905 2574 sexaginta
1918 2519 1977 2560 sex.

348 2591 442 2647 ordine
458 2590 611 2645 restituens.
631 2589 707 2657 Quod
722 2606 786 2661 ergo
810 2595 928 2646 secundo
942 2605 1013 2646 anno
1028 2590 1133 2656 circuli,
1184 2589 1243 2661 lpse
1259 2596 1301 2645 est
1320 2604 1385 2660 ergo
1400 2605 1487 2645 annus
1499 2589 1644 2647 Dominice
1658 2592 1791 2662 passionis
1805 2603 1835 2649 ει
1853 2608 1980 2651 resurre-

347 2698 427 2754 quem
438 2683 701 2753 primumDionysius
713 2682 833 2751 scripsit,
841 2681 1073 2753 quingentesimus
1085 2683 1136 2738 tri·
1185 2682 1306 2739 ctionisa
1320 2682 1444 2738 mortuis.
1459 2682 1527 2751 Quia
1544 2684 1615 2738 sicut
1627 2683 1858 2755 quingentesimus
1870 2684 1980 2741 tricesi-

348 2775 466 2830 cesimus
487 2774 582 2829 tertius
601 2775 635 2829 ab
652 2775 839 2829 incarnatione
858 2774 963 2829 Domini
986 2774 1135 2844 completus
1185 2790 1246 2830 mus
1258 2777 1354 2831 tertius
1374 2775 1471 2846 primo,
1488 2776 1525 2830 ita
1539 2775 1771 2848 quingentesimus
1788 2778 1979 2849 sexagesimos

1451 1041 1579 1098 CAPUT
1597 1041 1689 1097 utili.

348 2871 391 2920 est
402 2878 499 2929 annus,
520 2863 605 2919 scrics
617 2879 748 2919 annorum
761 2861 868 2919 Domini
891 2861 1058 2919 manifestat.
1076 2863 1136 2934 lpse
1185 2874 1278 2922 sextus
1291 2865 1429 2922 tricesimo
1444 2874 1543 2936 quarto
1555 2881 1604 2938 per
1617 2868 1759 2925 universos
1777 2868 1843 2925 solis
1857 2875 1884 2924 et
1906 2868 1979 2924 luna

348 2964 389 3011 εει
404 2956 540 3022 nimirum,
558 2954 634 3023 juxta
653 2969 801 3010 concursus
825 2953 955 3020 siderum,
980 2954 1025 3010 ille
1038 2955 1067 3009 in
1080 2970 1135 3025 quo
1185 2957 1332 3013 concordat
1349 2955 1497 3012 discursus.

349 3048 456 3105 carnari
466 3047 591 3118 dignatus
603 3055 654 3102 est.
663 3047 730 3115 Quia
739 3046 924 3103 hicsecundus
933 3060 1022 3102 annus
1034 3046 1133 3101 decen·

267 3206 272 3209 ,
348 3142 451 3199 novalis
462 3151 575 3199 octavus
588 3143 708 3199 decimus
724 3151 766 3199 est
786 3142 855 3214 cycli
876 3142 991 3209 lunaris,
1009 3141 1134 3197 undecim

348 3232 452 3288 habens
476 3241 596 3302 epactas,
615 3233 734 3304 quinque
759 3242 952 3290 concurrentes
978 3234 1135 3304 septimanae

348 3323 416 3388 dies,
434 3324 523 3378 lunam
536 3331 660 3394 quartam
673 3325 815 3391 decimam,
830 3341 879 3381 vur
896 3324 1008 3381 Kalend.
1022 3324 1133 3396 Aprilis.

1466 3051 1580 3110 CAPUT
1597 3051 1679 3110 thlv

1280 3142 1431 3216 ¹llhipossio
1444 3143 1550 3198 Domini
1563 3145 1677 3215 puniam
1691 3143 1875 3201 celeirotssit.

1222 3234 1295 3289 Drsc.
1315 3232 1477 3300 Quomcnse
1491 3240 1583 3304 etqua
1598 3233 1642 3289 die
1665 3233 1767 3289 mensis
1778 3234 1901 3291 creditur
1914 3249 1979 3290 cm·

1186 3322 1292 3388 ciariis,
1314 3332 1342 3378 et
1363 3323 1409 3378 nbi
1431 3321 1596 3378 resurrectio
1617 3323 1676 3394 ejus
1697 3324 1815 3395 primum
1837 3323 1978 3381 celebrata

348 3411 443 3470 Omnia
460 3421 524 3470 tuuc
545 3413 620 3471 luere
638 3415 783 3472 simillima.
807 3416 841 3472 Et
860 3418 883 3474 si
905 3423 979 3473 esset
998 3418 1044 3488 qui
1070 3427 1134 3474 tnnc
1187 3417 1247 3474 esti
1263 3416 1331 3474 blau
1348 3414 1405 3473 lloc
1419 3423 1507 3472 autem
1527 3414 1634 3472 diverse
1648 3431 1663 3470 a
1676 3414 1801 3473 Patribus
1819 3416 1979 3473 nuntiatum

348 3505 452 3561 Pascha
462 3520 537 3561 more
554 3522 625 3562 nuuc
636 3506 764 3563 Ecclesiis
775 3508 874 3563 usitato
887 3509 930 3564 die
939 3508 1081 3565 Dorninico
1097 3509 1135 3563 la·
1150 3480 1172 3544 c
1187 3508 1319 3564 esctun
1333 3507 1404 3577 quod
1417 3515 1513 3563 octavo
1524 3506 1706 3561 Kalendarum
1720 3504 1852 3577 Aprilium
1865 3506 1913 3562 die
1931 3521 1978 3561 re·

349 3604 433 3660 oeret,
449 3595 506 3664 ipsa
519 3597 645 3652 nimirum
657 3597 724 3663 dies,
742 3600 877 3668 quomodo
892 3600 936 3655 hic
950 3609 1071 3656 notatum
1082 3608 1133 3666 cst,

349 3692 426 3739 sexto
441 3682 500 3739 llal.
516 3684 615 3756 Aprilis
632 3688 747 3751 veniret,
762 3702 795 3742 ac
811 3688 903 3743 lunam
923 3689 1038 3745 haberet
1054 3705 1136 3760 quar-

352 3783 406 3830 tam
429 3775 572 3830 decimam.
590 3776 710 3847 Denique
725 3778 868 3850 Dionysius
881 3775 949 3851 ipse
971 3782 1050 3838 nobis
1065 3798 1135 3853 quo-

350 3866 412 3919 dam
438 3866 518 3922 modo
532 3867 612 3923 tacite
626 3884 686 3938 quae
702 3869 817 3925 dicimus
832 3871 858 3925 in
881 3871 1053 3941 paschalibus
1075 3889 1136 3944 quae

348 3955 457 4025 scripsit
484 3958 649 4025 argumentis
668 3958 800 4025 ostendit;
819 3960 865 4015 ubi
891 3962 924 4016 ad
946 3962 1137 4018 inveniendum

352 4055 451 4116 quotus
471 4047 506 4102 sit
529 4062 616 4104 annus
635 4048 730 4104 circuli
753 4050 1007 4119 decennovennalis,
1029 4066 1137 4110 sumere

348 4152 434 4193 annos
444 4138 560 4203 Domini,
574 4146 602 4193 ct
614 4140 768 4209 priusquam
780 4140 887 4211 hesper
898 4142 991 4197 decem
1000 4150 1029 4197 et
1038 4157 1136 4201 noveru

347 4229 510 4296 partiamur,
521 4245 602 4283 unrrm
623 4231 751 4301 precepit
772 4230 900 4299 adjicere,
919 4233 1076 4304 significans
1090 4234 1136 4290 illo

348 4318 488 4374 irrcarnato
503 4334 584 4374 unum
599 4319 693 4375 circuli
714 4321 955 4379 decennovennalis
968 4339 1067 4380 annum
1078 4324 1136 4395 jam

1185 3598 1312 3663 surrexit,
1334 3598 1481 3653 multorum
1503 3597 1556 3652 late
1571 3597 1712 3652 doetomm
1728 3595 1979 3653 ecclesiasticorum

1185 3698 1291 3747 constat
1315 3689 1449 3745 sententia
1470 3688 1619 3761 vulgatum,
1633 3697 1663 3743 ut
1679 3689 1774 3745 beatm
1793 3687 1978 3760 Hieronymus

1186 3783 1214 3838 in
1234 3780 1424 3852 hlartyrologio
1444 3787 1560 3836 testatur
1578 3780 1670 3836 dicens
1682 3799 1689 3835 :
1703 3798 1713 3832 i
1726 3794 1775 3835 viu
1791 3777 1850 3834 llal.
1874 3778 1980 3849 Aprilis

1186 3870 1369 3943 Hierosolyma
1390 3869 1519 3926 Dominus
1541 3869 1687 3925 crucifixus
1705 3877 1784 3925 ests
1808 3869 1844 3924 lit
1867 3884 1896 3924 vr
1916 3868 1978 3924 llal.

1185 3960 1309 4033 Aprilis:
1332 3958 1546 4031 «Hierosolyma
1569 3959 1732 4015 resurrectio
1756 3959 1865 4016 Domini
1888 3961 1978 4015 nostri

1185 4050 1249 4108 lesu
1269 4050 1369 4107 Christi
1390 4047 1525 4106 celebrata
1545 4056 1597 4106 est.
1616 4048 1807 4119 »Augustinus
1824 4062 1935 4119 quoque
1952 4049 1979 4104 in

1186 4145 1255 4202 libro
1269 4145 1302 4200 de
1320 4153 1414 4200 sancta
1427 4141 1562 4198 Trinitate
1575 4150 1673 4212 quarto
1684 4142 1723 4197 ita
1745 4141 1830 4197 dicit:
1847 4159 1857 4193 r
1872 4139 1980 4198 Octavo

1186 4237 1259 4292 enim
1279 4233 1338 4290 llal.
1355 4233 1457 4304 Aprilis
1472 4243 1617 4303 conceptus
1639 4231 1768 4299 creditur,
1791 4244 1847 4302 quo
1868 4239 1899 4287 et
1914 4246 1979 4302 pas-

1188 4341 1244 4382 sus.
1259 4324 1298 4379 lta
1312 4331 1486 4380 monumento
1499 4338 1569 4378 novo
1581 4336 1635 4393 quo
1654 4321 1774 4393 sepultus
1788 4328 1839 4386 est,
1856 4320 1907 4376 ubi
1921 4321 1982 4376 nul-

349 4408 431 4464 iuisse
449 4410 621 4481 completum.
636 4411 707 4467 Drsc.
721 4411 790 4480 Quot
800 4421 864 4469 sunt
877 4415 941 4470 anni
955 4415 997 4487 ‘ab
1009 4417 1135 4472 incarna-

348 4501 422 4555 tione
435 4500 540 4557 Domini
561 4502 588 4557 in
611 4504 736 4574 praesenti
755 4505 884 4560 edissere.
904 4506 974 4563 Mac.
988 4507 1136 4582 Octinginti

350 4593 453 4663 viginti.

1186 4418 1229 4475 lus
1250 4426 1310 4473 erat
1326 4418 1431 4488 positus
1452 4423 1632 4481 mortuorum,
1648 4429 1698 4471 nec
1719 4421 1783 4471 ante
1802 4427 1853 4470 nec
1869 4420 1979 4484 postea,

1187 4510 1311 4580 congruit
1328 4517 1423 4566 uterus
1443 4508 1567 4580 virginis,
1591 4506 1638 4562 ubi
1656 4505 1745 4562 nullus
1767 4504 1920 4561 seminatus
1934 4512 1978 4560 est

1187 4599 1381 4657 mortalium.»
1410 4600 1447 4653 At
1469 4606 1563 4654 contra
1591 4595 1755 4667 Theophilus
1778 4594 1979 4663 Caesameums,

635 4685 749 4744 CAPUT
767 4687 845 4744 Lllll.
1187 4691 1312 4763 antiquus
1329 4689 1454 4746 videlicet
1475 4683 1633 4759 vicinusque
1651 4686 1860 4757 apostolicorum
1877 4695 1982 4746 temno·

414 4778 599 4848 Argumentum
611 4778 646 4831 nd
662 4779 843 4834 inveniendum
855 4797 938 4836 aanor
947 4780 1065 4836 Domini.
1187 4798 1248 4839 rum
1261 4783 1366 4848 doctor,
1379 4782 1405 4836 in
1423 4780 1535 4852 epistola
1549 4779 1677 4851 synodica
1694 4792 1775 4850 qnam
1788 4775 1922 4833 adsersus
1932 4792 1983 4834 eos

384 4868 455 4922 Drsc.
476 4866 563 4921 Proba
581 4883 646 4937 ergo
660 4878 819 4938 argumento
832 4870 904 4941 quod
919 4871 997 4927 dicis.
1016 4869 1087 4928 Alae.
1103 4869 1134 4927 Si
1146 4836 1173 4897 D
1185 4873 1230 4944 qui
1246 4880 1343 4943 quarta
1355 4870 1460 4926 decima
1478 4869 1541 4924 luna
1555 4884 1616 4924 cum
1628 4867 1727 4924 arideus
1738 4866 1841 4923 Pascha
1854 4867 1983 4924 celebra-

348 4956 389 5012 vis
399 4957 469 5011 scire
498 4965 564 5026 quot
586 4966 649 5011 sunt
666 4960 729 5012 anni
749 4960 783 5014 ab
806 4961 992 5015 incarnatione
1017 4961 1133 5027 Domini,
1185 4963 1260 5028 bant,
1281 4976 1410 5018 unacum
1425 4960 1530 5016 caeteris
1544 4959 1692 5016 Palaestinae
1703 4958 1836 5029 episcopis
1853 4958 1981 5030 scripsit,

348 5062 437 5118 quaere
448 5063 495 5116 per
510 5049 625 5103 circulos
636 5049 821 5119 indictionem,
836 5052 882 5122 qui
898 5061 957 5109 nost
971 5053 1136 5109 incarnatio-
1186 5056 1222 5111 ita
1235 5055 1318 5110 dicit:
1333 5071 1343 5105 r
1357 5053 1392 5108 Et
1406 5052 1518 5122 impium
1540 5066 1594 5107 non
1607 5057 1651 5106 εει
1673 5057 1703 5105 ut
1720 5049 1812 5119 passio
1829 5048 1980 5104 Dominica

348 5153 410 5194 netu
424 5137 483 5207 ejus
498 5139 623 5209 complcti
639 5148 710 5194 sunt.
724 5139 855 5212 Computa
874 5157 939 5212 ergo
957 5143 1134 5216 quinquagies
1185 5153 1291 5201 tantmn
1304 5143 1465 5200 sacramenti
1488 5142 1647 5214 mysterium
1656 5139 1732 5209 toras
1748 5140 1863 5196 limitem
1880 5141 1981 5197 exelu-

347 5240 376 5286 et
394 5239 435 5305 ter
446 5230 612 5300 quindecim,
632 5229 700 5285 irum
714 5243 829 5288 nccxcrr.
849 5234 924 5289 Adde
937 5234 1078 5292 duodecim
1091 5251 1135 5292 re·
1185 5236 1274 5292 datur.
1293 5234 1393 5291 Passus
1414 5248 1532 5304 namque
1553 5233 1683 5289 Dominus
1697 5233 1730 5287 ab
1752 5230 1899 5289 undecimo
1916 5230 1980 5287 ilat.

347 5319 464 5391 gulares,
485 5319 548 5390 quia
566 5321 672 5390 quando
691 5321 841 5378 incarnatio
862 5323 970 5380 Domini
991 5324 1063 5380 iacta
1080 5332 1131 5391 est,
1187 5324 1296 5396 Aprilis,
1311 5340 1364 5395 qua
1378 5332 1456 5380 nocte
1470 5322 1570 5380 ludaeis
1582 5331 1624 5379 est
1642 5323 1769 5390 traditus,
1783 5330 1814 5380 et
1828 5321 1864 5378 ab
1877 5332 1983 5379 octavo

348 5410 488 5467 duodecim
503 5410 567 5465 anni
590 5410 623 5467 de
644 5409 690 5465 illo
711 5411 814 5467 circulo
831 5412 1010 5469 indictionum
1035 5414 1063 5469 in
1080 5429 1135 5484 quo
1188 5415 1247 5470 lial.
1258 5415 1358 5485 Aprilis
1369 5415 1526 5470 resurrexit.
1542 5411 1683 5480 Quomodo
1693 5422 1750 5470 tres
1764 5413 1821 5469 dies
1833 5411 1909 5469 toras
1920 5421 1982 5469 ter·

348 5501 477 5556 Dominus
493 5509 620 5556 carnatus
634 5508 677 5555 est
693 5511 890 5558 remanserunt.
910 5502 1055 5558 Duodecim
1069 5519 1135 5575 ergo
1187 5505 1291 5561 minum
1313 5504 1529 5561 excludenturiv
1550 5503 1787 5575 constitutumque
1809 5511 1850 5558 est
1875 5505 1905 5559 in
1932 5503 1980 5560 illa

348 5591 446 5647 additis
458 5591 493 5646 ad
512 5592 670 5661 praedictum
694 5607 846 5658 nnmerum,
873 5591 942 5649 dunt
965 5593 1091 5665 nongenti
1107 5602 1136 5649 et
1188 5599 1290 5670 synodo
1305 5605 1336 5651 ut
1347 5596 1381 5651 ab
1393 5595 1536 5652 undecimo
1548 5595 1607 5651 llal.
1623 5594 1709 5667 April.
1725 5596 1848 5666 usquein
1865 5598 1981 5655 onmi-

348 5690 462 5753 septem.
484 5681 525 5736 Ad
545 5682 721 5738 indictionem
746 5696 935 5753 quamcunque
958 5681 1085 5750 volueris,
1105 5693 1137 5740 ut
1188 5705 1262 5745 mum
1276 5687 1334 5744 llal.
1349 5687 1410 5742 ilaii
1423 5687 1526 5744 Pascha
1541 5687 1637 5744 debeat
1655 5688 1806 5745 observari.
1826 5686 1863 5743 lit
1884 5689 1914 5744 in
1931 5703 1981 5745 eo·

347 5785 411 5846 puta
428 5778 569 5846 presentis
588 5777 651 5833 anni
673 5779 780 5833 tertiam
798 5778 932 5833 decimam
949 5778 1133 5845 indictionem,
1188 5784 1248 5839 dem
1261 5782 1331 5838 libro
1341 5781 1465 5851 superius
1478 5780 1608 5850 scripturn
1627 5790 1686 5837 est:
1703 5800 1712 5834 r
1729 5781 1799 5837 liam
1812 5779 1897 5847 Galli,
1909 5794 1982 5853 qna·

349 5870 416 5925 liunt
426 5884 537 5925 nescu.
551 5869 653 5924 lsteest
665 5884 793 5924 numerus
802 5883 936 5924 annorum
947 5870 1052 5925 Domini
1064 5885 1135 5925 anno
1188 5891 1294 5947 cunque
1305 5875 1348 5930 die
1360 5883 1457 5931 octavo
1470 5873 1531 5930 llal.
1555 5873 1656 5946 Aprilis
1671 5873 1767 5932 luisset
1778 5872 1982 5946 qnandocbri·

349 5962 485 6030 prasenti.
497 5961 563 6016 Cum
574 5969 664 6015 antem
675 5962 708 6017 ad
720 5960 913 6031 plenitudinem
924 5961 1028 6026 circuli,
1042 5963 1133 6028 idest,
1188 5969 1223 6023 sti
1234 5967 1398 6022 resurrectio
1412 5964 1495 6022 luisse
1508 5966 1675 6032 tradebatur,
1689 5966 1791 6023 Pascha
1808 5981 1920 6039 semper
1932 5979 1983 6024 ee·

350 6051 384 6106 ad
397 6052 517 6120 quintam
531 6053 663 6111 decimam
675 6053 856 6120 indictionem,
871 6056 1038 6128 perveneris,
1051 6072 1134 6114 unum
1189 6057 1336 6114 lebrabunt.
1354 6075 1362 6107 r
1380 6056 1413 6112 lit
1429 6055 1490 6114 ideo
1505 6055 1614 6114 circulis
1632 6055 1704 6112 beati
1720 6054 1840 6128 Dionysii
1859 6057 1983 6129 apertis,
