4509 6850
315 773 351 831 ὦ
648 761 651 767 “
881 768 927 822 AB
945 763 1059 822 OPEM
1078 763 1107 818 B.
1126 763 1254 820 ulutut
1272 761 1381 819 ueluti
1911 762 1945 819 sq

317 888 364 946 sed
380 864 631 959 linguaru‘discere
652 880 774 937 Graecam
788 886 870 949 atque
886 878 994 943 docere,
1008 890 1102 932 ncces-
1116 878 1140 938 Α
1155 872 1232 929 duxit
1250 871 1460 938 sanctissimam,
1484 878 1512 925 et
1526 868 1658 925 universis
1672 867 1798 925 Ecclesin
1814 868 1881 925 tiliis
1895 871 1944 925 do-

318 977 421 1033 sarium
448 973 506 1031 iore
536 971 676 1042 discipulis
695 970 792 1026 divinae
816 968 1009 1039 speculationis
1033 966 1105 1021 arbi·
1155 962 1549 1020 ctrinameiluditsalutarom!
1566 960 1640 1029 iure,
1654 963 1775 1033 inquam,
1788 962 1874 1018 vivaci
1889 977 1946 1020 nte·

317 1066 391 1131 trati,
404 1065 486 1119 etiam
508 1060 648 1116 hebraicae
664 1058 869 1127 Ghaldaiueque
892 1057 1015 1112 notitiam
1041 1070 1103 1110 cum
1154 1056 1240 1111 moria
1253 1054 1482 1112 commendandus
1497 1064 1538 1111 est
1564 1056 1695 1121 mnaaium,
1721 1054 1766 1125 qui
1789 1069 1843 1110 non
1857 1054 1945 1110 solum

317 1154 410 1207 labore
433 1150 544 1208 inerunt
557 1150 683 1206 assecuti.
695 1148 813 1204 Sanctus
834 1161 952 1219 namque
965 1144 1100 1208 Rabauus,
1154 1144 1278 1215 exemplo
1303 1152 1369 1199 tunc
1392 1143 1571 1213 presentibus
1597 1153 1704 1198 aeternae
1727 1143 1856 1214 pabulum
1882 1143 1946 1199 vite

315 1244 403 1299 Albini
434 1242 526 1297 Rome
556 1241 682 1304 auditor,
711 1238 890 1309 Theophilum
915 1250 929 1279 α
958 1235 1103 1306 quemdam
1154 1238 1276 1307 praebuit,
1289 1236 1423 1291 sedetiam
1433 1236 1585 1306 posteritati
1597 1236 1652 1290 suis
1663 1236 1773 1306 seriptis
1784 1236 1947 1295 documenta

316 1335 461 1406 Ephesium
484 1333 579 1389 habuit
600 1340 803 1403 praeceptorem,
819 1347 834 1385 a
848 1344 900 1399 quo
922 1326 1025 1400 Pelasgi
1043 1342 1102 1383 ser·
1155 1326 1282 1382 salutaria
1298 1326 1416 1396 reliquit.
1430 1326 1500 1379 vore
1512 1325 1607 1395 dignus
1619 1333 1670 1389 ost,
1693 1325 1770 1396 carius
1785 1328 1811 1381 in
1834 1328 1948 1386 benedi-

316 1425 404 1482 roonis
416 1425 620 1497 intelligentiam
629 1422 807 1494 apprehendit
820 1420 1007 1487 sufficientem,
1021 1436 1102 1491 quarn
1155 1416 1291 1472 ctionibus
1305 1417 1463 1471 memoriam
1475 1416 1593 1472 celebret
1611 1416 1699 1471 omnis
1712 1431 1760 1486 per
1770 1415 1946 1476 Germaniam

316 1531 441 1573 reversus
463 1516 489 1569 in
509 1516 626 1586 patriam
645 1512 701 1569 suis
717 1526 824 1584 quoque
847 1512 985 1583 discipulis
1004 1513 1104 1583 absque
1155 1506 1309 1577 posteritas,
1325 1521 1467 1576 perquem
1488 1506 1565 1560 nobis
1579 1512 1653 1559 tanta
1667 1506 1766 1561 mentis
1780 1516 1807 1562 ct
1823 1511 1947 1580 corporis

316 1603 417 1667 invidia
431 1607 650 1663 communicarit,
668 1604 812 1659 &inisero
827 1618 887 1659 cnm
903 1612 977 1659 essee
990 1603 1032 1657 vir
1045 1618 1104 1659 om·
1153 1596 1279 1668 provenit
1296 1597 1410 1652 utilitas.
1426 1596 1520 1651 Fidem
1531 1594 1632 1651 Christi
1647 1596 1825 1652 orthodoxam
1839 1614 1946 1654 sutatma

315 1698 389 1751 oium
402 1711 455 1756 non
470 1696 556 1751 solum
571 1694 796 1760 studiosissimus,
811 1693 949 1749 sedetiam
969 1692 1028 1747 sinc
1038 1706 1103 1748 con·
1155 1700 1217 1740 cum
1231 1686 1373 1742 alacritate
1391 1701 1497 1756 semper
1511 1685 1612 1749 docuit,
1627 1700 1733 1740 sacram
1745 1688 1858 1741 enodem
1874 1688 1948 1743 Scri-

317 1785 480 1842 tradictione
501 1783 660 1854 cujusquam
690 1782 875 1847 doctissimus,
900 1782 1002 1851 optime
1024 1781 1104 1836 intel·
1153 1783 1262 1844 plurem
1276 1776 1346 1845 apud
1360 1776 1509 1831 Germanos
1521 1778 1625 1847 primus
1642 1779 1769 1846 reddidit,
1784 1782 1867 1836 uitam
1883 1798 1947 1853 apo

315 1875 385 1930 ierit
408 1875 544 1930 neminem
565 1873 636 1943 apud
648 1872 759 1928 Latinos
780 1872 914 1928 rerncitcr
930 1872 1067 1927 eruditum
1075 1880 1107 1926 et
1154 1868 1759 1949 stolieamduoensperniciososhurcticorum
1771 1887 1949 1929 errorescon·

316 1965 343 2019 iat
358 1964 444 2020 saeris
458 1963 556 2019 haeris
577 1969 793 2021 consummatum
815 1976 894 2032 posse
908 1961 1032 2031 reperiri,
1057 1963 1103 2031 qui
1155 1959 1322 2013 stantissima
1344 1960 1448 2014 ratione
1462 1958 1621 2015 confutavit.
1636 1959 1768 2033 lienique,
1783 1964 1890 2019 sicutiu
1903 1979 1949 2020 su·

317 2054 441 2110 notitiam
452 2052 557 2109 Graecae
575 2053 673 2123 linguae
688 2067 740 2108 uon
753 2051 835 2107 luerit
860 2059 1010 2107 assecutus.
1021 2049 1103 2119 Quod
1154 2047 1308 2119 purioribus
1330 2058 1372 2105 est
1395 2050 1507 2115 dietum,
1522 2052 1627 2122 primus
1644 2052 1765 2107 omnium
1781 2056 1851 2124 apud
1876 2054 1947 2112 Ger·

315 2146 490 2203 eooondrmo
505 2145 641 2209 fidentius,
659 2159 723 2214 quo,
738 2152 797 2199 arte
814 2143 990 2214 impressoria
1013 2142 1104 2199 multi·
1156 2155 1251 2195 manos
1274 2140 1409 2210 publicam
1437 2143 1629 2198 monachorum
1657 2144 1777 2199 scholam
1800 2148 1896 2213 tenuit,
1920 2149 1947 2206 in

316 2240 423 2309 plicatis
436 2239 516 2295 hodie
526 2237 628 2293 Graecis
644 2236 835 2302 voluminibus,
845 2244 872 2291 ct
887 2237 945 2306 ipsc
963 2235 1013 2291 sub
1025 2218 1142 2291 bonts‘B
1155 2251 1208 2307 qua
1225 2252 1278 2292 uon
1292 2236 1378 2292 solum
1391 2237 1549 2293 claustrales
1564 2278 1572 2304 ,
1587 2237 1635 2293 sed
1658 2238 1750 2307 plures
1769 2240 1850 2295 etiaru
1864 2257 1949 2298 secu-

317 2330 529 2401 praeoeptoribus
547 2328 812 2400 quantulamcunque
839 2329 951 2399 hujusce
972 2329 1107 2384 semeonis
1157 2328 1222 2383 laris
1241 2329 1302 2382 ritu
1322 2328 1444 2385 homines
1472 2328 1565 2383 habuit
1590 2328 1736 2386 auditores.
1768 2331 1798 2386 ln
1825 2333 1949 2390 ministe-

318 2420 522 2491 inteliigentiam
545 2419 720 2489 apprehendi.
744 2418 811 2473 Nam
843 2418 923 2473 sicuti
947 2416 1050 2473 rivulus
1071 2431 1105 2471 ex
1155 2416 1227 2471 muru
1251 2416 1404 2472 diuinarum
1429 2416 1630 2486 Scripturarum
1661 2420 1790 2476 scientias
1814 2423 1949 2478 convertit

317 2511 403 2577 hau,
416 2511 454 2565 ita
473 2524 505 2565 ex
529 2510 617 2581 lingua
638 2509 731 2565 Grrcca
744 2508 840 2565 Ludna
856 2507 1006 2565 descendit.
1028 2507 1106 2575 Quis
1158 2509 1320 2565 seculares:
1336 2518 1374 2575 ct,
1389 2509 1469 2565 veluti
1482 2509 1610 2565 Socrates
1625 2510 1704 2579 alter,
1718 2520 1832 2567 tractam
1848 2514 1947 2570 eeoelo

317 2604 379 2675 quis
388 2619 454 2675 ergo
466 2604 676 2660 lontisnotitiam
683 2603 806 2674 despicit,
820 2603 1106 2674 timetproprietatem
1152 2599 1356 2671 philosophiam
1378 2599 1406 2655 in
1425 2600 1543 2657 ethicam
1561 2604 1771 2669 transmutat'it;
1794 2614 1947 2675 propterea,

318 2695 409 2761 rivuli,
423 2696 520 2766 poculo
532 2694 611 2763 cujus
633 2694 729 2760 utitur,
741 2695 854 2749 minime
875 2694 1024 2765 cognoscit.
1042 2691 1106 2747 iure
1154 2701 1188 2747 ut
1198 2704 1241 2747 me
1256 2692 1356 2748 dixisse
1370 2694 1492 2760 memini,
1509 2694 1646 2750 auditores
1661 2711 1725 2751 suos
1740 2696 1766 2751 in
1790 2698 1863 2752 oanni
1897 2699 1947 2754 do·

319 2784 401 2855 igitur
409 2783 497 2839 omnis
504 2782 647 2840 Germania
659 2783 738 2837 sirum
749 2792 777 2837 ot
790 2782 875 2838 Gallia
888 2782 1021 2851 tripartite
1034 2783 1107 2837 huno
1157 2782 1245 2837 ctrina
1252 2783 1409 2838 litteraturae
1416 2784 1949 2858 secularisadplentnuinstituit,eosquc

318 2871 507 2929 beatissimum
522 2873 658 2928 doctorem
675 2881 819 2927 teneratur
834 2869 986 2938 Babanum,
1001 2882 1031 2925 ut
1044 2872 1106 2926 uni·
1162 2874 1297 2944 imprimis
1317 2877 1517 2947 grammaticos,
1534 2877 1700 2943 dialecticos,
1717 2878 1849 2947 rhetores,
1863 2881 1949 2935 arith·

320 2979 383 3018 curn
396 2964 479 3018 totius
487 2963 648 3018 eruditionis
658 2963 807 3032 principem
820 2980 826 3015 :
839 2977 854 3016 a
866 2971 955 3031 quoct
966 2960 1107 3031 portiuees
1153 2968 1281 3032 raeticus,
1309 2976 1471 3038 geometras,
1494 2979 1678 3038 astronomos,
1702 2972 1835 3038 uraasicos,
1865 2982 1948 3043 atque

318 3049 1107 3122 Rimatiisusceperimfflclfflissiifflfflsciifinaeseimit·
1158 3066 1253 3127 poetas
1280 3060 1392 3125 statuit,
1420 3067 1449 3114 et
1478 3069 1570 3131 postea
1594 3062 1705 3118 idoncos
1729 3063 1763 3118 ad
1796 3063 1948 3119 divinarunt

317 3141 408 3207 nociti,
420 3140 622 3211 scripturarum
638 3140 783 3196 salutarem
793 3140 897 3197 clavem
913 3140 1104 3211 intelligentiae.
1159 3147 1362 3220 scripturarum
1377 3150 1517 3207 scientiam
1532 3152 1689 3209 quemdum,

318 3234 424 3297 llerito,
437 3234 561 3303 inquam,
572 3231 769 3288 Germanorum
782 3232 930 3304 posteritas
947 3234 1039 3288 omnis
1051 3232 1106 3285 Ra·
1195 3239 1258 3295 llaec
1272 3238 1359 3295 forma
1381 3242 1492 3297 docendi
1506 3258 1555 3312 per
1570 3244 1656 3314 ipsum
1672 3245 1816 3302 didascalis
1837 3247 1947 3313 tradita,

319 3325 381 3380 batti
403 3324 496 3381 landos
519 3325 547 3378 in
571 3333 728 3394 perpetuum
745 3326 909 3395 personabit,
933 3326 980 3396 qui
1003 3325 1107 3395 primus
1159 3329 1252 3386 inultis
1266 3332 1346 3386 annis
1360 3332 1387 3385 in
1406 3332 1532 3390 Fuldcnsi
1562 3338 1726 3391 monasterio
1754 3338 1949 3408 perseveravit,

319 3415 779 3487 oruuiuur,ueteri'barbariepulsa,
804 3431 879 3472 suam
896 3414 1105 3472 iecitnationetn
1160 3429 1187 3476 et
1209 3435 1335 3476 successu
1352 3425 1481 3492 temporis
1497 3422 1531 3478 ad
1557 3427 1633 3494 plura
1657 3426 1810 3482 Germaniae
1824 3429 1949 3485 coerroBia

319 3522 446 3565 scarrione
462 3506 596 3562 Latinam.
622 3507 729 3563 Primus
743 3508 815 3563 enim
837 3507 959 3563 omniurn
982 3509 1033 3564 sub
1054 3507 1107 3564 fido
1161 3527 1213 3566 non
1225 3512 1283 3568 siue
1298 3514 1416 3569 maxitua
1427 3515 1544 3571 utilitate
1555 3518 1683 3572 translata
1706 3516 1767 3582 init,
1779 3520 1858 3576 sicuti
1871 3521 1952 3577 focile

317 3600 419 3657 Christi
430 3597 580 3655 Germanos
591 3609 619 3654 ct
642 3598 765 3655 Graecani
786 3614 916 3654 resonare
929 3598 1047 3670 linguam
1060 3568 1145 3658 do-C
1159 3611 1339 3673 perveterum
1350 3605 1450 3676 scripta
1460 3607 1659 3676 comprobatur,
1668 3623 1700 3664 eo
1711 3617 1841 3679 tempore,
1852 3621 1953 3680 praeter

318 3691 413 3746 enitet
429 3688 563 3744 Latirram.
580 3688 674 3744 Nullus
693 3698 757 3743 aute
775 3689 859 3753 ilium,
873 3689 943 3759 apud
957 3687 1108 3746 &amanus
1158 3694 1245 3748 solum
1264 3695 1386 3750 ordinem
1401 3697 1485 3751 sancti
1500 3697 1586 3768 patris
1600 3696 1747 3762 Benedicti,
1760 3697 1831 3752 nulla
1840 3697 1953 3756 inerunt

319 3781 361 3836 rel
381 3789 460 3836 natus
480 3780 521 3836 tei
545 3779 693 3846 institutus,
712 3778 800 3834 Graeoi
827 3774 960 3834 sermonis
983 3779 1106 3835 notitiam
1160 3783 1343 3840 claustralium
1360 3801 1408 3856 per
1426 3795 1508 3842 totam
1534 3787 1707 3865 Germaniam
1729 3789 1862 3855 coenobia,
1885 3807 1949 3847 cum

318 3877 430 3941 habeus,
448 3883 488 3930 tot
503 3874 640 3930 uolumina
657 3882 711 3928 tam
733 3873 889 3944 eleganter,
906 3881 961 3927 tam
986 3872 1105 3943 proprio,
1159 3887 1247 3943 neque
1262 3872 1456 3932 cistercienses
1483 3877 1572 3932 adhuc
1598 3887 1689 3934 essent
1716 3878 1842 3946 instituti,
1862 3894 1953 3951 nequo

318 3969 574 4040 tamqueooncinne
602 3977 683 4039 atque
704 3966 800 4022 Latine
815 3967 919 4037 uspiam
935 3966 1105 4036 conseripsit.
1161 3963 1277 4020 fratrum
1308 3976 1457 4023 contentus
1484 3967 1703 4034 blendicantium,
1728 3985 1815 4039 oeque
1838 3969 1952 4029 alterius

319 4063 348 4118 Se
357 4064 403 4133 qni
416 4062 561 4131 veroapud
572 4060 723 4116 Germanos
734 4059 762 4114 in
776 4074 858 4130 reguo
868 4056 1035 4113 franeorum
1046 4066 1108 4114 ante
1161 4056 1280 4127 cuiusvis
1308 4058 1488 4115 observantie
1503 4060 1656 4129 singularis,
1678 4061 1723 4130 qui
1752 4076 1846 4117 ontnes
1871 4061 1952 4134 longe

318 4153 407 4225 ipsum
421 4153 492 4210 docti
508 4151 626 4219 luerunt,
641 4166 693 4206 non
709 4150 853 4221 indigene,
870 4151 917 4206 sed
935 4149 1035 4215 Gracci,
1051 4149 1105 4206 lio·
1160 4157 1254 4222 postea
1279 4162 1503 4219 supervenerunt.
1516 4151 1550 4206 Et
1562 4151 1622 4206 ideo
1643 4152 1749 4221 quoties
1763 4152 1789 4206 in
1801 4152 1852 4208 hoc
1865 4167 1950 4223 opere

320 4244 409 4308 moni,
425 4243 511 4309 Galli,
530 4240 604 4299 Scoti
617 4282 625 4307 ‚
632 4241 780 4307 Britanni,
796 4256 843 4298 seu
866 4240 977 4298 adrcnre
1002 4241 1109 4297 aliunde
1160 4239 1324 4294 mentionem
1336 4237 1370 4293 de
1382 4239 1522 4294 monachis
1536 4236 1659 4304 iacimus,
1673 4254 1726 4294 non
1742 4240 1788 4294 olii
1806 4257 1887 4312 quam
1898 4241 1950 4298 Be-

318 4333 458 4389 venientes
471 4333 644 4389 exstiterant.
659 4329 835 4386 Beatissimus
848 4339 939 4386 autem
949 4329 1110 4386 Christianae
1161 4331 1290 4388 nedictini
1306 4339 1367 4386 sunt
1380 4330 1564 4411 intelligendi,
1589 4331 1640 4386 nisi
1655 4333 1812 4387 nominatim
1839 4333 1950 4389 alterius

318 4423 381 4481 ulei
400 4425 495 4480 doctor
506 4423 621 4493 insignis
631 4421 770 4489 Babaous,
783 4423 879 4479 unicus
890 4430 917 4479 et
929 4423 1033 4495 primus
1043 4421 1110 4480 Ger·
1160 4422 1338 4496 professionis
1369 4423 1556 4493 exprimantur
1589 4423 1753 4494 specialiter.
1780 4423 1820 4480 hd
1852 4423 1951 4480 multos

319 4528 461 4570 manorum
473 4513 672 4569 institutionum
687 4513 825 4585 princeps,
848 4523 876 4569 et
888 4515 1017 4586 magister
1027 4514 1110 4571 disci·
1160 4532 1246 4572 annos
1260 4516 1365 4571 durarit
1383 4516 1410 4571 in
1427 4516 1559 4572 coenobiis
1573 4517 1766 4572 monachorum
1782 4516 1853 4573 istud
1867 4516 1950 4575 mira·

319 4603 401 4674 plinae
415 4645 422 4669 ,
437 4603 484 4674 qui
495 4603 606 4660 nullum
632 4611 694 4660 ante
717 4619 746 4660 sc
766 4604 794 4659 in
808 4619 856 4660 sua
882 4604 976 4661 babuit
1002 4605 1111 4660 natione
1160 4608 1215 4664 bile
1227 4608 1343 4663 studium
1369 4609 1576 4680 seripturarum,
1596 4617 1623 4664 et
1636 4610 1708 4666 viros
1734 4610 1884 4666 sanctitate·
1896 4626 1949 4667 noo

318 4693 518 4764 praecedentem
531 4693 651 4747 soientiae
660 4695 1111 4760 consummataedoctorem,dirioo
1162 4701 1251 4756 miuus
1263 4714 1343 4770 quarn
1360 4701 1482 4757 doctrina
1502 4717 1579 4757 sacer
1591 4701 1657 4757 ordo
1670 4701 1807 4758 Benedicti
1824 4701 1952 4772 produxit

319 4781 416 4853 (haud
441 4781 574 4852 dubium)
596 4797 743 4838 succensus
768 4784 918 4851 instinctu,
943 4784 1017 4855 quod
1039 4784 1111 4842 dorni
1163 4789 1382 4847 innumerabiles.
1390 4791 1517 4863 Legimus
1527 4791 1609 4857 enirn,
1623 4792 1701 4847 sicuti
1715 4807 1748 4846 ex
1760 4793 1952 4862 supputatione

318 4873 418 4929 babere
447 4888 501 4930 ¹¹⁰⁰
528 4873 632 4943 potuit,
654 4872 747 4928 3⁰¹⁰(e
769 4872 940 4928 liudibilsttr
968 4874 1110 4944 humili,
1164 4883 1301 4938 annalium
1317 4891 1472 4939 nostrorum
1497 4892 1605 4938 constat
1623 4882 1807 4948 manifestum,
1821 4882 1894 4953 quod
1918 4899 1950 4939 ex

320 4966 433 5031 invenit,
447 4964 550 5046 didicit,
566 4972 594 5020 ei
606 4962 749 5019 Gemellis
762 4963 821 5019 Sine
835 4963 935 5020 invidit
950 4966 1108 5034 reportavit,
1123 4938 1150 4999 D
1162 4972 1312 5037 monachis,
1327 4973 1450 5028 ordinem
1468 4973 1552 5028 sancti
1566 4973 1652 5044 patris
1662 4971 1798 5027 Benedicti
1810 4969 1950 5040 protessis,

318 5059 490 5131 priscamque
514 5059 548 5114 de
570 5058 659 5129 patria
685 5056 840 5113 barbariem
853 5054 965 5128 fugavit.
994 5054 1108 5115 Gentem
1161 5073 1278 5137 quatuor
1292 5072 1319 5119 et
1336 5063 1430 5135 uiginti
1453 5079 1502 5135 per
1527 5079 1682 5119 successum
1706 5062 1834 5131 temporis
1857 5077 1951 5119 sacro-

319 5167 398 5210 suam
413 5153 522 5224 geroho
534 5151 674 5206 decoravit
701 5160 808 5214 ornatu,
822 5165 873 5222 qua
890 5159 919 5206 et
943 5152 1108 5209 moribttsad
1161 5166 1262 5216 sancte
1277 5158 1404 5215 Bociesiae
1423 5157 1552 5214 Bomanae
1566 5157 1675 5213 luerunt
1693 5156 1844 5228 pontifices,
1862 5156 1950 5211 cardi·

320 5243 492 5300 sanctitatem
511 5242 664 5314 politiorem
679 5241 807 5308 reddidit,
826 5233 855 5297 et
868 5240 956 5297 inlusa
976 5245 1110 5302 sennonis
1160 5250 1235 5306 nates
1247 5249 1354 5306 (lucenti
1366 5249 1503 5320 sexaginta
1515 5263 1620 5314 norem,
1634 5247 1845 5319 archiepiscopi,
1856 5263 1906 5318 per
1916 5248 1953 5304 di·

322 5337 435 5393 Romani
458 5337 592 5406 elegantia
608 5337 635 5391 iu
652 5349 759 5392 omnem
775 5335 895 5391 scientiae
915 5335 1109 5405 plenitudinem
1161 5358 1254 5400 versas
1265 5342 1355 5397 mundi
1371 5340 1507 5403 ecclesias,
1523 5340 1595 5396 mille
1605 5340 1727 5396 sexcenti
1738 5339 1876 5410 octoginta
1887 5352 1953 5408 qua-

320 5426 479 5484 introduxit.
492 5424 664 5482 Bdootorean
675 5427 781 5482 cunetis
796 5426 977 5482 uenerandum
984 5427 1108 5483 seculis!
1164 5443 1235 5497 tuor,
1259 5431 1376 5502 episcopi
1390 5446 1455 5487 vero
1465 5440 1582 5501 quatuor
1604 5431 1687 5486 millia
1700 5429 1840 5502 quingenti
1852 5429 1954 5485 duode-

320 5521 509 5578 Oliiicmmm
529 5520 691 5590 principem,
708 5519 837 5574 omnihus
859 5517 925 5575 viris
942 5519 1029 5576 doctis
1049 5535 1111 5592 per·
1164 5526 1227 5582 cim.
1241 5522 1361 5594 Benique
1371 5522 1491 5591 catalogo
1507 5532 1662 5578 sanctorum
1675 5523 1690 5563 b
1703 5538 1737 5578 ex
1750 5522 1844 5577 eodem
1859 5519 1954 5576 ordine

320 5619 401 5681 petua
420 5611 611 5668 oeleBrandum
636 5611 792 5675 luminitate,
816 5611 862 5680 qui
878 5610 960 5666 uitam
979 5611 1006 5666 in
1029 5624 1112 5667 carne
1165 5611 1955 5684 reperiunturascriptiquindocimmiliiasenceutipraetcr

358 5757 371 5785 ⁸
391 5743 467 5812 Quod
479 5743 625 5801 Brouerus
650 5745 677 5801 iu
700 5744 884 5801 notationibus
904 5744 938 5799 ed
965 5747 1054 5801 Vitam
1079 5745 1110 5803 S.
1202 5745 1216 5785 ¹²
1241 5745 1279 5800 Be
1303 5743 1347 5800 his
1365 5744 1402 5800 ita
1426 5744 1559 5800 Baronius
1584 5743 1618 5799 ad
1641 5758 1742 5799 annum
1760 5740 1862 5823 Christi
1887 5737 1954 5822 liii,

323 5812 488 5870 sturmionis
500 5817 534 5872 de
545 5815 694 5872 Trithcmio
704 5816 806 5870 ueritus
819 5812 916 5879 iuit,ut
927 5814 1019 5872 lectori
1029 5814 1112 5871 uerba
1167 5830 1241 5872 num.
1254 5813 1290 5868 il
1306 5831 1313 5868 ε
1332 5831 1341 5865 r
1360 5813 1427 5870 Cum
1450 5815 1652 5870 innumerorum
1709 5830 1747 5869 ne
1768 5821 1956 5870 sanctissimo·

323 5882 445 5947 dederit,
463 5899 524 5954 quac
541 5885 599 5940 dari
613 5886 665 5941 sihi
679 5901 732 5940 non
797 5884 874 5947 tolet,
889 5883 1113 5944 ctiamdecobio
1168 5901 1228 5941 rurn
1243 5884 1419 5954 atqueetiam
1441 5884 1659 5940 doctissimorum
1696 5892 1785 5939 atrum
1800 5879 1956 5952 patriarche

323 5952 573 6079 tarmus
590 5955 644 6012 ⁵⁰⁶
670 6024 996 6081 0
1018 5956 1114 6082 tte
1168 5952 1955 6080 tert:uttattttttuuteua‘heau

317 6099 407 6164 emm.
423 6090 510 6147 Forte
526 6107 560 6171 ex
574 6041 680 6149 ffihu
694 6042 731 6150 :ii
746 6095 818 6151 laune
834 6094 947 6166 epistola
976 6040 1117 6168 scsstuage·
1169 6042 1271 6168 antiit,
1287 6093 1390 6149 alienos
1404 6064 1498 6165 partu’s
1510 6102 1677 6166 supponunt,
1698 6040 1759 6165 (qui,
1775 6037 1897 6161 titq‘iaan,
1912 6089 1955 6142 ni-

298 6169 376 6207 mus
387 6160 515 6213 manda
530 6168 609 6214 inter
623 6162 708 6231 lituos
727 6163 826 6234 Opera
1171 6166 1225 6222 mio
1241 6163 1299 6236 ejus
1311 6163 1424 6233 ordinis,
1447 6171 1497 6220 suu
1518 6178 1572 6235 quo
1594 6163 1757 6235 prodtentur
1767 6175 1871 6228 eruore,
1885 6173 1955 6214 nora·
