4509 6850
361 687 413 743 tot
695 683 724 738 B.
747 684 872 739 Rhth'l
892 684 1000 741 lthRl
1020 682 1179 739 Attettttst’.
1201 680 1354 738 trudunt.
1376 677 1518 736 ovuhtttt
1537 676 1626 733 PARS
1646 676 1666 730 Ι.
1709 701 1713 710 ,
1937 676 1990 733 596

396 795 486 850 Aciliae
507 794 687 863 taqaetaatar,
712 801 735 846 et
754 809 811 846 ecce
832 791 929 847 Rachel
950 793 1065 847 veaielat
1088 808 1148 846 cam
1161 796 1186 852 Α
1199 788 1407 858 contemplativa
1421 787 1473 841 vita
1487 781 1628 857 signatur?
1649 784 1696 838 Lia
1714 785 1813 855 quippe
1828 787 1992 856 interpreta-

361 884 449 939 avs'hvs
470 883 552 952 patris
572 882 623 945 sai,
645 898 705 934 actm
722 898 822 951 gregem
839 883 896 952 ipsa
911 882 1040 952 pascebat.
1063 880 1149 945 Quam
1201 888 1245 934 tur
1257 880 1398 944 laboriosa,
1408 878 1509 932 Rachel
1524 892 1589 932 vcro
1602 878 1667 941 ovis,
1681 876 1723 931 tel
1735 879 1804 931 visas
1821 879 1990 947 principium.

361 993 420 1031 cara
433 972 636 1038 vidissetlacah,
652 983 675 1028 et
687 973 763 1027 sciret
777 973 957 1027 consobrinam
973 989 1060 1037 saara,
1079 989 1151 1026 oves·
1200 970 1293 1024 hctiva
1317 979 1405 1023 autem
1428 969 1482 1022 vita
1505 968 1637 1023 laboriosa
1659 976 1719 1032 est,
1741 969 1804 1037 quia
1828 969 1945 1023 desudat
1964 971 1992 1025 in

360 1044 410 1139 arte
422 1065 513 1120 halaa
525 1064 646 1119 avaacrrli
663 1064 716 1129 sari,
733 1064 827 1117 amovit
844 1063 967 1133 lapidem,
988 1079 1039 1133 qao
1058 1072 1150 1131 pratens
1199 1074 1292 1130 opere.
1316 1059 1528 1128 Corrtemplativa
1541 1074 1606 1113 vero
1617 1059 1739 1124 simplex,
1752 1060 1784 1113 ad
1801 1060 1888 1113 solum
1901 1062 1993 1117 viden-

362 1158 540 1218 claudehatar,
555 1166 577 1208 et
591 1155 815 1225 adaqrratuqreqe‚
827 1153 959 1208 oscalatus
970 1164 1089 1216 esteam;
1100 1152 1152 1205 ele·
1201 1152 1263 1205 dum
1284 1150 1445 1218 principium
1474 1148 1598 1211 anhelat,
1618 1149 1743 1203 videlicet
1764 1151 1851 1218 ipsum
1869 1150 1915 1219 qui
1933 1152 1991 1207 ait:

362 1258 472 1318 velaque
484 1264 542 1301 vace
556 1249 634 1317 flevit,
649 1257 673 1300 et
685 1246 807 1299 indicavit
823 1245 928 1316 eiqaod
939 1246 1093 1314 [interesset
1104 1262 1152 1313 pa-
1202 1240 1259 1311 Ego
1278 1241 1445 1312 principiam,
1466 1249 1570 1309 propter
1583 1240 1652 1310 quod
1665 1250 1688 1294 ct
1709 1239 1800 1309 loquar
1815 1240 1885 1294 volvis
1900 1239 1992 1312 (loan.

363 1342 411 1394 tris
426 1339 492 1409 ejas,
507 1348 530 1393 et
546 1339 616 1407 {ilias
632 1337 763 1401 Rebecca,
777 1345 830 1391 etc.
859 1336 1053 1409 (haeserimus.)
1074 1335 1151 1401 erod
1202 1330 1272 1401 vrrr).
1297 1330 1396 1385 Beatus
1413 1339 1502 1383 autern
1516 1328 1599 1383 tacab
1613 1328 1713 1383 Rachel
1725 1329 1834 1399 quidem
1845 1332 1993 1400 concupie-

362 1429 436 1483 venit
454 1427 551 1483 Rachel
574 1443 633 1483 cum
658 1427 753 1481 ovibus
773 1426 858 1495 patris
882 1427 932 1487 sui,
953 1436 981 1480 et
998 1426 1064 1480 dicit
1079 1425 1152 1480 Scri·
1202 1429 1255 1484 rat,
1270 1422 1316 1475 sed
1331 1421 1358 1474 in
1370 1430 1448 1475 nocte
1460 1420 1563 1489 accepit
1576 1420 1663 1484 liam,
1685 1421 1748 1489 quia
1767 1420 1893 1474 videlicet
1905 1424 1994 1476 omnis

363 1528 441 1590 ptura
455 1519 600 1588 quodcum
618 1517 728 1571 vidisset
745 1514 828 1571 iacob
848 1516 949 1570 Rachel
965 1514 1045 1570 Rham
1060 1515 1151 1568 Lahan
1202 1514 1248 1583 qui
1258 1515 1426 1568 convertitur
1442 1514 1474 1568 ad
1491 1514 1632 1568 Dominum
1654 1498 1890 1583 contemplativam
1911 1516 1994 1569 vitam

364 1608 456 1663 fratris
481 1608 575 1662 matris
592 1623 658 1670 strae,
676 1607 789 1661 accessit
807 1614 834 1659 et
849 1606 963 1661 revolvit
984 1606 1096 1675 lapidem
1117 1606 1152 1658 ah
1202 1607 1349 1671 desiderat,
1361 1608 1478 1676 quietem
1491 1607 1703 1677 aternmpatriae
1719 1609 1830 1677 appetit,
1852 1608 1900 1662 sed
1921 1608 1994 1673 prius

363 1712 411 1752 ore
429 1697 512 1765 Ρῦῑθῑ,
536 1696 622 1766 masis
647 1695 794 1750 HOlflntlssm
814 1703 856 1748 0⁵1
875 1694 975 1763 aliquid
986 1693 1152 1765 scriptur-tm
1203 1714 1313 1755 necesse
1325 1709 1365 1753 est
1377 1708 1406 1752 ut
1418 1700 1444 1753 in
1456 1709 1534 1753 nocte
1547 1698 1609 1752 vite
1627 1700 1767 1768 praesentis
1781 1707 1911 1768 operetur
1925 1699 1994 1752 hona

362 1789 579 1861 ptaelsstmlllefflt
598 1788 668 1857 quod
685 1787 833 1857 inlelligere
848 1787 986 1851 dehemus,
1005 1801 1086 1855 qnam
1100 1785 1152 1839 ulla
1203 1804 1263 1859 qnae
1275 1797 1374 1858 potest,
1386 1789 1499 1843 desudet
1516 1790 1544 1842 in
1561 1787 1664 1853 labore,
1678 1788 1767 1852 idest,
1780 1787 1856 1841 Liam
1868 1787 1993 1855 accipiat,

363 1882 475 1951 quaestio
485 1880 685 1936 conrrnovenda.
708 1879 866 1949 intelligitur
877 1879 947 1933 enim
961 1879 1031 1947 quod
1044 1877 1080 1931 illi
1091 1892 1152 1932 cunr
1204 1888 1234 1935 ut
1244 1887 1316 1950 post,
1330 1880 1363 1934 ad
1375 1878 1517 1934 videndum
1528 1877 1700 1948 principium,
1712 1879 1740 1932 in
1750 1877 1851 1933 Rachel
1862 1876 1993 1948 amplexi-

364 1973 462 2043 qnihus
489 1972 576 2041 primo
605 1970 765 2039 loquebatur
785 1968 884 2031 Jacob,
909 1967 1067 2038 interrogati
1093 1982 1153 2037 quae
1204 1971 1427 2041 hnsrequicscat.

365 2070 437 2118 esset
450 2077 508 2131 quae
522 2061 645 2115 veniebat
657 2076 717 2115 curn
732 2060 837 2124 ovibus,
859 2058 909 2129 ipsi
925 2059 1050 2115 dixerunt
1071 2058 1152 2113 filiam
1240 2062 1307 2116 Erat
1328 2071 1415 2116 aatem
1434 2059 1532 2115 Rachel
1551 2060 1639 2115 rideas
1658 2068 1683 2114 et
1705 2060 1818 2124 sterilis:
1838 2059 1887 2114 lia
1907 2068 1994 2114 aatcm

364 2166 425 2206 csse
441 2150 543 2206 Laban.
571 2151 656 2219 Quam
676 2151 767 2221 utique
787 2151 870 2206 lacuh
892 2165 946 2206 non
964 2158 1086 2215 noverat,
1105 2150 1152 2206 sed
1167 2136 1190 2194 Β
1203 2154 1284 2225 lippa,
1299 2153 1344 2208 sed
1356 2152 1478 2222 secanda.
1490 2152 1591 2206 Rachel
1604 2151 1714 2221 pulchra
1727 2160 1754 2204 et
1766 2149 1919 2216 infecunda,
1931 2151 1994 2220 quia

363 2242 436 2297 illius
448 2242 685 2312 interrogationem
697 2241 952 2311 responsionemque
963 2240 1067 2296 illorum
1078 2241 1153 2296 Sori-
1204 2246 1331 2302 nimirum
1347 2260 1422 2299 mens
1435 2258 1494 2313 quae
1507 2243 1712 2312 contemplando
1730 2244 1784 2298 otia
1804 2244 1915 2313 appetit,
1935 2242 1995 2313 plus

364 2340 443 2401 llium
461 2332 669 2401 Rfffllssimlllesss
692 2331 804 2403 i'dimid
823 2331 907 2385 V⁰¹¹¹l¹
925 2332 994 2400 qnod
1021 2332 1152 2403 scriplum
1203 2341 1285 2407 ridet,
1300 2338 1445 2395 sednrinus
1459 2338 1514 2392 lieo
1529 2336 1599 2392 filios
1611 2344 1731 2408 generat.
1752 2336 1818 2392 Cum
1834 2352 1900 2391 vero
1911 2337 1944 2390 ad
1956 2336 1996 2390 la-

365 2431 407 2478 θὸῑ
422 2441 428 2475 ³
1203 2432 1296 2486 horem
1310 2444 1339 2485 se
1349 2428 1548 2499 praedicationis
1559 2427 1659 2497 dirigit,
1674 2428 1762 2482 minus
1779 2427 1862 2491 ridet,
1877 2428 1925 2481 sed
1938 2442 1996 2480 am-

401 2514 540 2569 Osculatas
557 2524 595 2569 est
616 2514 699 2568 lecal
720 2513 825 2578 Rachel,
839 2523 862 2568 et
873 2514 1022 2569 acclamans
1034 2532 1094 2580 aare
1104 2532 1153 2569 sata
1184 2521 1273 2593 sphus
1294 2522 1374 2591 parit.
1399 2518 1611 2588 contemplativa
1632 2533 1695 2588 ergo
1707 2519 1762 2572 vita
1779 2521 1901 2588 speciosa
1913 2515 1956 2573 'est
1969 2520 1995 2572 iu

364 2603 442 2672 perat,
459 2603 619 2657 evindicavit
634 2604 703 2674 duod
717 2603 963 2675 [rateressctpatrr‘e
978 2606 1046 2675 ejus,
1057 2614 1082 2660 et
1091 2607 1153 2676 qttt‘a
1205 2615 1310 2678 auimo;
1333 2611 1380 2667 sed
1400 2610 1462 2665 dum
1483 2611 1623 2681 quiescere
1640 2610 1667 2664 in
1682 2610 1790 2665 silentio
1800 2612 1913 2681 appetit,
1926 2610 1996 2667 hlios

365 2694 435 2763 filias
451 2693 578 2748 Rclcccre·
600 2693 807 2750 Consuetudinis
826 2696 933 2765 quidem
954 2696 1013 2760 luit,
1036 2697 1154 2752 nturime
1205 2720 1258 2759 non
1282 2709 1394 2773 generat
1414 2716 1447 2755 cx
1471 2701 1669 2770 praedicatione..
1692 2699 1772 2756 Videt
1792 2712 1820 2756 et
1842 2717 1896 2756 non
1914 2703 1995 2771 parit,

366 2786 393 2840 in
411 2784 454 2838 illa
469 2785 640 2853 sinrplieitate
650 2786 833 2855 antiquorum,
849 2795 878 2840 ut
891 2787 1032 2857 propinqui
1043 2788 1153 2857 propin·

366 2893 434 2947 quos
446 2878 643 2944 oscularentur,
658 2887 686 2933 et
697 2879 749 2934 hoc
768 2879 847 2934 hodie
864 2878 894 2933 ttt
912 2879 940 2933 in
963 2880 1054 2935 multis
1076 2881 1152 2936 locis.

365 2972 419 3029 Sed
441 2973 524 3042 quaeri
545 2982 634 3042 potest
652 2972 785 3043 quomodo
805 2974 839 3030 ah
859 2974 993 3044 incognito
1012 2975 1056 3029 illa
1074 2991 1154 3030 oscu-

365 3065 421 3119 lnm
441 3064 585 3135 acceperit,
602 3065 648 3120 sed
659 3073 751 3134 postea
763 3064 985 3120 indicavit-iacob
999 3066 1155 3136 propinqui·

366 3166 449 3213 tatem
465 3172 550 3211 suam.
573 3156 644 3227 Ergo
658 3156 857 3227 intelligendum
874 3166 916 3211 est
934 3166 981 3210 aut
1002 3156 1086 3220 illurn,
1107 3155 1153 3225 qui

364 3245 420 3317 iarn
433 3246 617 3317 audieritque
630 3245 673 3300 illa
685 3254 771 3308 esset,
788 3246 954 3301 conlidentcr
967 3247 993 3301 in
1005 3245 1064 3314 ejus
1076 3262 1155 3300 oscu-

367 3338 422 3391 lnm
436 3336 557 3400 irruisse,
571 3345 617 3390 artt
631 3344 723 3406 postea
735 3335 902 3405 Scripturam
917 3349 1042 3390 narrasse
1054 3349 1102 3405 por
1114 3350 1155 3390 rc-

1205 2798 1268 2867 quia
1282 2796 1380 2866 quictis
1392 2808 1447 2849 suae
1457 2793 1546 2848 studio
1559 2793 1647 2848 minus
1658 2808 1687 2848 se
1699 2794 1725 2847 in
1736 2793 1849 2849 aliorum
1860 2793 1997 2849 collectio·

1205 2904 1266 2944 nem
1277 2887 1424 2951 succendit,
1435 2895 1462 2942 et
1472 2894 1604 2956 quantum
1618 2886 1765 2941 introrsum
1777 2886 1921 2956 conspicit,
1934 2901 1997 2957 ape-

1206 2981 1260 3035 rire
1270 2980 1330 3033 aliis
1341 2978 1510 3038 praedicando
1529 2992 1582 3031 non
1601 2974 1706 3032 sufficit·
1725 2975 1776 3036 ¹Lia
1795 2992 1860 3031 vero
1879 2976 1952 3047 lippa
1971 2982 1998 3031 et

1206 3070 1319 3126 lecnnda
1330 3078 1380 3135 est,
1395 3069 1456 3139 quia
1470 3069 1556 3123 activa
1568 3068 1623 3121 vita
1636 3068 1698 3121 dum
1709 3078 1855 3135 occupatur
1865 3068 1894 3120 in
1905 3082 1995 3137 opere,

1205 3163 1294 3218 mirrus
1307 3162 1390 3224 videt,
1406 3159 1452 3215 sed
1466 3160 1528 3214 dum
1543 3159 1621 3212 moda
1642 3173 1690 3228 por
1709 3159 1827 3222 verbum,
1849 3158 1930 3212 modo
1948 3171 1996 3226 per

1206 3251 1369 3321 cantuplum,
1382 3251 1415 3304 ad
1428 3249 1602 3303 imitationem
1619 3264 1694 3301 suam
1711 3247 1848 3317 proximos
1862 3247 1995 3311 accendit,

1206 3342 1304 3397 multos
1318 3342 1426 3397 inbono
1439 3356 1520 3411 opere
1531 3340 1599 3396 hlios
1610 3348 1734 3411 generat;
1747 3341 1809 3395 etsi
1829 3340 1856 3394 iu
1873 3349 1996 3394 contem-

369 3426 597 3496 capitulationem,
608 3427 679 3495 quod
692 3427 778 3495 primo
789 3425 890 3480 lactum
903 3435 970 3490 erat,
983 3426 1070 3491 idest,
1083 3425 1156 3495 quod
1206 3435 1324 3505 prasiane
1351 3441 1466 3488 mentem
1493 3441 1584 3486 terrere
1608 3446 1660 3485 non
1688 3432 1774 3497 valet,
1794 3447 1828 3487 ex
1849 3447 1885 3486 eo
1907 3440 1996 3487 tamen

371 3518 535 3574 indicaverat
553 3516 637 3574 iacob
648 3519 708 3588 quis
720 3525 802 3582 esset,
813 3517 883 3572 sicut
901 3517 933 3572 de
948 3516 1073 3585 paradiso
1083 3524 1155 3586 post·
1207 3525 1278 3595 quoq
1291 3524 1346 3595 agir
1360 3523 1479 3579 exterius
1491 3522 1600 3592 gignere
1612 3536 1742 3590 sequaces
1757 3521 1837 3575 valet.
1862 3521 1928 3576 Post
1945 3521 1998 3575 Lice

367 3627 399 3668 ea
414 3612 522 3676 dicitur,
537 3611 671 3682 quomodo
687 3611 758 3665 Deus
771 3626 833 3666 curn
854 3609 1016 3673 instituerit,
1031 3623 1091 3663 curn
1099 3607 1157 3678 jam
1206 3629 1272 3686 ergo
1285 3614 1441 3685 complexus
1462 3614 1495 3666 ad
1509 3612 1652 3667 Rachclem
1669 3613 1751 3668 Jacob
1768 3613 1905 3682 pervenit,
1925 3611 1997 3682 quod

366 3703 467 3757 dictum
486 3710 557 3757 esset
576 3702 646 3769 quod
664 3700 794 3771 plantavit
813 3700 979 3772 paradisum,
995 3708 1022 3754 ct
1037 3699 1157 3769 posuerit
1205 3705 1326 3776 prolecta
1347 3705 1460 3774 quisque
1481 3713 1544 3757 ante
1562 3704 1656 3757 active
1676 3703 1738 3757 vitae
1755 3704 1788 3759 ad
1805 3704 1997 3759 iucunditatem

366 3792 421 3848 illie
434 3793 582 3857 hominem,
597 3807 677 3863 quem
691 3792 816 3858 tinxerat,
827 3799 854 3848 et
864 3791 944 3846 multa
959 3806 1008 3861 per
1022 3791 1157 3861 recapitu-
1202 3794 1336 3867 jungitur,
1355 3805 1383 3849 et
1402 3802 1463 3864 post
1479 3793 1693 3862 contemplativae
1713 3793 1746 3847 ad
1766 3793 1890 3864 requiem
1913 3809 1996 3865 copu-

370 3883 498 3938 lationem
509 3881 581 3937 dieta
596 3881 790 3951 intelliguntur.
1207 3889 1289 3943 latur.

658 3992 771 4050 CAPUT
796 3995 864 4050 xvq,
1242 3979 1326 4034 Facu
1340 3997 1415 4034 raaae
1429 3979 1493 4033 vidit
1506 3979 1688 4045 locaveram,
1703 3990 1728 4033 et
1741 3980 1805 4033 dicit
1825 3979 1861 4032 ad
1880 3996 1998 4033 socerina

368 4086 406 4141 lle
425 4087 546 4141 servitute
563 4086 663 4148 lecal,
683 4103 734 4168 qva
756 4090 859 4144 servivit
881 4088 972 4143 Lahaa
989 4107 1035 4161 pro
1054 4090 1157 4145 driadas
1206 4087 1303 4128 illim?
1318 4072 1387 4138 Quid
1400 4082 1437 4125 ‘³⁸²
1449 4071 1518 4142 ΨΜ
1529 4071 1614 4140 [ssim
1625 4071 1751 4125 2¹⁰²“5822'7
1776 4069 1872 4124 ΝΟΜ
1886 4087 1933 4139 Rf⁰
1945 4068 1998 4122 ¹3⁰·

401 4157 506 4238 liliolus
525 4157 604 4227 ejas,
628 4167 651 4212 ct
673 4157 863 4229 significatione
879 4159 988 4229 mystica
1006 4161 1157 4214 earumdem
1208 4162 1263 4218 chel
1276 4163 1366 4217 servivi
1379 4162 1449 4215 tihi?
1470 4162 1558 4227 Quare
1582 4161 1728 4231 imposuisti
1751 4160 1838 4213 milri?
1857 4159 2000 4231 Respondit

402 4228 529 4296 mmmm·
1207 4255 1320 4310 Lalan:
1336 4254 1398 4308 Non
1409 4262 1446 4307 est
1460 4255 1487 4307 ia
1499 4253 1556 4307 loco
1571 4263 1658 4307 nostro
1672 4252 1868 4307 consuetudinis
1879 4263 1907 4307 at
1917 4253 2000 4307 ariao·

404 4343 521 4398 havera
546 4359 605 4397 vero
629 4342 720 4397 Ltrlars
743 4342 813 4411 filias
834 4344 901 4399 daas
916 4365 925 4399 :
938 4362 1031 4400 tramea
1048 4346 1158 4417 majoris
1189 4364 1249 4403 ·rcs
1265 4357 1325 4401 ante
1341 4346 1477 4400 traductas
1500 4344 1535 4398 ad
1559 4345 1673 4415 nuptias.
1702 4342 1786 4413 lmple
1808 4343 1999 4398 heddomadam

368 4435 431 4499 lia,
445 4432 838 4504 nrinocappellalateracltel.
865 4433 918 4490 Sed
938 4435 986 4490 lia
1006 4436 1082 4508 lippis
1101 4446 1158 4491 erat
1207 4438 1309 4491 dieram
1321 4437 1401 4506 hujus
1412 4434 1523 4506 caprile,
1536 4444 1560 4488 et
1573 4436 1640 4488 haac
1656 4451 1756 4505 qvoqve
1775 4433 1843 4487 daho
1862 4434 1909 4487 tili
1925 4449 2000 4502 opere

367 4526 459 4581 acolis.
479 4525 576 4580 Rachel
589 4525 682 4580 decora
694 4526 761 4595 [acie
775 4535 798 4581 et
813 4537 919 4581 venusta
929 4538 1044 4598 aspecta.
1071 4528 1159 4594 Quam
1207 4545 1258 4600 qao
1274 4526 1534 4583 servitarvsesmilti
1552 4535 1647 4596 reptem
1665 4527 1742 4579 anais
1764 4526 1834 4578 aliis.
1865 4524 2001 4595 hcqsievit

367 4619 477 4690 aliliqcas
490 4617 583 4683 tarot,
600 4615 788 4672 uit18erviam
803 4619 850 4672 tihi
867 4635 914 4689 pro
930 4618 1025 4673 Rachel
1038 4620 1095 4688 filla
1111 4630 1158 4674 tao
1207 4618 1314 4690 placito,
1327 4625 1359 4679 et,
1373 4615 1535 4671 hebdomada
1552 4623 1696 4678 transacta,
1716 4613 1812 4668 Rachel
1833 4613 1910 4666 duait
1930 4629 1998 4667 sso-

367 4713 467 4764 ariaore
488 4718 584 4780 septem
607 4709 693 4762 arenis.
714 4707 855 4778 Respondit
875 4707 966 4763 Lahaa
981 4726 990 4763 .·
1006 4709 1100 4763 llelius
1120 4719 1158 4765 est
1209 4727 1272 4772 rem,
1285 4710 1327 4763 cui
1337 4719 1411 4780 pater
1422 4722 1522 4760 servam
1537 4705 1630 4759 Balara
1646 4704 1761 4768 dederat,
1783 4712 1836 4758 etc.
1864 4702 1924 4758 Non
1947 4702 1999 4774 igi·

368 4801 457 4854 attilii
473 4815 529 4853 eam
549 4798 619 4862 deta,
632 4814 710 4869 qaam
726 4798 779 4852 viro
798 4797 874 4852 alteri
881 4816 891 4864 ;
913 4816 990 4853 marre
1011 4800 1080 4869 april
1105 4817 1155 4855 rae.
1171 4825 1196 4884 D
1210 4810 1263 4865 tur,
1279 4810 1308 4855 ut
1321 4800 1429 4870 quidam
1448 4798 1518 4853 male
1538 4799 1682 4861 aestimant,
1705 4806 1765 4867 post
1787 4805 1893 4865 septem
1914 4812 2002 4852 annos

368 4889 478 4945 Servivit
492 4891 573 4958 igitar
584 4888 665 4944 lacol
676 4905 723 4958 pro
738 4887 834 4943 Rachel
845 4902 939 4959 septem
950 4890 1037 4954 arenis,
1051 4901 1075 4945 et
1087 4893 1157 4947 aida·
1209 4893 1276 4948 alios
1288 4891 1389 4947 Rachel
1402 4890 1504 4959 accepit
1524 4904 1645 4952 uxorem,
1670 4889 1717 4943 sed
1740 4895 1802 4958 post
1820 4898 1926 4958 septern
1944 4889 2003 4944 dies

368 4979 512 5034 laatrvrilli
520 4981 597 5050 paeri
611 4980 666 5033 dics
679 4996 732 5049 pree
750 4981 846 5034 amaris
860 4981 1048 5051 mapaltadiae.
1071 4982 1157 5039 lliav‘t-
1209 4983 1363 5052 nuptiarum
1376 4980 1467 5034 uxoris
1477 4979 1581 5048 primae.
1604 4978 1671 5032 Nam
1692 4978 1833 5046 sequitur:
1849 4977 1884 5032 Et
1904 4978 2003 5049 inares-

367 5088 417 5142 qae
431 5070 465 5124 ad
477 5069 568 5124 halaa
580 5087 589 5123 :
603 5069 644 5123 Da
660 5069 722 5124 veihi
737 5086 844 5124 acorem
863 5086 956 5136 meam,
973 5073 1035 5142 qaia
1056 5081 1157 5143 tempas
1208 5089 1254 5127 sas
1266 5083 1302 5125 est
1315 5070 1349 5125 ad
1363 5069 1473 5134 Rachel,
1484 5079 1507 5122 ct
1517 5068 1609 5123 dilexit
1621 5068 1718 5122 Rachel
1729 5068 1811 5138 magis
1820 5068 1902 5138 qaa‘ra
1913 5068 2002 5136 liam,

366 5160 496 5230 eapletam
512 5167 589 5213 estat
606 5158 740 5229 ingrediar
752 5158 787 5212 atl
798 5175 864 5212 carre.
879 5157 941 5226 Qvi,
957 5163 1054 5216 vocatis
1067 5161 1157 5218 maltis
1209 5173 1233 5219 et
1245 5163 1347 5218 servivit
1359 5162 1383 5216 ei
1396 5171 1492 5231 septem
1503 5162 1579 5214 aaais
1592 5160 1661 5215 aliis.

368 5251 511 5305 amicorum
532 5250 616 5304 turbis
639 5250 674 5304 ad
693 5250 847 5314 coavivium,
866 5250 926 5319 [ecit
940 5252 1060 5321 alipilum
1075 5262 1099 5307 et
1112 5270 1155 5308 ae·
1490 5250 1605 5306 snauh
1636 5251 1716 5305 xvh.

366 5358 441 5412 spere
451 5340 536 5410 filiam
547 5357 623 5394 suant
637 5339 711 5394 liam
729 5339 874 5394 tatraaaaa
887 5340 922 5393 ad
936 5323 1007 5405 cam,
1028 5340 1095 5394 datas
1112 5357 1158 5395 au·
1213 5342 1250 5396 De
1269 5341 1433 5412 generations
1449 5339 1564 5411 illoram
1578 5339 1660 5394 laevir
1678 5356 1711 5394 ex
1728 5349 1844 5410 quatuor
1863 5342 2008 5397 aevila.

367 5437 455 5493 villam
470 5435 534 5503 filisa
548 5433 672 5505 Zalplram
682 5433 796 5497 aomina,
806 5440 858 5487 etc.
881 5431 956 5500 Quod
965 5432 1094 5502 seriptum
1104 5441 1156 5495 est,

366 5539 394 5584 et
406 5527 517 5584 servivit
528 5526 610 5582 iacob
625 5541 674 5596 pro
693 5524 792 5580 Rachel
808 5524 887 5579 annis
901 5532 1013 5594 septem,
1035 5533 1062 5579 et
1079 5532 1159 5579 erant

369 5622 395 5675 in
408 5627 554 5690 conspectu
565 5617 625 5688 ejrrs
636 5615 708 5671 velut
717 5614 795 5684 pauci
808 5613 875 5678 dies,
892 5629 925 5669 eo
940 5613 1011 5683 quod
1031 5613 1160 5684 diligebat

368 5730 439 5777 eam,
461 5712 632 5783 quaerendum
652 5708 786 5779 quomodo
802 5707 902 5762 dictum
924 5707 969 5771 sit,
991 5702 1051 5760 curn
1073 5708 1159 5775 magis

369 5805 451 5858 etiam
472 5802 552 5857 hreve
574 5811 680 5870 tempus
697 5800 804 5870 longum
823 5811 883 5853 esse
898 5795 982 5851 soleat
994 5797 1156 5850 amantibus.

368 5894 474 5948 Dictum
486 5901 603 5964 asterga
617 5902 726 5962 propter
736 5891 855 5946 lahorem
868 5889 1017 5953 servitutis,
1028 5904 1107 5958 quem
1120 5887 1159 5942 la-

368 5983 446 6038 cilern
465 5988 493 6038 et
510 5982 595 6038 levem
611 5999 687 6038 amor
709 5981 831 6037 iaciebat.
855 5979 923 6047 Quid
943 5979 969 6033 iu
992 5979 1036 6033 his
1056 5979 1159 6034 drrrrhus

369 6071 598 6137 uxorihnslacoh,
610 6072 657 6126 Lia
669 6071 793 6126 videlicet
804 6079 831 6125 et
841 6068 953 6134 Rachel,
964 6067 1015 6123 nisi
1031 6067 1120 6123 activa
1131 6077 1159 6122 et

1252 5431 1345 5486 l'idens
1356 5430 1484 5484 Dominus
1492 5430 1561 5500 qvod
1574 5428 1713 5499 despiceret
1728 5429 1815 5496 liam,
1826 5433 1932 5502 aperuit
1950 5432 2025 5486 ΝΙ-

1210 5538 1269 5578 aaut
1282 5521 1350 5589 ejas,
1364 5536 1453 5575 sorore
1470 5519 1553 5574 sterili
1571 5528 1746 5588 permanente.
1770 5518 1837 5584 Qua
1851 5532 2027 5592 comptem

1210 5613 1297 5682 genuit
1304 5611 1400 5680 filiam,
1412 5609 1561 5678 vacavitque
1573 5624 1665 5662 aomctt
1678 5608 1735 5677 ejus
1743 5599 1855 5673 'Relerq
1866 5615 1922 5665 etc.
1937 5609 2016 5666 0m·

1211 5702 1284 5756 nium
1298 5700 1525 5771 patriarcharum,
1540 5707 1648 5767 propter
1663 5698 1853 5765 compendium
1867 5698 2021 5759 lectionis.

1210 5792 1385 5863 etyruologias
1404 5791 1542 5845 nonrinum
1562 5788 1622 5842 volo
1634 5789 1741 5869 pariter
1760 5788 1864 5844 dicere.
1890 5790 2015 5862 (hiera-

1212 5882 1294 5953 cam)
1307 5880 1341 5934 Et
1353 5885 1464 5945 vocavit,
1479 5881 1575 5949 inquit,
1597 5896 1690 5934 naama
1705 5880 1762 5949 ejas
1774 5879 1878 5947 Relevi,
1892 5882 1980 5935 dicens
1997 5887 2013 5904 ⁶

1212 5972 1281 6038 Quia
1295 5973 1357 6026 vidit
1372 5971 1501 6026 Domitius
1515 5973 1542 6026 ia
1554 5969 1701 6026 humilitate
1710 5985 1778 6025 mea.
1799 5969 1897 6026 Ruben
1918 5969 2002 6024 inter·

1211 6074 1332 6135 pretatur
1343 6065 1448 6122 cisionis
1458 6064 1541 6134 filias.
