4509 6850
774 651 819 709 ou
837 653 1007 711 monens
1026 652 1055 708 ε.
1075 653 1211 710 cnucts.
1227 683 1263 693 -
1280 638 1346 708 urb.
1363 653 1384 708 r.
1448 667 1451 672 ·

852 785 1110 846 unctanamo
1132 784 1301 847 nlenten.

1017 919 1123 933 ..n-—

303 975 434 1045 Quisquis
455 973 522 1047 legis
547 975 642 1044 primae
666 977 772 1046 plenam
796 978 932 1033 desiderat
955 979 1055 1034 babere
1067 982 1094 1043 Α
1105 986 1236 1032 aeternum
1246 978 1295 1032 sibi
1305 979 1375 1034 licus
1390 978 1480 1043 Pater,
1498 979 1591 1045 idest,
1607 996 1654 1050 ρετ
1672 982 1785 1035 lierborn
1797 997 1891 1049 suunt;

265 1068 404 1132 notitiam,
432 1079 545 1122 necesse
568 1074 610 1121 est
634 1074 664 1120 ut
681 1065 762 1134 hrtjus
782 1066 873 1137 sigorae
894 1083 943 1137 per
967 1069 1057 1123 omnia
1109 1066 1142 1120 de
1156 1081 1209 1134 quo
1224 1067 1285 1121 dicit
1298 1065 1460 1121 Psalrnista:
1479 1066 1560 1122 l'erbo
1577 1069 1624 1122 liei
1636 1070 1691 1123 coli
1704 1070 1803 1139 firnrati
1821 1089 1893 1136 surii.

265 1169 372 1213 memor
388 1155 425 1210 sit
442 1163 471 1210 et
489 1152 548 1222 ejus
568 1155 669 1210 lactum
691 1165 782 1210 mente
804 1158 901 1226 saepius
925 1158 1055 1225 revolvat,
1106 1163 1129 1208 et
1148 1156 1241 1224 spiritu
1258 1157 1311 1209 oris
1331 1157 1388 1220 eius
1407 1158 1489 1210 omitia
1508 1158 1589 1210 oirtna
1611 1159 1678 1227 eiras.
1703 1158 1772 1213 lllnc
1785 1161 1850 1215 dicit
1866 1174 1894 1216 et

266 1259 295 1305 ει
306 1262 471 1318 comparans
481 1249 572 1316 priora
586 1248 781 1316 posterioribus
793 1248 892 1303 recolat
908 1249 1053 1320 scriptume
1104 1247 1269 1317 euangelista
1282 1245 1400 1302 loannes
1421 1266 1427 1301 ι
1447 1249 1541 1301 Omnia
1559 1266 1605 1317 per
1622 1249 1707 1318 ipsum
1728 1251 1798 1319 [rtem
1821 1266 1892 1317 sont,

266 1336 363 1393 caua
374 1338 402 1390 t'n
413 1336 499 1407 figura
511 1338 692 1407 contingebant
704 1337 775 1403 itta,-
791 1340 887 1409 scripto
897 1350 956 1393 sunt
969 1349 1056 1395 autern
1104 1348 1128 1392 et
1142 1339 1197 1391 sinc
1213 1340 1270 1407 ipso
1285 1338 1384 1408 [erctum
1401 1349 1438 1392 est
1452 1338 1526 1393 aiiii.

263 1428 300 1481 ad
313 1429 507 1498 correptionem
527 1440 660 1494 nostrum,
681 1429 709 1483 in
727 1446 791 1500 quor
811 1430 877 1499 fines
899 1431 1054 1486 soculorum
1139 1430 1168 1485 ln
1195 1431 1248 1485 ints
1273 1446 1337 1486 vero
1360 1439 1437 1500 parte
1459 1431 1558 1493 crucis,
1581 1430 1632 1485 lroc
1650 1440 1702 1496 εει,
1725 1432 1751 1486 iu
1764 1434 1842 1502 pedc,
1858 1435 1894 1487 sit

263 1518 433 1586 emmor,
453 1527 481 1573 ει
497 1518 568 1589 quod
582 1519 727 1588 exemplari
743 1529 770 1575 et
786 1520 1054 1577 umbraedeserrinnt
1103 1523 1207 1592 positus
1226 1522 1387 1577 novissimos
1405 1523 1523 1592 quinque
1543 1521 1673 1576 libromm
1694 1523 1773 1593 legis,
1793 1524 1818 1578 id
1839 1534 1891 1591 est,

261 1605 434 1673 celestium
450 1615 478 1662 et
492 1606 556 1662 item
571 1626 578 1660 ε
591 1604 715 1661 Umbram
731 1610 798 1663 enim
814 1610 910 1665 babens
925 1610 968 1665 lex
979 1612 1053 1679 [utu-
1103 1612 1351 1677 Deuterotromlurn‚
1365 1611 1436 1681 quod
1450 1612 1644 1682 interpretatur
1658 1615 1798 1668 renovatio
1813 1614 1891 1685 legis,

263 1710 355 1749 rorem
369 1695 509 1761 iaruman,
522 1712 575 1751 aon
589 1698 673 1767 ipsum
690 1699 828 1768 imaginem
843 1715 938 1753 rerum.
953 1700 1053 1756 Umbra
1100 1703 1196 1771 utique
1216 1701 1371 1772 significans
1385 1700 1571 1771 Evangeliurm
1593 1702 1618 1753 in
1636 1711 1813 1769 undecuma,
1828 1718 1888 1772 qua·

261 1786 336 1840 euim
356 1800 410 1840 non
429 1785 488 1841 sine
508 1801 572 1841 reru
588 1802 701 1857 corpore
720 1788 762 1855 lit,
783 1792 829 1846 sed
844 1800 933 1846 tamen
953 1790 1010 1861 ipsa
1026 1792 1053 1845 in
1102 1792 1145 1848 lex
1169 1793 1316 1863 figuraliter
1338 1802 1419 1863 atque
1442 1792 1529 1863 typice
1552 1792 1677 1861 protulit,
1702 1794 1835 1849 veraciter
1859 1809 1892 1846 ae

260 1888 292 1929 se
304 1890 399 1929 reram
411 1882 439 1930 ει
457 1875 590 1946 integram
611 1878 728 1947 speciem
745 1880 867 1948 corporis
888 1895 940 1934 non
963 1881 1053 1949 expri-
1101 1884 1278 1955 spiritualiter
1295 1892 1358 1938 sunt
1380 1882 1504 1945 enodata,
1526 1897 1558 1937 ac
1575 1882 1659 1936 nostri
1676 1881 1825 1936 Salvatoris
1843 1895 1892 1935 ore

259 1966 322 2019 mit.
339 1964 510 2036 Quapropter
525 1976 633 2036 oportet
652 1976 681 2021 ut
700 1969 822 2037 quisquis
835 1971 956 2025 veritatis
979 1986 1053 2025 ama·
1101 1984 1232 2029 reserata.
1255 1972 1319 2028 Jnre
1334 1987 1399 2042 crgo
1418 1973 1443 2026 ln
1461 1973 1550 2042 capite
1563 1973 1651 2028 crucis
1668 1987 1807 2042 geneseos,
1822 1981 1848 2027 et
1864 1971 1889 2026 iu

261 2064 306 2111 tor
323 2064 376 2122 est,
399 2056 422 2111 si
438 2056 562 2111 umbram
576 2058 651 2127 prins
666 2059 766 2123 videat,
783 2059 817 2113 ad
832 2075 923 2113 vemrn
944 2075 1051 2129 corpus,
1102 2060 1156 2115 line
1169 2062 1406 2115 Deuteronomium
1419 2064 1581 2125 consistunt,
1592 2062 1727 2131 quiscum
1748 2076 1829 2130 qoem
1848 2061 1890 2115 lca

260 2145 343 2214 cujus
353 2148 409 2216 ipsa
420 2146 516 2201 umbra
527 2149 766 2212 est‚ociosocnlos
781 2162 929 2218 convertat,
943 2168 976 2207 ne
989 2154 1052 2207 dum
1101 2159 1195 2204 narrat
1215 2151 1241 2204 ln
1256 2150 1388 2219 principio
1402 2152 1532 2219 temporis
1548 2167 1608 2205 curn
1622 2151 1702 2206 Patre
1719 2151 1810 2205 omnia
1825 2167 1891 2206 con-

260 2236 372 2306 penitos
386 2237 413 2290 iu
430 2237 526 2291 umbra
541 2236 638 2291 intuitu
661 2237 771 2305 haereat,
789 2241 912 2295 veritatis
935 2241 1051 2297 lructum
1101 2240 1212 2304 didisse.
1238 2242 1264 2295 in
1287 2240 1341 2294 line
1366 2241 1494 2309 temporis
1521 2242 1592 2296 bunc
1610 2242 1782 2313 Evangellom
1808 2243 1891 2297 relect

261 2326 403 2397 negligens
430 2329 536 2399 perdat.
568 2326 623 2381 Lex
655 2344 719 2401 ergo
745 2331 870 2386 baustum
899 2318 1197 2389 sitientibussscuncta
1213 2345 1261 2400 per
1273 2344 1380 2384 crucem
1394 2344 1549 2385 renovasse.
1572 2330 1681 2385 Euodus
1695 2346 1759 2386 rem
1772 2332 1841 2386 benc
1863 2333 1890 2387 in

260 2417 451 2486 praebun‚sed
470 2419 529 2474 siue
549 2418 621 2489 ligno
636 2420 761 2491 potabilis
777 2437 829 2477 non
845 2422 904 2476 luit.
927 2423 1049 2479 Ostendit
1101 2421 1195 2477 dextra
1223 2422 1341 2491 ponitur,
1368 2422 1394 2475 in
1419 2437 1473 2492 quo
1497 2423 1586 2476 caitus
1608 2421 1723 2476 liliorum
1749 2421 1831 2477 lsrael
1857 2421 1890 2476 dc

260 2509 362 2579 quippe
388 2508 520 2565 Dominus
544 2509 627 2582 noy-si
653 2511 764 2582 lignum,
790 2513 861 2583 quod
885 2514 994 2568 mittens
1022 2515 1049 2569 in
1100 2506 1563 2581 AEgyptoconscribitur,etibidem
1578 2510 1653 2580 plura
1669 2510 1890 2566 abominaiida

261 2612 373 2669 squam,
387 2614 496 2655 omnem
517 2601 722 2656 amaritudinem
743 2601 770 2655 in
791 2616 823 2655 ea
839 2602 1004 2671 absumpsit;
1022 2609 1050 2656 et
1099 2599 1231 2653 miracula
1244 2608 1400 2667 narmntur‚
1419 2600 1497 2669 Juxta
1521 2597 1762 2654 illodPsalmistae:
1776 2598 1890 2654 Dextera

260 2705 325 2761 quae
334 2692 411 2761 prius
430 2691 553 2747 sitientes
565 2691 678 2764 populus
691 2707 761 2746 uano
781 2691 915 2747 alliciebat
928 2700 1048 2762 aspectu,
1098 2689 1208 2744 Domini
1222 2691 1283 2760 [ecit
1297 2691 1427 2745 uirtutem.
1444 2690 1478 2745 tit
1492 2691 1577 2746 item:
1598 2689 1650 2755 Qui
1667 2691 1793 2759 percussit
1805 2690 1890 2760 AEgu-

260 2781 337 2853 ligno
349 2782 481 2849 immisso,
503 2798 597 2839 omues
610 2783 765 2839 dulcissimo
783 2782 960 2854 refrigerabat
971 2792 1047 2855 potu.
1098 2789 1171 2850 ptum
1184 2800 1243 2836 cum
1255 2782 1546 2853 minuendorum,
1558 2793 1582 2837 et
1596 2783 1686 2837 educit
1697 2781 1781 2837 lsrael
1793 2782 1823 2837 de
1834 2799 1889 2837 me-

261 2871 364 2941 iraque
379 2872 526 2927 secundum
540 2871 709 2941 Apostolum,
724 2872 767 2928 lea
779 2874 884 2944 quidem
898 2883 1047 2940 esttenete,
1099 2871 1143 2926 dio
1158 2873 1226 2943 ejus,
1240 2875 1268 2927 t'n
1282 2891 1361 2928 monn
1381 2874 1444 2944 sorti
1457 2885 1480 2929 et
1494 2875 1599 2929 drdcbio
1616 2874 1726 2930 excelso.
1737 2874 1765 2929 ln
1781 2876 1890 2930 sinistra

260 2973 286 3017 et
301 2962 458 3016 manduriam
469 2972 602 3028 mnrium,
615 2962 760 3032 etinctum,
774 2972 798 3016 et
821 2965 926 3029 bouum,
941 2965 988 3020 sed
1007 2963 1050 3018 lea
1098 2977 1206 3032 quoque
1226 2962 1294 3018 liber
1307 2963 1441 3019 Numerus
1463 2973 1505 3019 est
1525 2965 1639 3033 positus,
1658 2964 1720 3033 quia
1746 2964 1804 3033 ipse
1824 2964 1891 3018 sinl-

260 3052 410 3122 spiritualis
426 3062 472 3116 est,
487 3062 517 3107 ut
532 3053 603 3108 idern
618 3054 683 3109 dicit
702 3053 849 3125 apostolus,
865 3062 892 3109 et
905 3071 957 3109 non
968 3056 996 3108 in
1006 3071 1049 3109 te·
1099 3061 1171 3109 stras
1185 3053 1407 3123 congregationes
1421 3053 1517 3115 Chore,
1535 3053 1640 3107 Datlran
1656 3062 1684 3107 ει
1697 3052 1810 3118 dbiron‚
1826 3067 1890 3108 con·

261 3153 362 3197 ιτιειειε
373 3143 477 3209 tatere,
488 3143 536 3199 sed
550 3144 577 3198 ia
588 3145 700 3199 nouitate
709 3145 823 3215 Spiritus
835 3145 913 3201 debet
925 3145 1048 3217 intelligi.
1099 3143 1235 3197 tentiones
1249 3151 1343 3196 contra
1358 3141 1466 3212 lloysen
1485 3150 1514 3197 et
1528 3143 1618 3198 Aaron
1632 3142 1736 3197 levasse
1751 3143 1887 3205 describit,

263 3232 366 3287 urana
386 3233 454 3287 mim
474 3234 579 3298 occidit,
602 3232 716 3305 Spiritus
739 3244 826 3288 autem
847 3235 969 3303 vivificat.
994 3233 1050 3290 Lex
1099 3237 1128 3286 ει
1144 3245 1193 3300 per
1202 3230 1309 3285 Domini
1326 3230 1474 3299 potentiam
1499 3231 1578 3285 citius
1597 3245 1775 3300 compressas.
1791 3229 1825 3283 dt
1838 3229 1890 3285 Le·

259 3340 328 3396 ergo
335 3323 453 3395 Spiritus
466 3324 527 3379 ritae
535 3324 678 3380 inchristo
687 3323 749 3379 lesu
763 3324 889 3379 liberarit
901 3340 951 3380 nos
963 3340 979 3378 a
991 3322 1050 3395 lege
1099 3319 1209 3384 titicus,
1224 3319 1251 3372 in
1263 3319 1352 3374 medio
1369 3319 1489 3374 omnium
1509 3329 1594 3384 stans,
1611 3318 1699 3373 crucis
1718 3317 1890 3373 medictatem

258 3418 368 3490 peccati
387 3427 416 3474 ει
430 3417 534 3474 mortis.
557 3416 625 3472 Nam
638 3417 709 3489 quod
727 3416 893 3488 impossibile
911 3425 970 3473 crat
985 3416 1047 3487 legi,
1101 3418 1185 3475 tenet,
1196 3411 1259 3482 quia
1270 3410 1345 3466 illum
1359 3409 1513 3481 pontificem
1529 3410 1691 3483 designatio
1704 3410 1821 3482 plurimo
1836 3411 1889 3466 ritu

259 3508 288 3566 ia
302 3526 358 3579 quo
372 3509 560 3565 infirmabatur
572 3525 621 3580 per
635 3525 752 3574 carnem,
770 3510 840 3565 Deus
860 3509 956 3565 Filium
972 3526 1050 3565 suum
1101 3501 1307 3566 sacrificiorum,
1322 3502 1367 3570 qul
1391 3502 1419 3555 in
1435 3517 1482 3555 ara
1496 3504 1586 3557 crucis
1602 3504 1775 3572 semetipsum
1791 3500 1890 3558 obtulit

259 3602 376 3656 murm
397 3599 426 3654 tn
439 3599 642 3655 grmuuuujnem
661 3601 750 3655 cumps
766 3601 879 3670 peccaui,
899 3602 971 3657 ude
986 3617 1049 3672 pec.
1101 3590 1217 3645 bostiam
1236 3592 1433 3647 immaculatam
1450 3593 1517 3658 Deo,
1535 3592 1568 3647 ad
1583 3593 1765 3648 cabaorlcnda
1789 3591 1889 3647 multo-

258 3701 324 3746 cato
348 3699 488 3761 peccatum
512 3689 652 3746 damnavit
674 3691 701 3745 in
724 3706 816 3758 carue,
837 3701 867 3746 ut
890 3691 1048 3762 instillatio
1062 3660 1085 3721 C
1099 3702 1160 3741 rum
1173 3696 1293 3756 peccata,
1309 3695 1337 3742 et
1361 3700 1411 3756 pro
1431 3686 1680 3756 transgressoribus
1696 3701 1821 3750 exorans,
1837 3700 1887 3740 er·

258 3782 329 3853 legis
350 3782 507 3853 impleretur
530 3783 665 3849 totnonis,
679 3798 732 3853 quo
747 3798 800 3839 non
815 3784 963 3839 secundom
985 3799 1048 3838 car-
1097 3776 1206 3831 anditos
1220 3784 1262 3831 cst
1276 3792 1325 3848 pro
1341 3792 1389 3832 sua
1411 3777 1572 3832 reverentia.
1590 3777 1660 3847 Ergo
1676 3777 1702 3830 in
1716 3777 1834 3847 quinque
1850 3785 1893 3832 tc·

259 3886 325 3928 uem
343 3873 524 3941 ambulamus,
539 3876 586 3930 gud
600 3875 747 3930 secuudum
762 3874 896 3943 spiritum,
913 3873 1048 3944 Scriptum
1099 3865 1350 3936 llagoilisqttlnqtld
1369 3865 1431 3919 libri
1454 3865 1522 3935 legis
1537 3881 1586 3936 pel·
1599 3865 1718 3935 quinque
1733 3879 1827 3918 tersus
1846 3865 1889 3922 llic

258 3962 360 4032 qttippe
380 3970 422 4017 est
438 3963 466 4016 in
481 3961 539 4032 lege
557 3981 563 4016 :
586 3962 743 4017 Maledictus
760 3964 843 4017 omnis
859 3965 904 4032 qui
918 3980 969 4017 aaa
987 3979 1048 4033 per·
1098 3967 1235 4020 notantur,
1250 3957 1295 4026 qui
1309 3965 1372 4010 sunt
1380 3954 1455 4024 jutta
1472 3956 1594 4010 ordinem
1613 3964 1813 4025 tetragonorum
1829 3953 1889 4008 loco

259 4054 387 4107 nausea-ii
405 4054 435 4107 in
454 4053 572 4109 omuibus
592 4071 651 4126 (μω
670 4056 766 4125 scripta
785 4064 845 4108 gum
864 4057 890 4108 in
905 4052 972 4110 libro
985 4055 1048 4125 [2955
1097 4053 1184 4108 Sexto,
1198 4054 1224 4099 el
1241 4061 1288 4114 pel*
1302 4045 1436 4100 senatlllill
1452 4045 1479 4099 in
1493 4052 1579 4099 semel
1592 4042 1777 4112 multiplicato.
1793 4041 1889 4099 sexies

259 4142 443 4210 assumta,
460 4143 656 4214 sedquoniam
676 4145 702 4200 iu
719 4144 777 4215 iege
793 4159 873 4199 nemu
884 4144 1049 4215 justificatur
1098 4134 1170 4188 enim
1190 4136 1246 4188 scni
1263 4134 1366 4189 iaciunt
1386 4135 1413 4188 ln
1431 4133 1510 4204 plana
1530 4133 1614 4206 ligura
1638 4141 1744 4189 sexinrn
1772 4141 1889 4202 tetragn-

260 4233 332 4301 apud
350 4231 447 4299 Deum,
465 4235 659 4304 etquicunque
679 4250 712 4290 εχ
736 4234 862 4305 operibus
884 4233 951 4303 legis
974 4243 1047 4298 guni,
1098 4240 1174 4289 nttttt,
1189 4226 1259 4295 qllotl
1274 4224 1338 4279 fideli
1358 4225 1467 4296 triginta
1482 4241 1539 4280 sell-
1555 4225 1602 4279 ESl
1616 4237 1722 4294 quoque
1736 4238 1833 4278 tersus
1849 4231 1886 4276 Ιθ·

261 4321 314 4375 sub
330 4321 474 4378 maledicto
496 4332 571 4390 sunt,
585 4323 708 4380 christos
724 4340 774 4381 nos
788 4325 901 4380 redemit
917 4325 950 4380 de
965 4325 1048 4379 mate·
1099 4316 1203 4386 aragoni
1219 4317 1245 4369 in
1259 4331 1321 4369 arca
1334 4317 1423 4370 crucis
1438 4316 1541 4386 positus
1556 4315 1621 4369 iste:

262 4412 335 4467 dicto
350 4411 427 4483 legis,
442 4411 529 4470 lactus
543 4429 592 4486 pro
606 4416 684 4471 nobis
702 4415 885 4480 maledictum,
905 4416 969 4486 quia
983 4415 1049 4469 scri-

260 4514 337 4574 ptum
353 4513 414 4560 cst:
432 4503 588 4561 Maledictus
608 4508 691 4562 omnis
708 4507 753 4579 qui
770 4508 863 4577 pendet
881 4497 915 4560 in'
928 4506 1007 4576 liuns,
1019 4513 1049 4559 ut

262 4595 389 4666 gentibus
410 4597 562 4653 benedictio
581 4597 696 4654 Abrabae
714 4597 791 4654 steret
812 4598 839 4653 in
854 4595 1047 4662 Christolcsm

261 4694 293 4741 ut
311 4687 533 4759 pollicitationem
554 4687 672 4759 Spiritus
695 4688 860 4758 accipiamus
886 4701 934 4758 per
957 4686 1046 4742 lrdcm.

260 4777 346 4850 lgitrtr
356 4793 418 4833 cum
431 4779 566 4834 destructa
578 4780 613 4835 sit
625 4780 778 4835 maledictio
790 4779 857 4850 legis
868 4795 917 4849 per
930 4794 1046 4842 cruceni,

260 4878 291 4926 ρ,
306 4871 365 4940 ejus
384 4870 536 4926 „mufiuuuo
553 4885 603 4941 per
623 4871 709 4942 ipsam
728 4885 859 4926 conversa
884 4870 910 4924 p„
931 4869 1049 4924 dulcedi.
1099 4850 1207 4907 Tertius
1220 4865 1336 4922 namque
1348 4853 1374 4907 ln
1389 4852 1478 4908 medio
1490 4854 1579 4908 crucis
1593 4861 1636 4908 cst
1648 4852 1790 4913 situahlc:

260 4973 335 5022 uem,
351 4957 461 5028 dignum
473 4966 516 5015 est
528 4959 610 5014 etiam
625 4968 655 5014 nt
669 4961 696 5014 ln
709 4956 768 5028 ejus
779 4956 891 5028 effigiem
904 4956 1048 5027 disponan·
1060 4995 1087 5055 D
1163 4959 1222 5009 tora
1229 4962 1363 5012 sacerdotis
1374 4960 1496 5012 leviticus
1505 4964 1596 5026 optime
1606 4962 1693 5024 psallit.

262 5058 307 5103 1⁸³
319 5049 383 5104 ΗΜ
397 5048 475 5120 Ῑθῦῑῑι
493 5058 524 5105 ¹¹¹
536 5051 712 5122 wudfflessfiil
729 5049 819 5121 ⁰90¹ss
837 5048 865 5102 5¹¹
879 5049 931 5102 ¹¹⁰⁰
945 5048 1049 5102 Ῑῐῑῃθῑθ·
1099 5063 1218 5131 Quartus
1232 5067 1340 5136 quidem
1356 5067 1385 5121 ln
1394 5068 1505 5123 sinistro
1520 5082 1604 5122 cornu
1616 5067 1734 5138 scriptus
1745 5076 1786 5124 est
1799 5074 1851 5127 lta:

262 5149 333 5207 scat,
353 5148 382 5195 et
398 5142 520 5211 mysterii
540 5149 740 5197 sacramentum
768 5146 905 5211 appareat.
930 5137 999 5208 Ergo
1022 5137 1049 5193 iu

262 5232 362 5302 capite,
383 5231 435 5287 boc
451 5240 503 5299 est,
527 5232 555 5288 in
577 5231 695 5289 culmine
715 5240 815 5290 sancte
835 5230 934 5294 crucis,
954 5230 1049 5300 sitpo-

262 5322 331 5376 situs
350 5321 576 5388 liberGencseos,
594 5323 657 5394 qula
674 5322 732 5398 ipse
750 5329 831 5393 caput
848 5328 890 5376 est
908 5328 935 5374 ει
947 5320 1050 5389 primus

263 5414 382 5468 omnium
404 5413 546 5482 librorum,
563 5430 679 5471 narrans
696 5415 768 5488 quod
791 5415 818 5469 in
836 5412 968 5484 principio
987 5411 1051 5466 lecit

264 5505 334 5561 {leus
346 5505 445 5563 celum
457 5514 485 5563 ct
498 5515 607 5574 terram,
631 5509 723 5579 utique
737 5522 785 5578 per
801 5505 897 5562 Filium
913 5518 990 5559 suum
1001 5518 1048 5557 ρο.
1163 5489 1221 5539 liam
1235 5490 1449 5541 Derueroaornium
1460 5494 1599 5542 renovantis
1611 5492 1697 5554 galidii
1706 5492 1771 5539 dicit.

1160 4443 1196 4495 'le
1206 4443 1310 4495 Genesis
1321 4458 1382 4496 crux
1392 4445 1453 4496 alma
1462 4447 1520 4496 beat
1530 4454 1570 4494 tua
1581 4456 1683 4494 mouere
1694 4444 1782 4493 laudat.

1100 4544 1241 4602 Secundus
1256 4562 1319 4603 vero
1335 4557 1387 4614 cst,
1410 4548 1455 4617 qui
1481 4548 1508 4602 in
1533 4548 1667 4619 tetragoni
1691 4547 1780 4602 dextri
1803 4562 1888 4602 cornu

1098 4637 1202 4705 positus
1216 4636 1261 4691 hic
1274 4654 1281 4689 z

1162 4746 1260 4797 diodus
1268 4753 1343 4811 atque
1353 4751 1419 4799 canit
1431 4749 1547 4799 transitos
1557 4761 1658 4803 carmen
1667 4761 1759 4800 eruore.

1162 5179 1206 5228 dst
1216 5178 1339 5230 Numerus
1347 5187 1428 5230 cantat
1438 5179 1556 5242 magnalia
1568 5181 1628 5230 mira
1641 5181 1767 5246 triumphi.

1103 5287 1217 5345 Ultimus
1238 5276 1327 5344 etiam
1342 5291 1388 5359 qni
1412 5290 1438 5344 in
1462 5291 1556 5345 ultimo
1580 5298 1729 5361 tetragono,
1750 5291 1845 5353 idest,
1862 5291 1887 5345 ir.

1100 5378 1165 5433 base
1179 5378 1268 5433 crocis
1282 5377 1433 5446 descriptus
1446 5387 1498 5440 εει,
1513 5379 1550 5432 ita
1565 5388 1659 5434 sonat:

893 5695 1244 5716 Μ
