4509 6850
762 632 938 689 contram.
959 629 992 685 nv
1013 627 1234 686 varrus-nun.
1253 662 1287 669 -
1307 628 1369 683 tau.
1393 628 1432 684 vr.
1833 616 1912 685 'roe

284 639 353 699 toti

284 765 423 820 relinquam
445 755 549 804 montes
570 744 718 803 transferre
737 746 885 816 potuerint.
909 742 1012 810 Quibus
1031 753 1074 794 re-
1088 742 1111 800 A
1126 755 1208 809 qtram
1223 740 1263 794 'ob
1281 740 1431 795 custodiam
1447 740 1604 796 humilitatis
1625 748 1782 812 acceperat,
1803 742 1866 810 qum
1890 746 1912 799 si

283 839 485 908 spondendum,
500 852 553 892 rrou
567 836 658 891 omnia
674 837 774 907 scripta
786 849 846 889 esse
865 850 925 904 quae
939 833 965 888 iu
978 831 1073 887 Eccle-
1125 834 1177 888 bac
1188 835 1329 899 caruisset,
1342 833 1500 889 salvusesse
1512 851 1564 889 riou
1573 842 1673 904 posset,
1684 835 1742 905 ipsu
1752 833 1918 896 affirmante,

283 930 323 983 sia
335 938 413 999 gesta
433 935 504 991 suut,
528 927 598 982 sicin
616 927 698 981 ctiam
719 926 752 982 de
772 925 850 981 lactis
868 925 954 996 ipsius
973 923 1074 979 Christi
1125 940 1188 980 cunr
1201 924 1240 978 ait
1257 942 1263 978 :
1280 923 1313 977 Et
1329 940 1360 978 ne
1372 925 1524 995 magrvitado
1540 924 1723 978 revelationum
1734 923 1842 979 extollor
1857 940 1911 998 mr,

284 1022 331 1076 Dei
345 1030 373 1076 et
384 1020 491 1076 Domini
506 1019 742 1089 nostriSeriptura
757 1026 882 1074 testatur.
901 1015 976 1072 Unde
985 1016 1075 1073 clhoe
1125 1019 1203 1073 detes
1225 1027 1262 1071 ert
1281 1017 1345 1071 milri
1361 1015 1482 1071 stiorrrlua
1497 1017 1583 1070 caruis
1597 1033 1661 1070 mem
1676 1016 1782 1086 orrgclas
1796 1015 1915 1084 Soterem·
1963 1011 1966 1017 ’

282 1128 390 1182 ortoque
402 1112 460 1166 lieri
474 1111 604 1181 putuisse,
620 1117 650 1164 ut
665 1125 743 1165 mons
758 1108 863 1165 ablatus
879 1109 913 1164 de
924 1116 998 1163 terra
1010 1106 1073 1162 mit·
1124 1118 1153 1182 ut
1172 1126 1212 1163 mc
1222 1102 1378 1178 coioplria'et.
1398 1108 1617 1178 Quotiescunque
1635 1124 1700 1180 crgo
1719 1118 1842 1179 petentes
1859 1124 1913 1163 nou

283 1186 387 1261 teretur
409 1204 436 1259 iu
452 1218 542 1275 mare,
562 1204 585 1257 si
599 1203 749 1258 necessitas
769 1202 797 1257 id
820 1200 878 1256 fieri
895 1200 1072 1271 poposcisset.
1124 1199 1296 1265 exaudimur,
1310 1199 1370 1255 ideo
1383 1198 1423 1265 ur,
1438 1199 1500 1270 qum
1510 1199 1553 1254 vel
1564 1209 1657 1256 contra
1672 1199 1913 1253 auxiliumnostre

283 1296 422 1363 Quomodo
437 1294 552 1361 legimus
568 1292 668 1348 lactum
680 1293 806 1364 precibus
821 1291 893 1348 beati
905 1291 990 1362 patris
1005 1289 1074 1346 Gre·
1124 1291 1219 1348 salutis
1241 1274 1376 1362 petimus,
1393 1306 1425 1347 ac
1447 1300 1588 1363 propterca
1608 1307 1624 1346 a
1642 1290 1815 1346 misericorde
1833 1290 1913 1344 Patre

283 1392 370 1462 gorii,
389 1390 567 1445 Necessariae
588 1388 665 1444 Ponti
680 1387 827 1452 antistitis,
849 1385 900 1441 riri
922 1384 1025 1439 meritis
1046 1391 1075 1438 et
1122 1383 1287 1440 beneficium
1312 1383 1401 1450 uobis,
1425 1384 1497 1453 quod
1524 1384 1614 1455 inepte
1640 1384 1767 1454 petimus,
1790 1390 1912 1451 negatur.

283 1481 430 1535 virtutibus
444 1479 554 1545 eximii,
570 1486 598 1532 ut
612 1493 688 1532 mons
699 1478 726 1532 iu
742 1484 815 1531 terra
832 1483 936 1529 tantrrm
954 1473 1012 1528 loco
1030 1487 1075 1528 ce·
1124 1470 1201 1538 Quod
1215 1471 1303 1527 eidem
1317 1470 1439 1541 apostolo
1457 1469 1539 1526 Paulo
1554 1471 1700 1541 contigisse
1713 1472 1854 1541 probatur,
1871 1470 1914 1523 cui

283 1573 369 1635 deret,
385 1579 514 1641 quantum
526 1567 621 1624 incolae
631 1568 749 1624 civitatis
759 1582 829 1637 opus
844 1567 989 1622 habebant.
1006 1564 1074 1620 Cum
1125 1569 1189 1616 tunc
1202 1560 1303 1631 petenti
1314 1576 1472 1631 responsum
1486 1567 1529 1617 est
1541 1579 1547 1614 :
1561 1559 1659 1631 Sufficit
1673 1561 1718 1614 tibi
1732 1564 1818 1630 prolia
1833 1577 1890 1613 orec
1904 1577 1915 1613 :

282 1659 355 1715 euim
376 1658 468 1713 volens
485 1658 619 1713 :edificare
636 1657 779 1713 ecelesiam
795 1658 821 1711 in
834 1656 893 1712 loco
907 1664 982 1726 apto,
999 1653 1073 1710 vide-
1124 1666 1187 1703 nam
1200 1651 1281 1704 uirtus
1291 1649 1319 1704 io
1330 1649 1634 1719 infirmitatepcrficitar.
1651 1647 1697 1704 Vel
1711 1648 1785 1703 utilia
1794 1648 1914 1717 quidem,

283 1756 325 1803 ret
348 1764 410 1803 eum
432 1748 617 1820 angrrstiorum
635 1763 696 1803 esse
717 1763 799 1817 quarn
817 1762 861 1802 res
884 1746 1019 1817 exigebat,
1041 1760 1075 1801 eo
1124 1749 1153 1799 el
1168 1757 1228 1812 quae
1242 1742 1277 1798 ad
1289 1756 1382 1797 veram
1400 1741 1515 1797 salutem
1531 1741 1693 1812 respiciant,
1710 1740 1845 1810 petimus,
1868 1739 1916 1794 sed

283 1840 355 1909 quod
382 1856 415 1895 ex
440 1854 492 1894 una
510 1848 602 1910 parte,
623 1852 690 1910 rupe
718 1838 812 1903 maris,
834 1852 866 1893 etr
892 1835 956 1903 alia,
982 1844 1074 1891 moute
1125 1836 1177 1907 ipsi
1194 1836 1264 1892 male
1277 1836 1391 1892 virendo
1409 1835 1532 1890 auditum
1551 1834 1630 1890 nobis
1641 1831 1707 1904 justi
1721 1831 1822 1901 judicis
1835 1845 1914 1885 aver·

283 1933 409 2001 proximo
421 1939 628 1997 coarctaretur,
644 1931 804 1985 veuitnocte
815 1930 849 1984 ad
858 1928 946 1984 locum
958 1936 985 1984 et
996 1928 1073 1997 geni·
1126 1927 1218 1993 timus,
1241 1926 1392 1982 incidentes
1415 1926 1441 1980 io
1463 1925 1529 1980 illud
1551 1923 1704 1981 Salomonis
1724 1938 1732 1977 :
1752 1922 1803 1989 Qui
1823 1921 1916 1974 euertit

284 2025 334 2079 bus·
345 2024 421 2079 deris
430 2024 569 2078 admonuit
582 2022 665 2078 Deum
677 2022 865 2092 promissionis
876 2036 941 2086 suae,
957 2030 987 2076 ut
996 2036 1075 2078 mon-
1127 2034 1218 2073 aurem
1227 2033 1313 2082 reem,
1327 2032 1358 2071 ne
1368 2016 1460 2070 audior
1470 2014 1562 2084 legem,
1574 2012 1657 2067 oratio
1667 2012 1724 2082 ejus
1737 2011 1784 2066 erit
1796 2024 1916 2064 exsecre-

285 2121 339 2166 tem
357 2112 462 2182 longius
488 2111 566 2181 juxta
584 2112 663 2166 iidem
681 2110 799 2182 petentis
813 2117 915 2180 ageret.
940 2109 974 2164 m
996 2122 1075 2164 manc
1091 2086 1114 2145 Β
1128 2110 1188 2165 bilis
1202 2109 1293 2180 (Prot.
1306 2105 1412 2177 xrvnv).
1425 2105 1473 2163 Vel
1483 2104 1546 2159 dum
1557 2118 1606 2175 pro
1620 2102 1795 2174 peccantibus
1807 2100 1916 2168 ouibus·

283 2199 356 2254 lacto
371 2214 512 2264 reversus,
528 2200 630 2255 invenit
652 2208 772 2255 montem
793 2207 899 2253 tantum
918 2197 997 2267 spatii
1012 2197 1076 2252 reli·
1126 2215 1208 2271 quam
1222 2207 1252 2255 ut
1262 2198 1423 2267 resipiscant
1436 2209 1558 2259 tiramus,
1571 2194 1622 2249 etsi
1636 2191 1778 2248 salubriter
1789 2191 1917 2263 petimus,
2008 2203 2015 2220 ·

282 2290 376 2358 ‘luisse
393 2290 574 2345 stmctoribus
590 2289 723 2355 eccissssiae»
742 2297 871 2360 quantum
889 2302 958 2357 09⁰⁵
970 2286 1073 2342 babae·
1125 2302 1208 2363 atque
1220 2307 1253 2348 ex
1268 2298 1362 2346 nostro
1374 2289 1471 2343 merito
1486 2286 1559 2357 digni
1574 2286 1660 2342 simus
1672 2285 1777 2350 auditu,
1795 2285 1915 2355 ipsorum

283 2388 354 2433 rant.
376 2379 486 2436 Poterat
506 2395 571 2451 ergo
591 2380 651 2446 bic,
671 2386 778 2449 poterat
795 2378 864 2432 alius
881 2377 942 2447 quis
954 2375 1075 2446 ejusdem
1126 2392 1216 2439 tamen
1234 2379 1399 2452 perversitas
1411 2393 1445 2433 oe
1461 2378 1634 2449 impetremus
1647 2376 1765 2433 obsistit.
1777 2376 1821 2431 Fit
1833 2376 1915 2431 etiam

283 2469 375 2523 meriti
395 2469 447 2543 vir,
472 2470 495 2525 si
514 2468 702 2540 opportunitas
720 2467 868 2538 exegisset,
892 2466 1039 2538 impetrare
1058 2483 1075 2523 a
1126 2470 1270 2542 aliquando
1285 2477 1315 2525 ut
1329 2467 1459 2525 salutaria
1475 2482 1586 2539 prorsus
1604 2476 1632 2524 et
1652 2467 1779 2539 precibus
1796 2466 1917 2523 sollicitis

283 2559 397 2613 Domino
419 2559 516 2614 merito
541 2558 612 2624 lidei,
638 2566 668 2614 ut
686 2559 768 2614 ctiam
791 2573 870 2613 mous
889 2557 1030 2614 tolleretur
1047 2566 1076 2615 et
1125 2570 1154 2618 et
1175 2560 1279 2617 devotis
1296 2572 1450 2630 quaeramus
1467 2557 1634 2624 actionibus,
1653 2572 1704 2613 nec
1719 2564 1808 2612 tamen
1822 2557 1914 2611 statim

285 2648 438 2702 mitteretur
451 2648 478 2702 in
491 2662 576 2703 mare.
590 2649 690 2705 Verum
701 2648 765 2718 quia
774 2648 877 2703 montis
887 2648 997 2704 nomine
1010 2664 1075 2704 non·
1125 2653 1319 2726 qrraepetimus
1332 2652 1518 2720 obtineamus,
1539 2653 1587 2710 scd
1599 2652 1626 2707 in
1641 2650 1760 2707 laturum
1778 2651 1916 2723 petitionis

284 2756 421 2811 uunquam
434 2741 557 2797 diabolus
572 2740 757 2812 significatur,
770 2738 897 2797 videlieet
910 2748 1076 2812 pmptersu·
1126 2753 1227 2801 nostrae
1242 2743 1382 2800 differatur
1398 2741 1519 2800 effectus.
1539 2740 1612 2798 Sicut
1630 2757 1691 2798 cum
1708 2742 1822 2812 genibus
1840 2740 1917 2797 flexis

284 2835 423 2904 peruiam,
440 2849 493 2903 qua
517 2849 546 2890 se
568 2841 663 2889 contra
680 2834 763 2888 Deum
783 2832 884 2902 erigit,
904 2843 932 2888 ct
943 2847 1005 2889 esse
1019 2832 1076 2889 vult
1126 2836 1245 2908 quotidie
1257 2851 1384 2904 rogamus
1394 2834 1512 2899 Patrem,
1525 2834 1657 2901 diceutes,
1671 2834 1797 2889 Adceniet
1809 2850 1917 2905 regnunt

284 2922 379 2978 Siliiiiis
404 2924 555 2990 iiliffiissw,
578 2939 656 2979 muns
674 2923 709 2978 id
729 2931 894 2994 impium
913 2937 1007 2979 e⁰l⁰¹¹¹
1028 2922 1075 2994 qui
1125 2940 1210 2995 team,
1226 2930 1297 2985 idem
1310 2936 1400 2984 tamen
1416 2909 1529 3000 regnum
1547 2942 1601 2983 nou
1614 2942 1675 2983 mox
1692 2928 1814 2982 oratione
1829 2927 1917 2992 linita,

284 3012 368 3067 lortcs
381 3012 434 3068 fide
451 3021 524 3079 suut,
536 3012 641 3087 tollitur
651 3012 685 3067 cle
700 3020 785 3078 terra,
799 3020 828 3067 et
840 3012 867 3066 ln
878 3026 953 3067 mare
966 3012 1076 3084 projici·
1125 3020 1175 3076 sed
1186 3028 1307 3089 tempore
1321 3031 1441 3090 congmo
1452 3032 1546 3073 sumus
1559 3016 1705 3087 accepturi,
1721 3016 1783 3086 quia
1798 3016 1842 3086 pia
1856 3030 1917 3085 pm.

284 3113 343 3168 tur,
359 3122 420 3161 cum
439 3106 649 3176 praedicantibus
667 3106 779 3161 verbum
798 3105 955 3162 doctoribus
973 3104 1075 3180 sanctis
1125 3104 1229 3165 visione
1246 3107 1333 3164 nostri
1348 3106 1496 3163 conditoris
1513 3115 1619 3162 constat
1635 3106 1758 3172 actitari,
1781 3113 1811 3160 ut
1823 3105 1917 3162 videli-

283 3195 439 3251 immundus
452 3197 564 3265 spiritus
576 3197 611 3252 ab
623 3210 717 3252 eorum
732 3196 814 3251 corde
827 3194 967 3265 repellitur
980 3195 1026 3265 qui
1040 3195 1075 3251 ad
1125 3208 1170 3257 cet
1190 3198 1323 3256 desideria
1346 3206 1447 3254 nostrae
1465 3198 1617 3254 devotionis
1639 3197 1767 3253 dilatione
1781 3204 1917 3261 crescant,

282 3286 365 3339 vitam
383 3296 446 3343 suut
462 3287 647 3357 praeordinati,
664 3295 692 3341 et
706 3286 733 3340 in
750 3287 911 3342 turbulentis
920 3288 1074 3358 amarisque
1124 3299 1153 3348 et
1174 3299 1313 3347 cremento
1333 3290 1491 3360 qrrutidiano
1515 3290 1602 3361 magis
1625 3289 1765 3362 magisque
1788 3295 1915 3359 provecta

284 3376 433 3434 infidelium
454 3378 591 3434 mentibus
611 3378 748 3435 vesaniam
763 3394 819 3435 suae
831 3379 981 3451 tyrannidis
995 3394 1075 3436 exer·
1125 3382 1235 3438 tandem
1257 3379 1404 3451 perfectius
1423 3381 1533 3451 capiant
1550 3380 1659 3452 gaudia,
1683 3395 1743 3452 quae
1766 3379 1917 3450 requirunt.

282 3484 346 3524 cere
366 3470 549 3538 permittitur,
571 3485 625 3524 nou
647 3486 702 3540 quo
720 3470 758 3525 lbi
776 3478 804 3524 et
820 3480 902 3526 antea
920 3470 1011 3526 sedem
1031 3485 1075 3526 re·
1127 3475 1200 3531 luter
1222 3489 1283 3544 quae
1310 3473 1470 3540 notandum,
1492 3475 1554 3544 quia
1582 3489 1643 3529 cum
1669 3487 1719 3542 pm
1743 3473 1918 3543 peccantibus

281 3573 418 3627 girumque
429 3572 483 3612 non
495 3558 633 3624 habuerit,
647 3559 696 3615 sed
707 3559 772 3629 quia
791 3567 867 3615 tauto
880 3560 971 3616 acrius
985 3561 1012 3616 iu
1028 3575 1076 3617 eos
1126 3581 1248 3630 oramus,
1270 3573 1299 3621 ct
1316 3566 1339 3621 si
1360 3580 1454 3621 eorum
1468 3565 1644 3621 salvationem
1660 3564 1806 3634 impetrare
1824 3563 1919 3635 nequi-

281 3663 351 3716 qoos
367 3647 431 3702 licet
446 3647 559 3713 deserit,
578 3655 682 3718 qrrauto
694 3649 810 3720 amplius
820 3649 923 3705 redolet
939 3650 1076 3706 alaesioue
1126 3672 1199 3722 mus,
1222 3670 1392 3726 nequaquam
1414 3664 1505 3712 tamen
1523 3655 1612 3711 fructu
1631 3655 1721 3726 precis
1740 3664 1839 3712 nostrae
1860 3654 1918 3726 pri-

281 3740 389 3808 piorum
409 3737 491 3793 luisse
510 3739 661 3795 devulsum.
685 3740 733 3796 Cui
757 3742 846 3796 simile
865 3749 908 3798 est
921 3741 987 3798 illud
1004 3743 1076 3813 Apo-
1125 3764 1234 3815 vamur,
1250 3748 1325 3818 quia,
1350 3747 1401 3803 etsi
1418 3748 1457 3803 illi
1479 3763 1533 3803 non
1557 3758 1620 3804 suut
1642 3748 1716 3819 digni
1734 3747 1843 3812 salvari,
1870 3760 1918 3802 nos

279 3831 400 3901 mlypsis
412 3848 418 3885 :
432 3830 465 3883 b'r
482 3832 612 3885 secandus
634 3831 741 3903 augelus
762 3835 825 3888 tube
843 3835 949 3899 cecinit,
971 3846 995 3891 ct
1015 3852 1074 3891 ecee
1126 3845 1217 3893 tamen
1231 3836 1331 3894 amoris
1345 3852 1426 3907 quem
1439 3836 1491 3893 illis
1505 3838 1685 3908 impendimus
1697 3839 1820 3895 mercede
1835 3839 1918 3894 doua-

280 3934 406 3992 tanquam
419 3938 493 3976 mons
504 3938 613 3992 magnus
623 3924 682 3994 igne
693 3923 787 3979 ardeae
803 3926 898 3980 misses
913 3927 988 3981 estin
1003 3944 1075 3982 more
1125 3927 1225 3983 bimur.
1249 3927 1348 3998 Sicque
1369 3928 1397 3983 in
1418 3929 1463 3984 tali
1486 3943 1592 3998 quoque
1613 3930 1745 3998 petitione
1764 3929 1920 3999 implebitur

281 4012 373 4082 (ripae.
387 4008 458 4079 xrrr).
473 4009 594 4066 Cunente
603 4013 704 4067 etenim
718 4013 815 4083 angelo
825 4014 908 4079 tuba,
922 4030 1000 4070 mons
1011 4016 1080 4084 igne·
1125 4018 1205 4074 uobis
1219 4016 1264 4073 illa
1278 4017 1383 4072 Domini
1397 4018 1552 4086 promissio,
1568 4033 1620 4086 rpra
1636 4018 1674 4072 ait
1687 4032 1695 4071 a
1710 4017 1741 4072 Si
1756 4019 1818 4089 quid
1833 4011 1914 4088 gretie-v

284 4104 383 4158 ardens
393 4103 493 4158 missus
506 4112 548 4158 est
562 4104 589 4157 in
604 4119 689 4170 mare,
705 4106 768 4175 qtria
782 4107 948 4175 predicante
961 4108 1074 4161 verbnm
1125 4108 1184 4160 ritis
1199 4104 1306 4160 Patrem
1319 4107 1347 4159 ia
1362 4106 1466 4159 nemine
1479 4103 1553 4170 meo,
1571 4104 1642 4159 calte
1655 4104 1725 4161 rolris
1738 4105 1830 4177 (door.
1849 4107 1915 4179 xm).

283 4195 395 4250 doctore
416 4197 556 4261 veritatis,
582 4197 710 4266 antiquus
731 4197 817 4253 bostis
841 4198 1076 4256 inclamamus
1125 4194 1285 4251 Intuendum
1309 4196 1399 4262 enim,
1417 4196 1553 4267 quianon
1573 4197 1612 4251 ait
1638 4197 1813 4268 simpliciter,
1830 4199 1915 4267 dabit,

283 4301 413 4343 accensus
436 4302 628 4356 perversorum
647 4287 752 4342 animos
772 4289 881 4359 gravius
896 4283 1075 4362 corrupturus
1125 4285 1173 4341 sed
1190 4285 1307 4352 dabitur,
1332 4285 1429 4355 inquil,
1454 4286 1523 4341 vobit
1537 4300 1546 4338 ι·
1561 4287 1624 4356 quia
1648 4289 1699 4344 elsi
1726 4305 1779 4344 neu
1804 4290 1845 4346 eis
1867 4306 1916 4362 pm

283 4379 363 4443 adiit,
382 4388 411 4433 ut
424 4379 544 4434 dolorem
561 4377 728 4449 expulsionis
739 4395 795 4435 suae
808 4380 841 4437 de
853 4379 977 4438 firlelibus
989 4383 1076 4439 vindi·
1126 4373 1224 4444 quibus
1238 4373 1356 4444 petimus
1366 4375 1451 4441 dabit,
1466 4375 1544 4431 ¹¹0i¹iS
1555 4384 1657 4443 lamen,
1668 4392 1729 4433 ⁰¹¹⁰]
1741 4395 1790 4449 pro
1801 4379 1915 4436 ³ii⁰r¹¹¹¹¹

283 4471 398 4526 carmin
413 4467 532 4540 perfidis.
1069 4522 1071 4525 .
1125 4464 1259 4520 erratibus
1273 4464 1483 4520 misericorditer
1495 4466 1700 4536 intervenimus,
1712 4470 1852 4540 praemium
1867 4487 1915 4528 uo·

319 4563 353 4617 lit
362 4564 450 4617 omerio
460 4581 621 4637 querelaque
627 4565 752 4636 petieritis
761 4566 790 4620 in
800 4567 919 4647 oratione
931 4566 1079 4631 credentes,
1126 4566 1190 4614 Sllae
1201 4558 1378 4630 benignitatis
1393 4560 1529 4617 restiluel·

283 4656 425 4725 accipietis.
450 4654 480 4711 in
505 4656 651 4729 Evangelio
674 4655 788 4714 loannis
806 4658 906 4729 legitur
931 4658 1075 4714 Dominum
1162 4648 1231 4722 [ii-l
1245 4649 1279 4703 Ei
1294 4666 1352 4704 cum
1374 4652 1480 4706 venitm
1499 4652 1528 4706 ir
1544 4652 1684 4723 lentulum,
1704 4666 1868 4712 accerserent
1881 4659 1916 4712 od

284 4743 425 4815 discipulis
447 4747 548 4801 dixisse
567 4765 573 4801 :
591 4747 685 4815 Amen,
704 4763 780 4803 enea
795 4748 854 4802 dico
868 4748 948 4813 roim,
969 4748 992 4802 ai
1010 4748 1074 4819 qaid
1127 4759 1187 4798 eam
1206 4743 1339 4798 docentem
1359 4744 1487 4814 principer
1501 4745 1665 4799 sacerdotem
1679 4787 1686 4813 ,
1701 4757 1726 4802 et
1744 4748 1857 4804 seniores
1870 4766 1917 4820 po-

282 4840 1072 4914 perieremPetreiumnomtmmcomaiiroctimber.xvv).
1126 4831 1182 4904 puli
1204 4833 1338 4888 dicenter:
1352 4832 1386 4886 iil
1403 4849 1456 4904 (Μ
1475 4843 1601 4904 bolessai&
1624 4835 1679 4890 ila’c
1697 4837 1787 4907 iacis?
1802 4837 1836 4891 El
1857 4841 1916 4909 quie

285 4927 319 4981 m
337 4928 373 4982 ob
393 4930 444 4984 lroc
468 4944 483 4983 a
508 4931 646 4985 nonnullis
659 4931 805 5000 quaeritur,
830 4932 966 5001 quonrodo
980 4946 1075 4988 omnes
1126 4928 1174 4982 tibi
1190 4927 1261 4982 dedit
1280 4928 1348 4982 lianc
1361 4927 1683 5002 potestatemillliemr.)
1696 4929 1815 4988 Diversis
1831 4933 1918 4989 modis
1975 4980 1989 4998 ,⁴

283 5021 441 5086 credentes,
465 5022 491 5075 in
522 5023 631 5076 nomine
657 5021 808 5079 Salvaturis
834 5031 957 5081 ueleutes
984 5024 1075 5080 omnia
1126 5017 1250 5073 eamdem
1270 5034 1352 5089 quam
1375 5034 1456 5089 supra
1482 5019 1645 5076 calumniam
1663 5030 1786 5088 sillium,
1808 5027 1918 5095 <inludo

282 5123 451 5177 cprtmcunquc
466 5111 591 5179 petierint
608 5112 753 5180 accipiant,
771 5128 832 5168 eum
846 5129 900 5170 nun
919 5113 1006 5170 solum
1027 5131 1076 5172 uo-
1126 5110 1278 5166 dixerunt:
1293 5109 1327 5164 1¹¹
1341 5109 1484 5166 Bsseiwili
1501 5113 1617 5184 principe
1640 5115 1831 5172 demoniorum
1847 5118 1917 5189 ejicit

283 5198 332 5251 stri
350 5198 452 5254 similes
475 5199 569 5264 multa,
594 5215 654 5270 quae
676 5201 784 5257 Patrem
804 5203 831 5257 in
848 5203 948 5260 Christi
965 5207 1075 5262 nomine

284 5290 411 5344 ridentur
432 5300 534 5360 petere,
558 5307 611 5346 non
636 5293 784 5362 accipiunt,
804 5310 899 5350 verum
916 5297 1000 5352 etiam
1017 5298 1076 5368 ipse

284 5382 423 5450 apostolus
441 5383 541 5439 Paulus
556 5385 637 5440 lertio
654 5385 738 5439 Deum
757 5388 894 5457 rogaverit
908 5396 965 5443 trta
982 5404 1013 5445 se
1028 5404 1075 5445 an-

283 5470 360 5538 gelus
382 5471 504 5539 Satanae,
524 5488 538 5527 a
557 5489 613 5543 qrvo
631 5473 819 5540 tribulabatur,
834 5475 1003 5543 abscederet,
1024 5493 1075 5535 nee

285 5560 430 5628 impetrare
452 5562 570 5632 potuerit
588 5562 633 5634 (11
653 5561 716 5616 Cor.
741 5562 801 5636 xn).
823 5563 876 5620 Sed
894 5565 975 5636 buius
992 5566 1075 5622 motio

283 5650 442 5718 ‹pumstiouis
457 5651 568 5721 antiqua
583 5652 639 5722 jam
655 5652 767 5708 Patrum
785 5664 905 5709 reserata
920 5664 962 5711 est
980 5655 1074 5724 expla-

225 5815 230 5822 .
283 5742 413 5806 natione,
429 5742 474 5810 qui
490 5744 625 5798 veraciter
644 5743 846 5809 intellexeruut,
869 5744 928 5801 illos
948 5744 1077 5801 salumin

283 5832 394 5885 rrorrrinu
412 5833 563 5889 salvatoris
575 5844 678 5905 petere.
691 5837 735 5904 qui
748 5851 780 5891 ca
795 5852 855 5906 qliae
868 5837 902 5891 ad
917 5845 1076 5908 perpetuam

284 5919 399 5974 salutem
414 5924 548 5992 plutinent
568 5931 671 5993 petunt.
692 5925 806 5995 ldcotprc
817 5926 969 5996 apostolum
983 5945 1035 5983 uon
1049 5928 1075 5982 iu

285 6012 394 6069 ttutuiuc
420 6016 569 6071 Satvrvtoris
587 6018 714 6088 petiisse,
736 6028 765 6074 ut
790 6021 936 6078 tentatione
957 6034 1073 6081 careret.

1127 5202 1170 5257 iric
1182 5200 1323 5256 demonio.
1340 5199 1452 5267 Quando
1463 5203 1535 5257 enirn
1550 5203 1663 5259 dieunt:
1679 5205 1713 5261 in
1723 5224 1776 5279 grta
1790 5219 1916 5279 potestate

1128 5292 1185 5347 dec
1198 5291 1288 5362 sacal
1304 5289 1338 5346 de
1350 5291 1398 5347 Dei
1413 5291 1537 5347 dubitant
1552 5302 1703 5364 potestate,
1716 5307 1743 5352 et
1755 5298 1918 5371 subintelligi

1128 5384 1222 5440 volunt
1241 5382 1339 5439 diaboli
1361 5399 1421 5439 esse
1438 5385 1510 5454 quod
1527 5385 1618 5441 iaciat.
1638 5387 1775 5443 dddcotes
1788 5405 1917 5461 quoque:

1130 5474 1196 5540 Quis
1214 5474 1262 5528 liii
1279 5473 1349 5530 dedit
1368 5473 1435 5528 leorae
1447 5479 1620 5543 potestatem?
1633 5476 1851 5536 dlaoiiestissime
1870 5482 1918 5537 Dei

1128 5565 1227 5621 Filium
1251 5571 1360 5635 negant,
1378 5578 1459 5633 quem
1478 5573 1575 5635 putant
1591 5581 1645 5622 non
1661 5568 1727 5636 suis,
1749 5570 1797 5625 sed
1822 5571 1920 5629 alienis

1128 5656 1233 5712 viribus
1245 5655 1321 5726 sigua
1333 5653 1433 5710 latere.

1164 5745 1331 5816 Respondeas
1348 5744 1426 5800 Iertes
1440 5745 1507 5800 dicit
1518 5746 1555 5801 eir
1570 5760 1579 5798 :
1594 5747 1610 5801 1
1612 5751 1766 5821 nterrogelto
1776 5770 1820 5808 voe
1836 5765 1860 5810 et
1873 5773 1920 5826 epo

1129 5857 1211 5894 arrum
1221 5855 1458 5910 aermooeot,qeeot
1466 5840 1489 5893 ri
1496 5840 1615 5895 dixeritis
1624 5842 1698 5908 aviii,
1707 5852 1730 5897 et
1740 5861 1786 5915 ego
1797 5847 1868 5902 robis
1879 5849 1919 5901 ei·

1128 5947 1186 5984 corn
1203 5931 1230 5983 in
1248 5948 1301 6000 que
1317 5940 1442 6000 potestate
1457 5931 1512 5985 irrue
1524 5930 1593 6000 [urio
1609 5947 1617 5984 :
1632 5926 1794 6004 Duplirnrum
1807 5938 1918 5996 ducturus

1130 6021 1198 6078 riarde
1215 6031 1281 6085 erut,
1299 6039 1312 6075 e
1326 6019 1387 6076 celo
1400 6039 1434 6076 arr
1445 6038 1477 6076 cr
1487 6017 1657 6079 lruutlm'bas'?
1668 6024 1775 6082 l‘ulet'at
1787 6027 1920 6087 Dumiuus
