4509 6850
314 622 347 678 93
411 641 417 646 .
996 617 1259 674 ettonmtotthrth.
1905 636 1939 690 ‘³8

313 741 430 790 mortem
449 730 551 804 otgarii
571 730 765 802 archiepiscopi
788 729 943 801 lloguutini,
962 734 1099 790 monacbis
1114 738 1138 798 Α
1151 750 1211 805 qum
1231 735 1393 807 pontificalis
1412 738 1554 796 ininisterii
1571 740 1687 797 ollieinm
1704 744 1842 813 requirere
1863 747 1940 803 ride·

313 823 423 879 iuterim
439 819 657 877 lamentantibus.

552 956 670 1015 htBEtt
691 957 868 1018 TERTIUS.

349 1079 435 1145 lgitnr
454 1086 514 1146 post
539 1085 652 1132 mortem
675 1078 814 1133 memorati
835 1080 1028 1151 archiepiscopi
1048 1081 1103 1137 llo·

314 1166 418 1238 guntini
437 1165 558 1237 Otgarii,
574 1167 620 1237 qui
643 1165 694 1221 luit
718 1168 744 1221 in
762 1168 856 1223 ordine
879 1171 1100 1240 arctuprasuturn

314 1258 442 1326 quintus,
462 1264 488 1310 et
507 1256 576 1311 obiit
596 1272 667 1310 auno
682 1256 828 1313 Dominieae
849 1261 997 1315 nativitatis
1013 1263 1101 1316 octin-

312 1348 464 1416 gentesimo
491 1346 696 1416 quadragesimo
719 1348 851 1417 septimo,
880 1350 1025 1406 indictione
1048 1352 1102 1406 llo·

313 1451 455 1490 manorum
467 1436 582 1501 decima,
593 1436 693 1492 mensis
702 1434 802 1505 Aprilis
813 1438 855 1491 die
866 1438 1099 1509 vicesimaprima,

312 1526 340 1582 in
359 1526 525 1582 monasterio
547 1526 632 1581 saneti
654 1526 748 1581 hllrani
769 1528 894 1598 martyris
907 1529 976 1597 apud
991 1530 1101 1601 lingnu-

312 1616 424 1681 tiam,iu
434 1615 536 1685 capella
548 1615 633 1670 saneti
643 1615 773 1671 Βοιιιΐιιιίἰ
785 1632 846 1673 eum
857 1618 958 1673 honore
969 1620 1099 1689 sepultus,

311 1704 567 1775 aanopontilicatus
576 1704 618 1760 sni
631 1705 886 1762 vicesimosecundo
898 1721 922 1771 ⁸,
937 1709 1032 1763 heatus
1047 1709 1100 1763 lia-

311 1802 400 1856 bamta
414 1799 524 1855 llaurus
534 1799 712 1871 Magnentius,
728 1802 810 1857 abbas
827 1802 978 1870 Fnldensis,
993 1821 1100 1877 promo-

313 1893 387 1947 done
405 1891 534 1947 Ludoriei
556 1891 645 1961 regis,
667 1891 694 1945 in
715 1892 944 1962 arehiepiscopum
967 1894 1100 1964 Mogonti-

312 1997 376 2036 uma
394 1981 513 2046 electus,
536 1979 607 2035 totis
620 1996 763 2051 pmcerum
778 1984 924 2050 successit,
948 1994 975 2039 et
994 1986 1100 2054 pruinis

312 2072 392 2127 annis
415 2086 512 2127 uorem
530 2071 562 2136 Β,
583 2073 719 2126 mensibus
746 2084 870 2142 quatuor.
895 2076 943 2130 Cui
971 2078 1138 2138 subsuta-B

311 2172 357 2217 tus
377 2159 460 2216 llatto
485 2161 511 2216 in
534 2161 640 2216 abbatia
670 2160 793 2217 Fnldensi
818 2167 965 2221 succedens
992 2169 1099 2238 praefuit

1153 826 1242 889 batur,
1266 827 1367 894 omisit,
1385 830 1432 885 sed
1456 831 1719 902 irreprehensibilem
1744 851 1773 890 se
1795 838 1942 895 cunetisin

1153 919 1279 988 operibns
1304 920 1382 974 bonis
1405 936 1513 992 semper
1533 924 1664 980 exhihuit.
1682 926 1827 983 Ordinatur
1850 943 1941 988 autern

1154 1008 1205 1064 luit
1219 1011 1245 1064 in
1261 1011 1506 1082 archiepiscopum,
1528 1016 1599 1070 sicut
1621 1028 1662 1072 est
1677 1019 1788 1085 dietum,
1812 1021 1942 1080 vicesima

1152 1098 1250 1153 seutad
1270 1099 1314 1154 die
1330 1103 1430 1157 utensis
1446 1103 1530 1170 tanti,
1546 1121 1606 1173 (quac
1620 1106 1670 1161 luit
1692 1120 1845 1164 sartetorum
1859 1110 1941 1166 loan-

1151 1187 1195 1242 nis
1217 1197 1244 1242 et
1261 1188 1336 1243 l’auli
1357 1200 1505 1262 martyrum
1534 1194 1680 1251 festivitate
1705 1200 1841 1265 solemnis,
1871 1202 1941 1270 apud

1152 1275 1317 1348 bloguntiam
1332 1280 1359 1333 in
1370 1282 1485 1337 eeclesia
1506 1286 1662 1352 cattiedrntt,
1684 1305 1746 1358 rege
1765 1291 1901 1347 Ludotico
1913 1300 1942 1348 et

1151 1366 1243 1423 multis
1254 1368 1314 1423 aliis
1324 1372 1511 1440 presentibus.

1189 1488 1201 1516 0
1216 1478 1315 1533 Eodem
1329 1495 1409 1546 anuo,
1427 1480 1538 1549 jubente
1551 1484 1687 1542 Ludorico
1705 1505 1779 1560 rege,
1800 1493 1870 1561 apud
1884 1492 1941 1547 llo-

1151 1568 1270 1637 guntiam
1284 1568 1310 1622 in
1328 1573 1490 1626 monasterio
1502 1575 1588 1628 sancti
1602 1575 1696 1631 Albani
1718 1581 1855 1650 martyris,
1869 1584 1942 1638 cirea

1150 1656 1311 1725 principium
1339 1660 1439 1714 mensis
1466 1659 1590 1716 Octobris
1616 1666 1746 1735 synodum
1775 1671 1878 1736 habuit,
1908 1676 1942 1728 ad

1151 1757 1231 1812 quarn
1246 1762 1299 1802 riou
1313 1747 1398 1802 solum
1411 1749 1444 1804 de
1459 1764 1506 1804 sua
1517 1753 1664 1820 prouincia,
1680 1758 1726 1811 sed
1741 1759 1823 1813 etiarn
1838 1761 1871 1817 de
1882 1764 1943 1818 aliis

1150 1835 1241 1905 plnres
1255 1839 1394 1908 episcopos
1404 1848 1431 1895 et
1443 1843 1554 1899 abbates
1565 1848 1722 1902 eotrrocarit
1734 1867 1741 1913 ;
1756 1867 1869 1919 qnorum
1881 1870 1943 1909 eorr-

1151 1928 1220 1990 silio,
1235 1929 1317 1984 multa
1332 1947 1380 1999 pro
1398 1935 1533 1989 communi
1554 1936 1670 1993 untione
1695 1940 1733 1994 rei
1752 1943 1943 2001 ecclesiasticen

1152 2019 1299 2087 prudenter
1312 2021 1456 2076 ordinarit.

1189 2130 1196 2168 ¹
1217 2130 1268 2185 l‘cr
1283 2131 1353 2187 idem
1368 2140 1473 2203 tempus
1487 2136 1584 2193 mulier
1607 2140 1740 2210 quaedam,
1762 2142 1878 2199 Thierda
1893 2162 1943 2201 uo·

311 2254 392 2308 ,mis
416 2260 528 2322 septem·
553 2251 681 2308 naham„
699 2253 789 2323 imque
812 2255 895 2312 abbas
918 2273 988 2312 anno
1011 2260 1099 2315 mus
1150 2221 1232 2286 mine,
1248 2224 1530 2298 pseudoprophetissa,
1552 2232 1584 2286 de
1606 2223 1728 2303 partibus
1751 2236 1845 2294 alicnis
1868 2240 1943 2296 venit

311 2359 370 2398 sure
385 2342 607 2414 quinquagesimo
620 2358 706 2406 notio,
724 2345 771 2413 qui
786 2344 835 2399 luit
848 2346 966 2401 Lotharii
981 2348 1098 2418 impera·
1150 2313 1183 2366 ad
1199 2312 1382 2383 M⁰3¹¹¹¹²i⁰m³
1405 2333 1466 2387 ‘¹¹¹ae
1487 2320 1639 2378 3³¹⁰¹¹¹⁰¹¹i⁸
1664 2326 1782 2397 ⁰P5⁸⁰⁰Pi
1808 2327 1941 2385 C⁰¹¹⁵¹³¹¹·

310 2434 382 2488 gmys
395 2433 541 2503 gemimus,
556 2441 584 2487 ρ,
603 2435 691 2505 qumi
713 2435 810 2491 Leonis
830 2453 906 2509 βψω
922 2442 1079 2497 secundusc
1151 2404 1244 2459 tieusis
1257 2408 1412 2475 parochiam
1429 2410 1485 2465 suis
1501 2413 1636 2468 vaticiniis
1651 2431 1703 2469 nou
1718 2417 1822 2474 modice
1836 2430 1943 2489 pertur-

308 2524 563 2593 Germanommque
573 2518 650 2597 gegis
663 2525 790 2582 [udovici
807 2544 883 2599 mque
902 2532 1033 2600 septimus
1072 2483 1100 2588 οἱ
1149 2492 1268 2548 barcrat.
1286 2495 1353 2550 Nam
1366 2504 1469 2552 certam
1482 2499 1515 2554 de
1527 2503 1650 2570 proximo
1665 2504 1809 2561 instantem
1821 2524 1944 2565 consunt-

308 2617 459 2672 Dominicae
474 2616 634 2682 univimus,
657 2614 713 2684 jam
736 2627 901 2688 praenotatus
923 2622 950 2675 in
966 2573 1099 2692 archizpi·
1149 2585 1275 2639 motionis
1299 2587 1391 2693 ⁸³⁸⁰&
1416 2588 1498 2653 diem,
1523 2591 1629 2661 aliaque
1651 2595 1789 2664 perplura,
1814 2614 1874 2667 quae
1892 2598 1943 2656 soli

306 2723 421 2778 scopum
429 2707 581 2773 ordinatus,
591 2694 734 2778 pristinum
745 2708 807 2764 vitae
823 2710 937 2781 rigorem
948 2728 1001 2767 non
1012 2714 1099 2768 solunt
1150 2676 1522 2842 ῗὲἳθῃζῖῂὲἶξᾞέὤᾙῖἰῑί
1540 2684 1943 2839 Ἓνὶἱᾞξὲὶῗὲἐωῑθζξὲῖῑθὼξθ

308 2798 315 2809 .
480 2797 486 2809 .
529 2798 534 2809 ,
707 2800 722 2826 ἱ.
861 2802 866 2814 ,
968 2804 974 2815 ,
1014 2805 1019 2816 ,
1223 2812 1230 2834 ‚
1526 2817 1533 2841 2
1929 2814 1943 2826 -

306 2797 432 2942 gfflz
443 2799 729 2960 Jffikn'sfflgffiffls
739 2808 1099 2965 ἑῖἓὲῃρὶἒιᾞιέἓῖᾘὲἓ
1149 2875 1222 2913 ιιιιιιιι
1237 2861 1328 2915 mundi
1343 2862 1413 2916 diem
1436 2863 1588 2921 imminere.
1604 2866 1680 2922 Unde
1703 2870 1778 2923 multi
1790 2886 1823 2925 ex
1843 2874 1942 2943 populo

308 2979 337 3033 in
358 2978 578 3034 mulus.²umm
604 2995 689 3050 usque
714 2980 747 3035 ad
763 2990 877 3037 monem
901 2984 1054 3039 custodivit.
1076 2985 1098 3038 Δ
1150 2954 1291 3023 utriusque
1307 2970 1388 3010 sextrs
1404 2957 1501 3012 timore
1523 2959 1651 3028 perculsi,
1668 2960 1701 3014 ad
1715 2974 1776 3032 eam
1798 2973 1941 3030 venerunt,

305 3071 437 3127 eam-,bus
458 3073 563 3127 mino
585 3072 717 3144 imprimis
738 3073 885 3141 abstinuit,
908 3076 1019 3132 delicias
1045 3092 1098 3133 non
1150 3043 1299 3114 oblatisque
1322 3046 1489 3112 muneribus,
1519 3063 1548 3102 se
1568 3049 1640 3104 illins
1663 3052 1841 3118 orationibus,
1861 3052 1942 3123 qnasi

305 3162 444 3232 quesivit,
458 3162 544 3218 nullas
565 3164 679 3218 infirmae
696 3165 786 3220 camis
799 3177 847 3221 aut
862 3167 962 3221 mundi
979 3167 1100 3237 volupta-

305 3263 349 3311 tes
358 3255 418 3310 sire
429 3253 570 3309 illecebras
580 3254 713 3310 ullatenus
722 3256 831 3311 admisit
843 3274 850 3324 ;
866 3257 972 3325 balnea,
983 3267 1011 3315 et
1019 3274 1099 3314 omne

305 3347 380 3416 quod
394 3360 494 3415 eorpus
514 3354 636 3401 tenerum
660 3345 742 3411 lorct,
771 3348 819 3402 sed
844 3357 961 3403 urentem
979 3349 1098 3416 resoluit,

306 3441 483 3497 minitatione
494 3449 620 3511 perpetua
635 3438 771 3505 refutarit,
785 3456 892 3513 gregem
907 3443 957 3498 sibi
972 3444 1098 3499 commis-

307 3545 378 3595 sam,
391 3540 423 3584 ut
434 3544 512 3585 uerus
525 3529 656 3600 pontiler,
670 3529 841 3600 fervidusque
854 3531 954 3587 Christi
965 3533 1097 3599 minister,

306 3638 416 3678 sumrm
432 3622 571 3694 diligentia
586 3622 750 3687 custodivit;
765 3636 845 3692 quem
862 3623 954 3688 verbo,
976 3623 1099 3693 exemplo

308 3713 401 3775 simul,
413 3720 439 3766 et
452 3713 532 3782 hujus
549 3713 611 3766 ritae
623 3712 733 3782 pabulo,
746 3728 798 3782 qna
809 3712 896 3782 potuit
908 3712 1097 3779 sollicitudine,

306 3805 383 3876 parit
398 3814 426 3858 et
437 3798 577 3859 enutrivit.
597 3805 638 3859 hb
648 3803 706 3873 ejus
718 3805 847 3860 memoria
860 3820 997 3874 uunquam
1009 3821 1099 3861 reces-

306 3897 343 3951 sit
356 3893 506 3966 apostoliea
522 3895 655 3948 sententia
675 3893 750 3948 Pauli
765 3894 898 3949 dicentis:
915 3893 1022 3966 Oportet
1042 3897 1098 3966 epr'-

305 3983 675 4055 scopumirreprebemibilem
698 4001 762 4049 esse,
787 3985 864 4038 utrius
891 3985 980 4039 neoris
1003 3986 1097 4053 uirum,

305 4075 437 4138 sobriam,
447 4082 559 4137 eastum,
573 4072 707 4126 uirtutibus
721 4081 854 4138 ornatam,
875 4074 1037 4143 prudentem,
1049 4093 1099 4146 pu-

306 4164 407 4223 dicum,
417 4160 583 4232 hospitalem,
594 4171 670 4234 atque
682 4161 807 4216 saluteris
821 4163 935 4219 scientie
949 4165 1098 4231 doctorem;

307 4272 359 4309 asu
375 4253 548 4319 vinolentam,
569 4269 620 4307 noa
643 4270 840 4323 percussorem,
865 4253 910 4307 sed
933 4255 1098 4320 arodestum,·

307 4361 360 4399 aaa
370 4345 525 4413 litigiosum,
537 4359 588 4396 nort
608 4341 740 4412 cupidum,
752 4342 832 4412 etqui
857 4343 1031 4397 testimonium
1050 4343 1099 4396 bu-

308 4435 366 4488 beet
381 4432 477 4485 borram
487 4431 519 4484 ab
531 4432 572 4485 lrit
590 4431 668 4484 etiam
681 4431 726 4501 qui
740 4430 804 4499 [oris
819 4439 889 4493 suut,
905 4441 932 4484 att
946 4447 997 4483 non
1008 4430 1035 4483 iu
1049 4430 1099 4483 im·

306 4523 459 4592 properium
473 4521 582 4585 incidat,
598 4530 622 4575 et
637 4521 665 4574 in
677 4518 797 4590 laqueum
811 4520 909 4574 dioboli
922 4520 948 4592 (l
965 4520 1032 4574 Tim.
1044 4520 1096 4593 ιιι).

293 4613 374 4690 „Quae
389 4611 480 4667 omitia
491 4611 613 4666 erebrius
626 4609 653 4664 in
663 4618 753 4665 mente
764 4610 911 4677 resoluens,
928 4610 995 4666 nihil
1004 4627 1097 4667 eornm

1150 3132 1262 3201 alicujus
1273 3143 1373 3190 sanctae
1383 3137 1617 3192 commendabant.
1630 3140 1673 3204 Et,
1685 3141 1755 3209 quod
1766 3142 1875 3211 grauius
1884 3154 1938 3208 cst,

1150 3224 1219 3278 sacri
1233 3224 1315 3279 etiam
1327 3224 1429 3279 ordinis
1442 3226 1494 3280 viri
1507 3226 1644 3283 doctrinas
1653 3228 1855 3287 ecclesiasticas
1867 3241 1942 3302 post-

1149 3323 1291 3381 ponentes,
1305 3313 1378 3367 illam
1396 3316 1472 3384 qnasi
1486 3317 1640 3387 magistram
1657 3319 1762 3374 coelitus
1780 3322 1942 3378 destinatam

1111 3436 1135 3499 c
1150 3403 1340 3472 sequebantur.
1362 3403 1425 3461 llaec
1439 3406 1471 3461 ad
1491 3407 1661 3476 praesentiam
1676 3410 1762 3465 saneti
1776 3409 1881 3468 liubaai
1895 3431 1941 3468 ar·

1149 3494 1317 3564 ehiprmsulis
1339 3505 1365 3551 et
1379 3496 1493 3552 aliorum
1519 3499 1707 3568 episcoporum
1731 3505 1802 3572 apud
1815 3514 1940 3560 sanctum

1149 3586 1281 3642 Albanum
1294 3589 1417 3653 deducta,
1432 3599 1459 3645 et
1470 3591 1612 3662 diligenter
1629 3593 1663 3649 de
1677 3593 1733 3649 suis
1745 3596 1942 3653 assertionibus

1150 3680 1289 3750 requisita,
1304 3683 1493 3752 presbyterum
1508 3685 1649 3752 quemdam
1664 3686 1714 3741 sibi
1736 3702 1768 3742 ea
1787 3689 1939 3758 suggessis-

1149 3789 1190 3838 se,
1201 3783 1226 3829 et
1239 3790 1268 3830 se
1283 3775 1358 3840 talia,
1372 3786 1489 3845 quastus
1500 3794 1591 3843 cansa,
1604 3779 1630 3832 iu
1642 3779 1767 3848 populum
1778 3781 1939 3846 seminasse,

1149 3864 1270 3936 professa
1296 3874 1346 3922 est.
1371 3866 1539 3937 Qttapropter
1564 3869 1684 3941 synodali
1709 3868 1811 3938 judicio
1835 3870 1941 3941 publice

1149 3973 1218 4013 caesa
1230 3958 1351 4031 flagellis,
1365 3960 1545 4014 ministerium
1559 3961 1765 4030 praedicationis,
1789 3963 1860 4032 quod
1875 3963 1943 4017 lrra·

1148 4049 1314 4104 tlonabiliter
1327 4059 1511 4121 usurpaverat,
1530 4059 1557 4105 et
1569 4050 1618 4104 sibi
1634 4060 1728 4105 cotnra
1740 4067 1841 4106 nrorern
1856 4052 1942 4108 eecle-

1149 4138 1287 4194 siastieum
1312 4139 1454 4194 vendicare
1476 4149 1693 4210 praesumpserat,
1722 4156 1784 4195 eum
1810 4141 1941 4198 dedecore

1148 4231 1266 4284 marimo
1280 4238 1309 4284 et
1322 4228 1463 4284 manifesta
1474 4230 1632 4286 cordusinne
1652 4232 1752 4295 amisit,
1767 4232 1877 4300 suisque
1890 4246 1937 4285 ua·

1150 4320 1250 4375 ticiuiis
1265 4319 1372 4375 tandem
1386 4319 1510 4385 confusa,
1525 4319 1604 4374 duem
1621 4319 1755 4389 imposuit.

1186 4430 1198 4468 ⁸
1212 4427 1385 4484 Getescalcus
1397 4444 1504 4499 quoqne
1518 4431 1530 4468 ¹¹
1544 4431 1684 4500 presbyter
1696 4430 1815 4499 quidam,
1831 4429 1941 4490 natione

1147 4518 1250 4586 Gallus,
1264 4535 1298 4575 ex
1316 4523 1323 4560 i
1342 4520 1506 4574 lthemornm
1529 4521 1638 4575 dioecesi
1653 4519 1807 4586 ailreniens,
1822 4521 1855 4576 de
1870 4536 1939 4591 prae·

1149 4610 1327 4667 destinatione
1345 4610 1393 4664 lici
1426 4625 1523 4664 nouum
1543 4619 1570 4665 et
1589 4611 1770 4680 perniciosum
1789 4612 1940 4667 seminabat

342 4777 356 4806 ι
371 4763 440 4818 Aliis
453 4764 574 4832 sigenam
587 4762 680 4832 prime,
696 4761 768 4832 quod
777 4761 916 4816 ordinatus
926 4768 1035 4831 putetur
1045 4762 1135 4842 snby)
1183 4764 1197 4805 l
1217 4764 1380 4834 sequentem
1397 4764 1467 4820 diem
1483 4777 1530 4819 seu
1544 4778 1561 4817 v
1575 4762 1687 4820 Kalend.
1712 4759 1775 4818 tutti
1797 4764 1939 4836 assignant

307 4835 416 4889 initium
430 4835 493 4887 anni
508 4831 559 4889 827
571 4841 617 4887 aut
629 4832 708 4886 linem
721 4832 784 4886 artui
799 4831 984 4902 praecedentis.

343 4906 358 4945 b
377 4903 521 4957 llattonem
541 4917 612 4957 anno
626 4901 679 4957 ste
697 4900 832 4957 secedenti
855 4901 881 4956 iu
900 4900 1042 4956 eeclesiam
1062 4900 1092 4956 S.

308 4973 381 5029 Petri
397 4973 508 5028 llabano
521 4972 684 5027 successisse
702 4982 808 5027 certum
821 4979 863 5025 est
883 4986 917 5025 ex
932 4971 1045 5040 epistola
1059 4971 1094 5025 ll)

306 5044 378 5112 Lupi
391 5042 496 5098 abbatis
515 5043 697 5098 Ferrariensis
714 5042 747 5095 ad
764 5040 924 5095 llabanum:
947 5059 955 5092 t
978 5041 1092 5105 Audiri,

307 5112 407 5194 inquio
421 5113 555 5168 arduam
575 5110 814 5166 administrationis
828 5119 927 5165 vestrae
944 5125 992 5165 ros
1013 5111 1094 5178 depo-

307 5198 409 5245 suisse,
423 5189 451 5236 et
462 5184 543 5238 rebus
551 5181 649 5237 dirinis
663 5180 830 5237 solummodo
846 5194 918 5234 nunc
931 5195 991 5234 esse
1003 5180 1093 5234 inten-

307 5261 369 5310 tos:
390 5251 500 5307 llattoni
514 5266 579 5307 vero
590 5260 682 5307 nostro
693 5265 784 5305 curam
795 5251 901 5305 sudoris
915 5248 1020 5318 plenam
1031 5248 1094 5302 reli·

307 5324 408 5393 quisse.
428 5322 564 5378 idhitum
583 5319 642 5390 ejus
660 5320 799 5388 assignant
814 5319 931 5373 Annales
945 5319 1094 5373 Fnldenses

308 5395 342 5448 ad
356 5408 458 5447 aunum
468 5392 538 5456 856,
549 5406 603 5461 quo
620 5391 706 5460 pridie
724 5390 785 5444 ldus
800 5389 885 5458 April.
909 5388 1037 5443 scribitur
1049 5389 1095 5442 de-

307 5464 432 5518 cessisse.
446 5461 559 5516 Praeluit
574 5476 638 5530 ergo
651 5461 728 5514 annis
742 5474 796 5513 nou
808 5468 913 5528 septem,
927 5459 973 5512 sed
986 5457 1095 5512 circiter

308 5532 439 5587 tredecim.
456 5532 569 5600 lleliqna
580 5531 699 5601 suggerit
708 5531 851 5583 browerus
865 5528 892 5581 in
907 5526 1094 5592 Fnldensibus,

243 5620 248 5635 ¹
306 5601 564 5658 ministrantibus
577 5601 677 5656 certior
691 5600 736 5654 lux
749 5597 866 5666 emulget,
881 5612 962 5676 quam
976 5610 1008 5649 ex
1022 5604 1095 5650 rete-

308 5686 368 5728 mm
386 5672 516 5727 abbatum
531 5670 654 5738 catalogo
664 5685 716 5725 ms.
733 5668 818 5723 relato
829 5668 856 5721 iu
870 5665 978 5721 seitolhs
990 5667 1022 5719 ad
1033 5679 1096 5734 poe·

307 5750 378 5797 mata
392 5742 510 5808 Rabani,
527 5757 601 5796 uum.
614 5740 657 5801 28,
675 5740 721 5793 ubi
734 5738 833 5794 dieitur
843 5751 893 5806 per
905 5750 990 5791 anuos
1002 5735 1038 5789 22
1051 5750 1093 5790 re·

308 5813 389 5878 aisse,
404 5813 439 5868 ab
450 5827 523 5868 auno
540 5811 588 5867 stt
604 5811 638 5865 ad
647 5809 710 5865 862.

341 5883 427 5938 ‘lmo
461 5883 555 5938 marus.
579 5880 645 5935 Nam
668 5879 763 5952 Sergio
780 5879 831 5933 hoe
853 5892 923 5933 auno
938 5877 990 5934 ill
1007 5875 1095 5947 pridie

308 5950 367 6008 ldus
375 5954 441 6025 Apri
455 5992 463 6006 .
478 5951 615 6014 detracto,
630 5949 724 6006 eodem
741 5951 784 6005 die
795 5947 851 6004 beo
867 5946 1007 6003 successit.
1023 5947 1094 6001 haa-

307 6024 405 6083 stasius
415 6021 654 6100 bibliothecarius,
667 6028 695 6078 et
707 6035 741 6076 ex
754 6032 787 6078 eo
799 6017 945 6087 liaronius,
959 6031 1033 6072 num.
1049 6016 1074 6069 t.

1148 4836 1240 4908 aliqui.

1186 4905 1311 4960 οΑιιιιιΙ.
1337 4904 1531 4960 Fnldensesrr
1557 4904 1586 4959 ln
1610 4902 1704 4959 eodem
1729 4917 1812 4968 anno,
1826 4901 1940 4970 jubente
2030 4948 2038 4957 .

1147 4976 1283 5033 Ludorieo
1297 4990 1327 5030 re
1346 4989 1372 5037 e,
1387 4975 1456 5044 apud
1478 4972 1676 5046 bloguutiaeum
1695 4975 1828 5044 synodum
1844 4973 1939 5030 babuit

1147 5049 1220 5104 eirea
1235 4990 1347 5100 llaleufss
1365 5044 1484 5099 Octob.»

1184 5116 1275 5171 tuuc
1296 5115 1440 5184 descripsit
1455 5128 1489 5169 ex
1512 5114 1613 5169 eisdem
1634 5113 1744 5173 huual..
1769 5112 1814 5167 ubi
1840 5111 1940 5169 dieitur

1146 5187 1244 5243 uenisse
1257 5183 1391 5239 mulieres
1405 5182 1566 5238 alemannie
1591 5184 1701 5247 artibus,
1717 5183 1819 5235 nomine
1833 5180 1938 5238 Thiota.

1147 5256 1276 5312 Eamdem
1290 5253 1431 5309 historiam
1456 5253 1540 5308 refert
1585 5253 1728 5308 rithemius
1753 5252 1779 5305 iu
1803 5251 1939 5308 Chronico

1147 5323 1332 5396 llirsaugiensi
1346 5325 1381 5377 ad
1394 5338 1493 5377 aunum
1508 5322 1571 5378 8⁴8.

1184 5395 1287 5449 ⁸llmro
1312 5393 1435 5463 sequenti
1455 5393 1482 5447 br
1506 5391 1558 5448 alia
1581 5391 1684 5464 synodo
1708 5391 1851 5447 dantnatns
1875 5391 1936 5456 luit,

1146 5473 1177 5521 ut
1187 5479 1267 5535 supra
1282 5463 1393 5518 dictum.

1182 5535 1268 5589 ltlrno
1289 5542 1317 5587 et
1332 5532 1480 5587 monachus
1501 5532 1656 5587 monasterii
1671 5530 1778 5595 tir-bari,
1800 5529 1903 5584 lundnti
1920 5543 1937 5584 a

1148 5614 1241 5659 sancto
1252 5603 1353 5672 lleguln
1363 5602 1564 5673 archiepiscopo
1576 5601 1719 5656 lihernensi
1735 5601 1761 5653 in
1774 5614 1806 5655 eo
1820 5597 1936 5667 sepulto,

1145 5676 1194 5729 sub
1208 5675 1288 5728 duent
1300 5689 1328 5728 se
1349 5673 1404 5727 timi
1420 5672 1520 5725 saeculi.

1183 5745 1191 5785 t
1207 5743 1300 5798 Potius
1330 5742 1462 5796 'raritudo
1484 5739 1709 5811 archiepiscopalis
1724 5745 1754 5790 ut
1770 5736 1827 5805 jain
1844 5735 1856 5817 ‘l
1895 5737 1933 5791 ul·

1145 5829 1216 5878 mur,
1230 5814 1300 5882 qnod
1314 5811 1450 5867 Orbneum
1469 5813 1504 5866 sit
1518 5810 1642 5865 ulioeeesis
1663 5807 1876 5862 suessionensis.
1923 5819 1937 5858 c

1144 5884 1273 5937 diocesim
1292 5897 1341 5953 pro
1359 5882 1492 5952 prouincia
1512 5879 1610 5949 accipit
1627 5878 1754 5933 uubanus
1778 5876 1805 5932 ln
1819 5872 1935 5947 epistolii

1145 5953 1265 6024 synodali
1279 5954 1312 6008 ad
1326 5951 1490 6007 Ludoiicum
1506 5964 1606 6021 regem.
