4509 6850
783 663 828 720 bb
846 660 1019 719 muninus
1038 659 1069 716 S.
1089 658 1226 719 chace.
1245 689 1280 702 -ν
1298 661 1363 719 tttt.
1382 663 1403 719 Ι.

862 793 1121 858 DECLARATIO
1143 793 1315 857 Flauum.

312 985 342 1043 ln
354 985 407 1042 hac
421 986 514 1056 itaque
527 984 624 1056 pagina
639 1000 706 1039 crux
717 984 834 1051 bomini,
846 985 994 1041 simulcum
1006 985 1073 1056 ligu-
1087 989 1112 1050 Α
1125 1000 1205 1055 mrem
1219 1000 1249 1042 se
1263 985 1393 1042 Dominus
1408 986 1434 1042 in
1450 997 1550 1042 terram
1562 985 1669 1042 mittere
1687 993 1714 1042 et
1726 993 1756 1042 ut
1769 984 1876 1042 arderet
1889 1002 1919 1044 sc

274 1084 317 1142 ris
335 1080 472 1152 seraphim
494 1086 522 1136 ct
542 1076 682 1134 cherubim
700 1079 774 1134 circa
797 1094 826 1134 se
849 1079 955 1150 positis,
970 1077 1075 1148 depicta
1125 1075 1193 1131 uelle
1213 1081 1327 1130 testatus
1347 1085 1399 1133 est.
1416 1077 1450 1133 tlt
1464 1079 1560 1133 merito
1582 1079 1652 1133 trina
1667 1092 1734 1133 unce
1753 1078 1787 1132 ad
1809 1078 1918 1133 laudem

274 1174 486 1244 conscriptaque
507 1171 638 1227 cernitur.
653 1170 719 1238 Quae
735 1170 794 1226 ideo
817 1171 844 1225 iu
867 1171 917 1226 hoc
940 1186 1008 1241 opus
1030 1172 1074 1227 bic
1124 1177 1225 1223 sanctae
1242 1165 1384 1224 Trinitatis
1396 1183 1492 1226 omnes
1505 1170 1607 1225 electos
1626 1168 1850 1233 cohortabantur,
1864 1169 1919 1224 hoe

276 1266 496 1329 introducuntur,
511 1272 542 1318 ut
554 1262 723 1327 ostendatur,
746 1273 847 1333 nirenta
868 1263 1020 1332 provisione
1041 1275 1076 1317 ac
1123 1267 1176 1322 est,
1197 1273 1245 1314 eos
1260 1261 1307 1331 quii
1322 1271 1385 1317 autc
1403 1262 1549 1317 aduentum
1574 1261 1723 1318 Salvatoris
1746 1259 1868 1328 luerunt,
1891 1267 1920 1318 st

273 1359 490 1434 dispensatione,
502 1356 593 1412 diviua
603 1355 747 1411 clementia
762 1355 881 1410 humano
895 1354 985 1427 generi
1001 1370 1074 1410 scm·
1122 1348 1169 1419 utri
1188 1349 1214 1403 iu
1228 1352 1372 1418 presentia
1389 1351 1652 1423 incarnationisejm
1666 1352 1803 1420 vixerunt,
1817 1353 1919 1424 quimus

255 1467 324 1521 ‚per
336 1450 451 1507 salutem
462 1464 539 1504 suam
550 1448 749 1519 procuraverit,
759 1462 822 1503 cum
832 1456 860 1502 et
872 1448 898 1502 ln
912 1447 977 1517 ipsis
991 1446 1072 1517 spiri·
1122 1440 1211 1494 adhuc
1228 1455 1314 1510 usque
1330 1441 1356 1496 in
1370 1443 1451 1498 llnem
1472 1443 1565 1499 mundi
1577 1452 1639 1514 post
1654 1443 1841 1500 mensionem
1858 1442 1919 1515 etus

250 1519 262 1624 ,Γ
275 1542 348 1596 tibus
361 1537 498 1610 hugelicis
519 1552 569 1609 per
588 1538 775 1609 propheticam
790 1537 992 1603 revelationem,
1012 1551 1073 1607 spe-
1123 1533 1149 1589 iu
1163 1532 1246 1588 coelns
1262 1533 1295 1588 ad
1309 1534 1390 1589 llilent
1403 1535 1578 1591 cortucueudi
1589 1544 1663 1601 sunu
1676 1534 1741 1607 qnia
1753 1549 1849 1591 omnes
1863 1547 1919 1591 truc

257 1633 346 1702 {ciem
369 1626 676 1698 redemptionisnostrae
690 1627 849 1682 antevideri
862 1627 956 1693 uoluit,
979 1638 1006 1683 et
1023 1642 1071 1697 per
1121 1624 1214 1694 passio
1238 1623 1340 1680 Christi
1365 1624 1447 1679 sinml
1470 1625 1596 1691 redemit,
1620 1627 1653 1681 de
1670 1622 1771 1681 ludaeis
1792 1627 1919 1684 videlicet

260 1712 360 1789 'opera
374 1718 532 1789 prophetica
542 1715 570 1772 in
582 1718 748 1773 tabernaculi
762 1703 907 1789 templique
918 1719 998 1774 aditis
1010 1733 1072 1773 con-
1122 1721 1204 1783 atque
1216 1714 1349 1785 gentibus.
1365 1714 1403 1770 lle
1418 1722 1516 1770 ‹mtero
1533 1715 1673 1772 cherubim
1689 1714 1734 1770 illa
1756 1730 1817 1786 quae
1831 1717 1858 1771 in
1874 1726 1917 1771 ta·

275 1816 394 1870 structa,
413 1808 503 1869 idest,
515 1808 543 1859 in
559 1806 625 1874 ipsis
643 1803 784 1862 cherubim
802 1807 879 1876 juxta
895 1822 986 1862 arcam
1000 1806 1071 1861 ultra
1121 1802 1269 1858 herunculo
1289 1804 1347 1858 site
1370 1802 1470 1873 templo
1493 1800 1625 1859 fabricata
1647 1812 1736 1869 erant,
1757 1804 1821 1875 quiid
1843 1803 1918 1862 aliud

274 1899 367 1953 uelum
380 1895 487 1967 positis,
503 1905 633 1951 aeternam
655 1895 873 1967 propitiationem
897 1898 997 1952 mundo
1012 1897 1072 1951 inti·
1121 1896 1280 1950 extensione
1293 1895 1397 1949 alarum
1411 1911 1522 1951 suarum
1536 1911 1620 1966 quam
1632 1896 1722 1953 crucis
1733 1895 1834 1952 Christi
1849 1896 1915 1951 ima-

276 2005 355 2045 mare
367 1986 497 2045 decrerit.
512 1986 639 2052 Proinde,
652 1987 715 2042 lieet
736 1987 820 2042 multa
834 1987 910 2041 nrulti
931 1988 964 2042 de
976 1986 1069 2043 habitu
1121 1984 1211 2055 ginem
1227 1984 1425 2056 praeferebant?
1439 1986 1476 2040 lle
1491 1986 1590 2055 quibus
1601 1985 1671 2040 bene
1685 1985 1712 2039 in
1728 1984 1797 2040 libro
1811 1983 1916 2057 liegtuu

275 2091 304 2135 et
316 2080 372 2135 situ
383 2079 481 2134 horum
494 2075 651 2132 animalium
662 2077 832 2146 interpretati
847 2078 912 2140 siut,
926 2087 953 2133 et
965 2078 1016 2132 alia
1030 2086 1071 2133 at·
1122 2084 1225 2141 narrat,
1241 2075 1314 2145 quod
1330 2074 1401 2130 lucta
1422 2083 1514 2131 essent
1535 2074 1629 2130 decem
1647 2075 1801 2130 cubitorum
1823 2075 1918 2134 altitu·

277 2167 396 2230 ancilia
410 2167 516 2221 diuerso
529 2165 599 2236 stylo
614 2181 666 2221 riou
679 2166 784 2221 diuersa
798 2167 850 2221 tide
867 2168 1068 2237 scriptitariut3
1122 2167 1179 2231 rtis,
1194 2175 1222 2222 et
1236 2168 1329 2222 decem
1342 2166 1448 2222 cubitos
1461 2166 1594 2222 habereut
1606 2181 1621 2221 a
1633 2167 1790 2221 summitate
1810 2166 1860 2222 alae
1872 2180 1918 2225 us·

276 2261 450 2318 mihltamen
466 2273 519 2313 uon
540 2257 688 2328 inenngrue
704 2256 809 2313 ridetur
830 2257 914 2329 (salta
937 2257 1069 2328 rnajurum
1121 2259 1223 2328 quoad
1247 2258 1297 2312 alae
1321 2256 1434 2313 ulterius
1457 2258 1651 2313 summitatem.
1670 2258 1712 2313 nd
1734 2260 1811 2330 cujus
1832 2260 1917 2315 etiarn

277 2347 435 2415 traditione)
450 2348 508 2417 ipsa
523 2348 650 2405 animalia
664 2348 759 2403 habitu
782 2363 842 2412 suo,
864 2359 965 2403 sanetae
984 2349 1072 2403 crucis
1087 2346 1110 2405 lt
1124 2348 1459 2418 iustarlmmauicorporis
1471 2348 1558 2404 lorum
1569 2350 1721 2420 comparari
1731 2349 1916 2420 potest,quus

275 2438 425 2509 exemplari
440 2436 563 2508 liguram,
579 2452 642 2492 cum
653 2447 681 2493 ct
697 2438 836 2492 intervalla
850 2438 934 2508 ipsius
947 2437 1070 2492 localiter
1121 2454 1191 2509 pene
1209 2448 1283 2493 tauta
1303 2439 1417 2493 latitudo
1429 2450 1472 2493 est
1485 2439 1512 2494 in
1530 2440 1688 2494 extensione
1708 2439 1882 2495 brucltiorum
1899 2454 1916 2495 a

275 2542 399 2597 servent,
414 2541 443 2587 et
456 2545 563 2586 sursum
581 2538 661 2601 atque
673 2530 810 2593 deorsum,
833 2530 860 2585 iu
874 2531 1013 2585 uicturum
1028 2539 1071 2584 at·
1121 2529 1277 2583 summitate
1288 2528 1433 2599 digitorum
1444 2529 1524 2584 unius
1534 2545 1630 2585 manus
1641 2545 1727 2600 usquc
1742 2531 1776 2586 ad
1797 2532 1911 2586 summi·

275 2638 328 2692 que
348 2622 488 2677 sinistram
502 2622 555 2676 situ
565 2636 615 2676 suu
627 2619 752 2676 similiter
764 2620 936 2691 protendant.
951 2620 1071 2690 benique
1122 2629 1205 2676 tatem
1217 2621 1362 2694 digitorum
1380 2620 1493 2678 alterius
1505 2638 1612 2687 uranus,
1627 2630 1726 2693 quanta
1744 2630 1787 2679 est
1801 2622 1914 2678 altitudo

275 2715 413 2784 seraphim
428 2713 559 2783 propheta
579 2710 661 2768 lsaias
683 2712 754 2767 inter
776 2712 830 2766 ulia
853 2712 888 2766 ita
913 2721 1007 2765 nurnu
1027 2711 1070 2765 ‹ti-
1121 2712 1356 2784 sirclougitodoa
1372 2712 1549 2785 plantapcdis
1563 2728 1650 2784 usque
1663 2713 1833 2770 adverticcm
1845 2714 1916 2784 capi·

275 2819 362 2859 cens:
384 2802 445 2857 Vidi
468 2803 610 2857 Dominum
633 2803 764 2857 sederuem
787 2802 971 2873 supersolium
988 2800 1071 2855 enccl-
1122 2802 1166 2858 tis.
1182 2801 1401 2875 uacergojuxta
1413 2819 1505 2859 arcam
1516 2813 1544 2860 et
1562 2805 1780 2877 propitiatorium
1791 2806 1910 2870 stabant,

276 2913 333 2949 rum
353 2906 378 2950 et
404 2894 545 2959 eleoutum,
568 2903 591 2948 et
613 2909 643 2947 eu
655 2909 714 2963 (μω
736 2891 785 2947 suh
799 2909 829 2947 en
842 2900 916 2947 eruat
940 2890 1070 2961 replebunt
1120 2894 1289 2962 quieveram
1305 2897 1524 2967 propitiationem
1544 2898 1571 2951 in
1587 2897 1775 2953 incarnatione
1790 2896 1915 2952 Salvato-

275 2987 410 3057 tamplrue.
427 2984 567 3056 Seraphim
589 2984 692 3039 stabunt
713 2982 880 3053 superillud,
903 2983 1012 3038 cerole
1025 2982 1070 3038 utri
1121 2984 1159 3038 ris
1174 2983 1292 3042 mimano
1306 2988 1397 3057 generi
1421 2987 1655 3044 demonstrabant.
1680 2986 1742 3044 llmc
1757 2996 1784 3043 et
1807 2988 1835 3042 in
1857 3003 1915 3043 mo·

276 3075 419 3130 etseruloe
440 3074 530 3139 ulturi,
544 3075 648 3129 dntibus
670 3074 789 3129 nclulmu
803 3075 909 3145 facient,
924 3083 948 3128 et
967 3074 1070 3127 duribus
1121 3072 1187 3127 dum
1210 3075 1299 3129 crtrcis
1325 3073 1384 3131 alas
1405 3084 1533 3131 extensas
1553 3091 1661 3147 semper
1680 3076 1827 3143 habebant,
1852 3077 1918 3146 qtiia

276 3167 396 3221 eduum
413 3164 500 3235 pedes,
520 3174 545 3218 et
565 3163 667 3218 duobus
678 3163 811 3229 uolebant,
823 3174 847 3218 et
861 3162 990 3218 clooroout
1004 3161 1071 3217 ulter
1120 3172 1277 3233 perpetuam
1291 3174 1412 3221 nostram
1428 3166 1639 3236 redemptionem
1654 3165 1680 3221 in
1695 3166 1820 3236 passione
1836 3163 1916 3221 curt-

276 3252 755 3321 uocemuenttcetamsancue,
771 3261 1006 3317 contemnuntur
1020 3251 1070 3306 llo-
1120 3255 1156 3309 sti
1175 3253 1364 3311 salvandorum
1385 3256 1437 3310 rite
1459 3257 1630 3313 intimabant.
1653 3255 1681 3311 ln
1696 3271 1778 3312 cruce
1804 3271 1914 3326 quoque
1965 3319 1968 3325 ,

277 3348 363 3400 uiuae
383 3344 452 3399 bete
466 3346 638 3410 exercituum,
651 3345 728 3415 plena
749 3353 786 3400 cst
799 3345 883 3399 omnis
897 3354 966 3399 terra
984 3342 1069 3415 glano
1120 3345 1164 3401 hic
1175 3361 1269 3403 versus
1279 3355 1321 3403 est
1339 3348 1366 3402 in
1381 3347 1575 3418 longitudines
1595 3362 1702 3404 summo
1723 3346 1849 3405 deorsum
1864 3361 1913 3402 ra·

276 3438 341 3506 ejus.
366 3435 436 3503 Quid
454 3450 518 3506 ergo
530 3435 599 3491 situs
611 3435 661 3491 iste
675 3452 800 3491 senarum
814 3435 918 3490 alarum
931 3435 1068 3506 seraphim
1121 3439 1189 3497 deus
1205 3458 1210 3492 :

275 3526 440 3597 llfflflssllfflls
451 3526 503 3580 ⁰5⁵5
515 3526 605 3581 0¹⁰0ss
617 3526 719 3583 Chllsfi
729 3527 892 3596 lmasslsslffl?
906 3526 960 3582 ¹¹¹ae
968 3526 1068 3596 quippe
1186 3550 1221 3600 lin
1232 3563 1277 3601 arx
1290 3551 1352 3601 alma
1364 3551 1447 3603 [rucis
1461 3565 1467 3601 :
1481 3565 1513 3605 en
1524 3552 1613 3606 labrict
1623 3561 1707 3606 sancta
1717 3553 1811 3607 salutis.

275 3616 322 3670 alae
334 3631 396 3685 quiae
406 3614 574 3685 superiorem
589 3624 692 3686 partem
708 3616 830 3687 corporis
842 3617 894 3682 sui,
909 3615 936 3672 id
954 3625 1007 3682 est,
1024 3616 1067 3671 la·
1119 3653 1172 3708 ,ξω
1203 3654 1293 3709 uidem

274 3706 343 3761 ciem
351 3706 487 3769 uelabant,
499 3707 571 3776 quod
582 3722 689 3763 sursum
697 3708 731 3762 ad
742 3717 822 3778 caput
835 3716 934 3763 erectae
948 3709 1013 3773 siut,
1025 3723 1069 3764 uo·
1081 3698 1104 3762 C
1185 3670 1201 3723 q

273 3813 350 3853 cesse
366 3805 408 3852 cct
423 3804 452 3852 et
472 3798 507 3853 ob
527 3798 580 3854 hoc
599 3799 766 3870 superiorem
789 3807 895 3870 partem
918 3799 1008 3855 crucis
1022 3801 1068 3855 de·

273 3899 427 3947 monstrent
440 3890 613 3947 manilestum
628 3900 680 3947 est.
705 3891 759 3947 lttae
771 3898 860 3947 autem
871 3908 932 3963 quae
945 3892 1067 3947 irrltmam
1117 3865 1147 3921 ¹⁰
1158 3866 1294 3936 seraphim
1312 3882 1419 3938 (ΜΨ
1428 3876 1456 3923 ⁰²
1465 3869 1607 3925 mmmm
1618 3885 1713 3926 *ersus
1722 3871 1911 3942 ⁰¹⁰85³⁰¹ffl⁰·
1955 3902 1959 3913 '

273 3996 390 4054 mmm,
406 3985 434 4040 jd
455 3994 506 4051 εει,
521 3984 603 4054 pege,
617 3985 752 4051 peplum,
767 3986 904 4055 quomodo
923 3984 975 4040 nisi
989 3984 1069 4040 deor,
1118 3956 1213 4027 scripti
1228 3965 1300 4012 sunt.
1322 3956 1389 4012 Nam
1404 3959 1432 4012 in
1451 3959 1587 4030 seraphim
1601 3959 1648 4016 illo
1662 3961 1734 4031 quod
1751 3975 1832 4032 supra
1847 3963 1912 4018 dex·

272 4096 334 4134 sunu
348 4079 478 4133 dimissas
493 4092 554 4133 esse
568 4077 731 4133 credendum
752 4087 806 4145 est,
828 4086 857 4133 et
876 4078 911 4133 ob
925 4077 976 4133 hoc
1000 4074 1068 4131 inlc-
1118 4052 1189 4099 ‘¹⁰¹¹'
1206 4061 1289 4101 ⁰⁰f¹¹¹¹
1304 4046 1393 4102 “ucis
1405 4054 1469 4111 aab
1483 4047 1510 4102 ¹¹5
1525 4056 1588 4102 ⁵¹¹¹st
1601 4063 1714 4105 lellus:

273 4169 375 4223 riorem
388 4176 493 4236 partem
510 4166 601 4223 crucis
622 4166 785 4237 significare.
813 4165 866 4222 lllae
894 4175 986 4222 autem
1007 4166 1068 4220 tluae
1182 4181 1447 4238 sturiaouetsctutstl
1468 4189 1505 4233 ost
1516 4183 1631 4244 seraptim
1642 4183 1751 4236 coetenta
1763 4192 1912 4250 memoratu,

272 4274 333 4327 quae
354 4259 389 4312 ad
404 4257 547 4312 volandum
570 4265 689 4312 extensa,
709 4265 782 4323 sum,
807 4257 871 4327 quid
897 4256 969 4311 aliud
986 4264 1067 4325 quam
1207 4243 1345 4293 Pennaruut
1358 4251 1434 4306 atque
1446 4244 1494 4295 situ
1507 4245 1551 4296 hac
1561 4254 1647 4296 cuncta
1658 4257 1752 4297 sacrata
1765 4250 1875 4310 probant.

273 4359 461 4405 transuersum
473 4351 565 4406 crucis
586 4349 699 4422 lignum,
715 4351 742 4406 in
761 4366 815 4421 quo
836 4351 945 4406 brachia
963 4362 991 4406 ct
1008 4367 1066 4406 ma·
1082 4422 1085 4429 ¹
1117 4345 1147 4401 ln
1161 4361 1194 4400 eo
1210 4361 1276 4400 reto
1290 4346 1361 4414 tpuod
1373 4361 1453 4415 supra
1465 4362 1549 4402 cornu
1564 4347 1714 4414 sinistrum,
1729 4347 1778 4403 hi:

271 4457 325 4494 nus
341 4450 460 4495 extensae
473 4447 547 4508 munt,
571 4440 680 4496 Domini
704 4442 875 4514 signilleautl
899 4443 933 4497 Et
956 4443 1093 4513 proinde·
1149 4454 1209 4505 Num
1221 4454 1273 4504 haec
1284 4456 1346 4505 coela
1356 4454 1467 4507 exulum
1477 4458 1625 4507 celebrando
1633 4458 1677 4508 hac
1686 4459 1756 4508 laude
1764 4470 1914 4520 supmnnm,

271 4530 301 4582 in
317 4530 451 4598 positione
467 4545 516 4586 sex
536 4530 641 4587 alarum
662 4533 809 4603 seraphim,
828 4532 970 4588 manifeste
985 4535 1067 4589 totius
1181 4515 1385 4580 C⁰¹¹⁰¹²¹⁰³¹⁸¹q¹¹⁰
1398 4520 1479 4570 “nm
1486 4526 1584 4582 ”W
1598 4519 1703 4570 ΜΨ
1715 4522 1818 4572 'mu‘

272 4617 365 4674 crucis
376 4616 479 4673 Christi
491 4618 660 4691 signaculum
672 4610 838 4692 cupressum
847 4637 907 4678 esse
928 4638 1007 4679 uerno
1024 4638 1069 4695 ss·
1119 4619 1148 4674 ln
1165 4620 1306 4675 cherubim
1319 4636 1435 4692 namque
1449 4623 1601 4680 dexteriore
1613 4638 1709 4681 versus
1727 4625 1774 4681 isti
1787 4637 1873 4683 sunt:

270 4705 350 4776 piens
362 4707 479 4764 dubitat.
495 4706 570 4766 Bene
588 4725 695 4782 quoqne
715 4712 774 4782 ipsa
790 4713 946 4769 incedentes
964 4713 1007 4769 tel
1026 4728 1069 4783 ar·
1150 4727 1213 4778 ltine
1224 4729 1322 4801 stgnant
1333 4730 1455 4801 cherubin
1468 4732 1520 4782 haec
1531 4732 1629 4784 labbara
1640 4737 1899 4804 muoutrlonphum.

270 4798 369 4853 dentes
387 4798 613 4870 interpretantur,
636 4804 698 4873 quia
723 4803 795 4860 illam
819 4803 934 4860 lormam
956 4805 1068 4860 demon·
1178 4789 1350 4856 ⁰¹&th
1361 4793 1407 4842 ⁸¹¹⁵
1420 4795 1519 4845 Μὴ
1532 4803 1601 4848 [⁰⁰⁸²
1613 4804 1704 4850 'm‘

270 4897 371 4955 strant,
386 4887 482 4962 inqua
501 4900 635 4966 superatae
652 4906 714 4953 sunt
733 4912 828 4953 omnes
842 4897 1004 4954 adversariae
1017 4904 1066 4968 po'-
1117 4890 1146 4945 ΙῐΙ
1160 4889 1331 4949 δ’ῑῦῑδῑθΐῑθῐθ
1341 4894 1441 4965 quippe
1455 4896 1521 4951 ¹³¹5!

270 4988 397 5048 181818,
415 4988 443 5037 θῑ
455 4982 539 5040 lolius
557 4985 650 5042 mundi
673 4999 784 5061 peccatu
806 4999 965 5062 consumpta
985 5001 1067 5062 atque
1152 5004 1210 5062 oue
1223 5003 1302 5056 latere
1316 5009 1430 5056 assistunt
1440 5019 1503 5057 arcae
1513 5014 1540 5058 et
1552 5020 1618 5058 sacra
1630 5009 1746 5072 opercula
1757 5011 1875 5070 condunt,

270 5068 508 5139 deletasunt,irno
518 5072 690 5146 lgucmillum
701 5076 794 5136 electis
805 5079 853 5136 bei
864 5044 1107 5147 commodanon
1184 5065 1571 5132 Fac“llllhttwttl'lt0fll⁰l⁰¹t²⁸t
1580 5072 1692 5133 twlfltll

1539 707 1543 714 '
1578 707 1596 762 'i

1311 3655 1336 3708 in
1350 3655 1511 3711 latitudine:

1181 3760 1218 3812 En
1232 3764 1334 3814 thronus
1344 3765 1385 3815 hic
1396 3767 1471 3830 regis,
1485 3765 1537 3817 baec
1549 3766 1686 3819 enuntiatio
1696 3766 1787 3818 muudi.
