4509 6850
321 648 371 704 tas
834 639 1009 702 abstiterit.
1029 641 1062 700 in·
1081 643 1240 701 essesut.
1318 645 1379 701 illi.
1399 641 1420 700 Ι.
1903 648 1955 703 too

319 761 402 831 cingit
413 774 454 825 se,
470 759 517 830 qui
533 758 696 813 discubitum
709 768 855 827 praeparat,
872 758 919 829 qui
935 758 1043 820 transit,
1059 757 1104 825 qai
1122 760 1143 815 ,t
1159 755 1186 808 ln
1212 773 1263 825 qna
1288 758 1370 813 etiam
1398 758 1452 825 die,
1479 759 1556 830 qnasi
1579 758 1684 829 antiqui
1706 759 1830 815 recolens
1853 762 1953 831 operis,

318 851 463 914 ministrat,
488 849 581 918 utique
594 857 733 917 operatur.
759 847 813 903 Sed
835 847 878 903 bis
905 856 996 902 tamea
1019 846 1109 900 rcrbis
1161 856 1253 915 aperto
1266 864 1390 903 sermone
1401 848 1550 904 declaravit
1564 848 1739 905 salvationem
1751 850 1846 921 sejam
1859 852 1952 908 mnndi

317 943 443 999 omnibus
455 940 493 995 nil
505 940 579 994 alind
590 940 731 993 intimatur
744 954 824 1008 quatu
840 938 911 1007 qood
924 946 1033 993 saucttrs
1044 951 1109 991 suos
1160 935 1314 1005 perfecisse.
1333 936 1398 991 Crini
1413 939 1480 992 enim
1497 940 1636 1009 accepisset
1651 950 1764 1004 arctata,
1784 940 1855 1005 dixit,
1866 955 1875 993 :
1886 939 1955 996 Cort-

318 1035 448 1091 liominos
464 1034 490 1087 in
505 1041 636 1087 :eternum
650 1031 785 1087 benedicit
796 1038 823 1086 et
836 1029 999 1095 sanctificat,
1014 1026 1039 1082 id
1055 1036 1106 1092 est,

317 1126 419 1181 risione
437 1142 494 1181 suae
510 1126 602 1196 gioria
622 1132 683 1194 post
704 1138 786 1193 opera
808 1123 887 1187 bona,
907 1137 967 1192 quae
987 1121 1107 1183 donarit,

317 1227 481 1272 remunerat.

351 1306 386 1359 Et
411 1307 545 1377 reqrrisicit
571 1307 614 1360 die
637 1305 794 1375 septimani
822 1305 943 1359 attinerso
960 1322 1035 1373 opere
1059 1322 1107 1358 sno

316 1400 384 1470 good
404 1408 534 1468 patrarat.
556 1397 613 1451 lien
633 1398 711 1469 quasi
740 1396 827 1452 lassus
848 1410 881 1450 cr
902 1396 986 1451 nimio
1013 1395 1107 1450 labore

318 1492 387 1545 fiens
414 1491 502 1543 instar
524 1491 649 1544 Ιιιιιιιειιῑι,1
673 1488 830 1558 fragilitatis
852 1488 986 1556 completa
1011 1486 1105 1541 tantttii

318 1583 416 1637 fabr-{ca
432 1580 579 1651 requierit,
593 1580 640 1635 sed
653 1578 821 1649 requievisse
831 1578 869 1632 ab
881 1579 1106 1645 universorqtere

317 1690 361 1730 sno
376 1673 491 1735 dicitnr,
509 1672 572 1741 qttia
589 1686 686 1725 noram
705 1680 859 1725 creaturam
880 1670 949 1723 nitra
966 1670 1106 1725 ittstituere

317 1765 431 1834 aliquam
447 1764 575 1819 cessarit.
596 1762 670 1817 Solet
683 1778 801 1831 namque
817 1761 957 1831 Scriptura
973 1777 1044 1830 sepe
1058 1777 1106 1816 uo·

318 1857 387 1910 mitte
399 1855 501 1924 requiei
518 1853 697 1908 cessationem
712 1853 803 1923 operis
817 1853 873 1907 sire
889 1852 1022 1906 sermonis
1036 1851 1105 1907 indi-

318 1961 387 2004 cate.
407 1946 485 2000 Sicut
504 1946 530 1999 in
544 1944 706 2016 Apocalypsi
721 1945 754 1998 de
768 1942 1053 1998 sanctisattimaiibus.
1071 1941 1106 1995 lit

316 2039 436 2107 requiem,
450 2035 549 2105 inquit,
566 2052 617 2089 non
634 2035 761 2088 iubebant
775 2033 818 2087 die
833 2049 864 2086 oc
884 2041 956 2086 nocte
969 2031 1104 2084 dicentia:

1158 1037 1318 1081 suauitatem
1340 1039 1386 1082 est.
1406 1028 1440 1082 m
1457 1029 1582 1083 incline'o
1602 1031 1686 1100 rapite
1704 1032 1814 1085 tradidit
1834 1032 1955 1103 spiritam

1159 1116 1268 1186 pilonii.
1284 1118 1380 1187 rxtnt).
1399 1118 1451 1174 Sed
1465 1128 1492 1174 ct
1506 1121 1564 1175 broc
1574 1119 1753 1176 sanctificatio
1762 1131 1789 1176 et
1801 1122 1955 1178 benedictio

1159 1210 1265 1277 septimi
1282 1209 1346 1273 diei,
1367 1218 1394 1265 et
1415 1210 1522 1280 requies
1542 1211 1568 1265 in
1593 1210 1636 1265 iila
1660 1210 1703 1265 die
1718 1220 1780 1281 post
1798 1186 1880 1284 opera
1905 1229 1954 1267 sua

1159 1298 1235 1351 vaide
1251 1300 1336 1363 bona,
1354 1299 1520 1370 designarit,
1534 1300 1606 1370 qnod
1620 1315 1670 1355 nos
1686 1301 1784 1372 singuli
1799 1310 1859 1372 post
1872 1317 1954 1373 opera

1158 1390 1239 1455 bona,
1261 1408 1321 1461 quur
1336 1409 1362 1446 ιιι
1382 1393 1460 1449 nobis
1478 1393 1535 1463 ipse
1547 1404 1675 1463 operatur
1694 1402 1722 1450 et
1742 1394 1810 1450 relic
1828 1405 1855 1450 et
1871 1395 1953 1467 perfi-

1158 1500 1237 1549 cere,
1257 1486 1290 1539 ad
1309 1487 1430 1555 requiem
1450 1487 1585 1541 tendimus
1609 1487 1671 1541 rito
1688 1487 1821 1554 coelestis,
1848 1488 1875 1543 in
1900 1503 1953 1557 qna

1157 1584 1257 1630 aterna
1273 1576 1332 1645 ejus
1349 1578 1605 1632 sanctificationem
1620 1579 1807 1635 ltetietlictione
1826 1579 1951 1651 perfrua-

1159 1681 1228 1719 mur.
1248 1664 1349 1739 (freq.)
1372 1668 1447 1722 Uiuio
1466 1669 1534 1723 bene
1552 1668 1622 1724 idem
1640 1669 1697 1723 dies
1711 1670 1842 1739 septimus
1858 1686 1952 1741 respe-

1159 1773 1215 1812 ram
1229 1757 1356 1815 babuisse
1366 1775 1419 1815 non
1431 1761 1569 1827 scribitur,
1581 1762 1643 1830 qnia
1655 1761 1783 1816 nimirum
1794 1774 1951 1834 perpetuant

1158 1860 1277 1907 nostram
1289 1852 1316 1907 in
1335 1851 1381 1908 ilio
1397 1853 1517 1924 requiem
1533 1854 1665 1925 designat.
1682 1855 1803 1925 lienique
1817 1855 1844 1910 in
1859 1868 1949 1926 septe·

1158 1941 1234 1995 ttario
1245 1956 1358 1997 numero
1371 1957 1475 1997 summa
1484 1942 1660 2012 perfectionis
1674 1943 1816 2014 accipitur.
1831 1944 1866 1999 Ut
1877 1947 1948 2000 enirn

1158 2032 1283 2087 bnmamo
1302 2032 1415 2088 rationis
1434 2048 1532 2088 causas
1552 2034 1584 2089 de
1602 2035 1755 2103 septenario
1775 2051 1889 2092 nttntcro
1909 2047 1950 2091 ta-

315 2131 437 2196 Sooctas,
462 2128 586 2195 Sanctus,
606 2129 720 2183 Sortrtnr
740 2127 867 2181 [lominus
893 2126 964 2180 Dens
988 2124 1106 2194 omnipo·
1121 2114 1278 2189 iireatttus,
1305 2140 1366 2195 qnae
1390 2133 1516 2180 asserunt
1538 2125 1609 2195 qnod
1633 2125 1883 2195 idcircoperfectus
1906 2129 1951 2192 sit,

313 2232 366 2276 ens
379 2222 472 2293 (iper.
489 2218 544 2290 nr);
561 2234 611 2289 pro
631 2235 674 2286 co,
697 2228 726 2273 nt
741 2219 844 2274 diceret
858 2237 864 2271 ε
880 2217 939 2273 Νοιι
961 2215 1106 2272 cessabant
1157 2218 1219 2286 qnia
1234 2233 1266 2273 ex
1281 2217 1370 2287 primo
1389 2218 1434 2287 qni
1453 2217 1536 2272 dividi
1553 2226 1652 2288 potest,
1671 2226 1699 2273 et
1711 2218 1799 2289 primo
1811 2220 1855 2289 qni
1870 2220 1952 2275 diritii

311 2314 367 2369 bec
390 2327 498 2381 semper
511 2314 668 2368 decantare.
684 2310 752 2365 Nam
767 2311 885 2365 ntattitna
903 2318 931 2365 et
945 2311 1024 2364 unica
1041 2325 1103 2363 san-
1157 2324 1210 2361 non
1228 2316 1327 2377 potest,
1358 2309 1952 2382 existat:certissimescimnsqnotisepte·

314 2405 362 2459 etis
381 2412 423 2458 est
444 2403 552 2472 reqmes
570 2403 596 2456 in
612 2403 692 2468 emto,
711 2403 816 2456 landem
838 2418 950 2456 suntnre
964 2400 1100 2462 Trinitati,
1152 2400 1261 2454 narium
1285 2415 1428 2456 nnmerum
1450 2400 1590 2472 Scriptura
1616 2417 1693 2457 sacra
1711 2417 1761 2471 pro
1785 2402 1950 2472 perfectione

312 2512 369 2564 qnae
396 2496 467 2551 [irus
485 2503 542 2559 est,
568 2494 703 2550 indefessa
722 2494 903 2550 rocetlieete.
920 2493 1009 2548 Potest
1039 2508 1102 2548 tero
1152 2491 1420 2560 ponereconsuetit.
1437 2490 1513 2546 Untle
1529 2492 1948 2562 etseptimodiefiomimtmro-

311 2588 389 2642 atinis
399 2586 510 2657 intelligi
526 2587 690 2656 requievisse
699 2585 782 2640 lieunt
793 2586 827 2640 ab
837 2586 962 2640 omnibus
975 2584 1103 2654 operibus
1153 2580 1290 2649 qttierisse
1307 2581 1341 2636 ab
1361 2581 1489 2652 operibus
1506 2582 1613 2638 asserit.
1636 2582 1704 2638 ilinc
1719 2592 1761 2638 est
1780 2586 1861 2639 etiam
1879 2585 1950 2655 qnod

311 2680 379 2739 suis,
396 2693 451 2733 non
468 2693 531 2732 enm
548 2693 617 2748 opus
637 2677 765 2733 babuisse
783 2677 836 2732 illis
850 2677 1056 2747 operibussuis,
1074 2677 1101 2731 in

310 2772 405 2840 quibtm
421 2770 619 2840 requiesceret,
641 2770 739 2840 quippe
752 2767 829 2836 cuins
849 2770 955 2839 requies
971 2770 996 2823 in
1012 2769 1102 2839 seipso

310 2862 365 2915 sine
378 2862 454 2915 irritio
470 2877 503 2915 ae
517 2861 633 2916 termino
646 2875 754 2929 semper
766 2869 809 2916 cst
821 2875 895 2921 rora,
911 2860 958 2914 sed
976 2860 1033 2913 suia
1049 2860 1098 2915 bo·

311 2953 402 3005 nitatis
411 2968 470 3006 strae
481 2968 562 3007 causa
570 2951 666 3007 fecisse
673 2967 753 3020 opera
766 2968 827 3021 qtae
840 2952 866 3004 in
880 2952 938 3019 ipso
950 2952 1102 3020 requiesce-

313 3053 379 3097 rent.
399 3044 476 3110 Quod
489 3059 506 3099 e
519 3045 657 3099 contrario
669 3043 776 3098 facilius
789 3042 957 3113 intelligitur,
973 3059 1034 3097 cnm
1050 3058 1104 3098 me

312 3135 468 3189 anticristus
490 3135 636 3190 itomanam
657 3134 898 3205 indigentiamque
917 3135 967 3189 boe
986 3135 1102 3190 ntasime

313 3224 448 3280 laboribus
465 3226 631 3294 quotidianis
650 3225 791 3288 insistere,
809 3232 838 3278 ut
861 3224 888 3279 in
907 3226 1034 3295 operilms
1047 3226 1103 3280 sttis

312 3318 430 3385 requiem
448 3317 591 3386 percipere
617 3316 718 3384 possit,
743 3317 849 3370 dicente
870 3316 895 3370 ci
916 3314 1030 3369 bomine
1046 3333 1052 3368 :
1068 3313 1103 3369 ln

1154 2670 1285 2740 septimus
1310 2670 1368 2727 dies
1393 2671 1419 2725 in
1447 2672 1569 2743 requiem
1593 2672 1764 2737 bominibus,
1791 2674 1818 2727 itl
1842 2682 1901 2737 est,
1923 2675 1949 2729 in

1154 2763 1268 2819 sabbato
1287 2763 1366 2819 datus
1385 2773 1436 2820 est.
1453 2764 1522 2819 ilinc
1533 2774 1574 2819 est
1585 2764 1656 2833 quod
1669 2765 1795 2836 jubilens
1807 2781 1904 2826 annus,
1920 2767 1948 2821 in

1154 2872 1208 2927 qno
1217 2856 1337 2927 plenaria
1348 2857 1426 2927 quies
1437 2856 1609 2926 exprimitur,
1622 2864 1725 2927 septem
1738 2856 1951 2913 bebdomadibus

1153 2955 1374 3012 consummatur,
1385 2947 1435 3017 ¹qui
1457 2949 1572 3003 mortario
1585 2947 1675 3002 addita
1689 2956 1789 3003 nostrae
1808 2947 1951 3002 adunatio·

1154 3043 1196 3095 nis
1211 3039 1346 3110 impletur.
1363 3039 1432 3094 ilinc
1447 3048 1488 3094 cst
1506 3040 1577 3094 enim
1590 3039 1662 3109 quod
1682 3036 1850 3109 perfectione
1868 3039 1950 3109 septi-

1154 3130 1249 3187 formis
1282 3131 1377 3204 gratias
1411 3131 1539 3201 implendi
1569 3130 1709 3185 duodecim
1738 3139 1802 3185 suat
1832 3130 1947 3200 apostoli

1155 3224 1246 3279 electi.
1261 3223 1282 3277 Α
1300 3223 1455 3294 septenario
1468 3223 1566 3293 quippe
1576 3238 1690 3277 numero
1704 3224 1730 3277 itt
1753 3223 1949 3280 duodenarium

1155 3314 1285 3386 surgitur.
1300 3313 1366 3369 Nam
1386 3314 1557 3383 septenarius
1571 3314 1627 3370 suis
1640 3314 1666 3367 in
1680 3329 1709 3368 se
1719 3314 1842 3384 partibus
1857 3316 1949 3371 multi·

312 3416 404 3467 tutiore
414 3413 499 3467 ruilus
511 3413 551 3467 tui
562 3413 671 3467 vesceris
682 3431 749 3484 purte
761 3411 837 3486 (Gen.
852 3413 904 3483 ιιι).
917 3412 989 3469 fiens
999 3422 1100 3480 autem,
1155 3407 1279 3479 plicatus,
1300 3405 1334 3462 ad
1349 3405 1544 3464 duodenarium
1559 3405 1655 3462 ondit.
1669 3406 1733 3463 Sive
1747 3408 1819 3462 enim
1833 3417 1951 3480 qttatuer

312 3506 439 3576 quiante
462 3506 629 3561 creationem
653 3505 746 3560 mundi
768 3505 936 3562 aeternaliter
958 3506 985 3561 in
1010 3508 1099 3577 seipso
1115 3469 1203 3570 Cper
1226 3501 1287 3563 tria,
1313 3498 1369 3553 siff
1393 3498 1516 3567 11111111
1540 3498 1822 3567 11111111011311111111111.
1846 3508 1949 3569 St‘tttt‘m

311 3599 455 3669 perfectam
487 3597 605 3652 babebat
636 3597 777 3666 requiem,
807 3598 864 3668 ipse
894 3598 977 3653 etiam
1003 3608 1101 3654 creato
1151 3592 1180 3646 in
1206 3589 1346 3645 dttodccim
1371 3596 1490 3642 rertttut.
1521 3586 1598 3642 Unde
1625 3587 1712 3642 sancti
1741 3587 1873 3658 apostoli,
1903 3588 1948 3657 qui

311 3691 419 3755 mundo,
440 3705 493 3743 non
512 3686 846 3758 inoperibnsqureieeit,
865 3689 959 3744 sedai
976 3689 1101 3745 omnibus
1153 3683 1313 3738 Trinitatem
1343 3684 1370 3738 in
1395 3692 1513 3752 quatuor
1541 3679 1633 3736 mnndi
1648 3679 1776 3750 partibas
1799 3677 1950 3749 predicare

310 3781 508 3850 operibusque
528 3778 592 3834 fecit
611 3779 759 3848 requievit,
775 3786 866 3848 utpote
880 3779 916 3834 nii
935 3780 1038 3835 babens
1054 3794 1101 3834 ne·
1152 3774 1329 3848 mittebantur
1344 3773 1484 3831 duodecim
1502 3780 1567 3827 sunt
1581 3770 1675 3836 electi,
1688 3780 1718 3825 ut
1731 3771 1813 3825 etiam
1833 3785 1948 3826 numero

308 3873 441 3928 cessitatis
462 3871 634 3926 mercaturis
649 3871 820 3941 requiescere
840 3872 915 3935 sois,
932 3872 998 3941 quin
1012 3873 1102 3942 potins
1153 3865 1344 3937 perfectionem
1360 3864 1554 3929 ostettttcrent,
1577 3870 1659 3932 qoam
1674 3862 1729 3917 rita
1747 3871 1776 3918 et
1795 3877 1861 3918 noce
1881 3877 1950 3933 prar-

309 3965 442 4020 ereaturis
458 3963 662 4019 rationabilibus
677 3964 735 4034 ipse
746 3964 870 4034 -reqtn'em
881 3976 1025 4035 praestans,
1040 3981 1101 4021 cnm
1153 3958 1286 4013 dicarent.

307 4054 334 4110 itt
354 4057 445 4126 seipso
466 4057 587 4126 perfecte
608 4073 716 4128 semper
737 4058 898 4127 requieseat,
922 4072 1009 4129 eoque
1031 4059 1103 4115 hono
1188 4048 1224 4103 Et
1242 4047 1382 4113 ienedioit,
1403 4048 1507 4117 inquit,
1529 4047 1716 4113 dieiseptinto,
1735 4054 1760 4101 et
1777 4045 1950 4114 sanctificarit

309 4146 405 4204 bratus
421 4148 468 4213 sit,
482 4149 554 4218 quod
566 4150 623 4218 ipse
636 4151 688 4205 sibi
701 4158 752 4205 est.
1153 4139 1239 4206 iiiam,
1254 4142 1318 4212 quir
1331 4141 1428 4226 inpiae
1441 4149 1585 4195 reserarat
1595 4138 1627 4193 oi
1643 4139 1715 4194 omni
1731 4153 1806 4210 opere
1817 4154 1865 4194 atto
1878 4139 1949 4208 pared

342 4238 377 4292 cr
393 4239 715 4313 reprimentiaque,
734 4251 758 4297 a
772 4241 947 4310 sanctificam
958 4242 1042 4298 ιιιιιιι.
1057 4242 1103 4297 nta
1149 4232 1260 4297 ⁸creuit.
1275 4232 1302 4287 11
1314 4240 1365 4297 est.
1381 4231 1514 4301 morteto
1525 4231 1617 4286 munti
1629 4238 1736 4296 amatu,
1747 4237 1904 4285 aaaron
1915 4229 1949 4282 ab

306 4331 434 4386 ritleiioet
454 4331 642 4388 benedictione
663 4343 690 4388 er
711 4333 927 4389 sanctificatione
951 4348 1033 4403 quam
1053 4349 1103 4405 pp.
1154 4323 1328 4379 instituendis
1349 4321 1420 4378 ultra
1447 4323 1526 4378 noris
1555 4338 1644 4379 rerum
1668 4321 1824 4393 generibus.
1855 4319 1948 4390 Neque

304 4423 370 4491 puio
379 4437 431 4479 stro
444 4424 470 4477 in
486 4424 545 4495 lege
556 4425 665 4494 plenius
680 4424 787 4479 intimat
799 4424 892 4479 dicens
905 4442 912 4478 ε
927 4423 1058 4479 firmenta
1075 4434 1102 4477 ut
1154 4417 1226 4470 enlm
1249 4414 1312 4470 huic
1326 4413 1466 4471 senleniiae
1481 4413 1668 4478 contrarium,
1692 4411 1772 4467 debe!
1790 4410 1854 4466 illud
1875 4410 1948 4464 ffli-

306 4517 376 4570 diem
395 4516 498 4572 rabbuti
520 4517 678 4587 sertrtiprea.
708 4516 761 4572 Ser
783 4517 874 4572 diebus
896 4518 1059 4588 operaberis,
1081 4529 1104 4573 ει
1155 4505 1236 4571 mail,
1250 4505 1321 4574 (111011
1335 4499 1588 4573 ἆῑθῑῑὶβδθὲΡαῑίΐ
1605 4518 1678 4557 mett*
1696 4515 1777 4572 11111118
1792 4498 1948 4568 1110110οΡ1·

307 4607 389 4676 petet
405 4609 494 4662 omnia
509 4624 587 4678 opera
602 4619 658 4662 tna.
672 4607 787 4679 septimo
799 4619 887 4662 autem
903 4607 1040 4663 rotimum
1052 4608 1106 4662 oo
1155 4606 1241 4656 rator,
1268 4605 1293 4651 et
1311 4612 1357 4667 eoo
1372 4611 1465 4666 operor
1475 4593 1566 4664 (frao-
1581 4596 1624 4664 vi;
1643 4592 1809 4664 remouens
1823 4591 1949 4647 videbo-t

308 4698 373 4751 mini
390 4698 441 4752 liei
457 4700 495 4752 titi
516 4711 564 4762 ert,
586 4699 735 4769 profarier
753 4716 830 4753 oniae
850 4715 914 4769 oper
928 4698 1027 4771 (Eroti.
1046 4697 1104 4771 xx).
1155 4689 1196 4744 eis
1213 4688 1259 4757 qni
1275 4695 1385 4763 bfoplei
1406 4685 1612 4755 1811111θωῦ01,
1633 4685 1782 4756 Scriptura
1801 4680 1882 4752 buius
1901 4698 1950 4736 au·

309 4789 343 4842 m
356 4789 506 4867 paulopost
520 4808 527 4845 ι
545 4790 676 4846 servium
687 4791 781 4844 diebus
792 4789 853 4859 fecit
864 4790 993 4845 bominac
1004 4789 1101 4844 coeiant
1118 4825 1142 4883 D
1153 4781 1283 4836 (1101111118
1301 4778 1450 4848 antiquitus
1467 4777 1695 4842 ⁰⁰¹¹¹¹¹¹011i¹²¹l³1¹b
1714 4775 1856 4832 sabbaim
1869 4775 1903 4830 ³¹)
1916 4790 1949 4830 ⁴³⁰

308 4890 334 4932 ei
348 4892 461 4947 terrem,
476 4891 501 4936 rt
517 4896 606 4947 marr,
621 4892 646 4936 ct
658 4883 756 4943 omnio,
774 4898 834 4952 qttoe
845 4884 874 4937 in
886 4882 924 4935 eis
940 4892 1011 4945 rent,
1027 4892 1050 4937 et
1062 4898 1102 4935 re.
1148 4886 1206 4926 oran
1219 4870 1373 4925 conservari
1384 4868 1578 4938 querebantur.
1595 4867 1758 4924 Cessaverat
1771 4866 1844 4924 enim
1865 4865 1947 4937 septi·

309 4974 405 5041 qcieoit
428 4975 456 5027 in
477 4974 669 5045 dissipatio,
692 4974 790 5028 ideirco
816 4974 945 5028 benedicit
973 4974 1102 5029 Domitius

312 5065 379 5117 diem
392 5067 539 5134 septimum,
555 5065 759 5134 etraartipcarit
770 5081 829 5121 eam
843 5064 948 5136 (liridi.
961 5064 1027 5133 Quae
1042 5079 1103 5134 pro-

313 5152 383 5208 fecto
394 5155 544 5209 benedictio
550 5162 578 5209 et
587 5154 766 5210 sanctificatio
776 5154 828 5209 diei
845 5154 953 5224 septimi
966 5154 993 5209 in
1007 5165 1102 5224 typam

312 5248 422 5318 majoris
443 5247 638 5303 benedictionis
660 5262 693 5302 ac
714 5246 939 5302 satietifieationis
957 5245 1028 5301 facta
1049 5254 1100 5302 ast.

313 5337 378 5393 iiam
397 5339 530 5409 sicot-por
543 5338 732 5403 crebrissime
749 5337 932 5407 qttotidianas,
949 5337 976 5392 in
996 5337 1104 5408 legeri-

313 5430 409 5484 ctimas
423 5431 534 5501 sanguis
551 5430 697 5486 bomiuieae
716 5428 865 5498 passionis,
884 5426 930 5497 qni
945 5426 1028 5482 semel
1045 5436 1105 5481 arat

312 5537 360 5592 pro
374 5521 461 5577 salute
478 5521 571 5575 mundi
585 5519 774 5584 effundendus,
789 5518 959 5589 signabatur,
970 5517 1008 5571 ita
1021 5517 1103 5572 etiam

1154 4979 1198 5017 mo
1213 4963 1257 5018 die
1273 4977 1289 5016 a
1307 4959 1454 5017 ottndeudis
1466 4959 1611 5031 generibus
1628 4967 1777 5026 creaturae,
1796 4957 1860 5031 quia
1874 4957 1947 5012 ultra

1149 5053 1208 5123 iam
1226 5068 1279 5107 non
1293 5050 1416 5108 condidit
1428 5052 1519 5123 aliqua
1537 5066 1635 5122 genera
1652 5066 1733 5106 nora.
1756 5051 1888 5120 Deinceps
1901 5065 1949 5104 att·

1155 5154 1209 5198 tem
1222 5159 1307 5212 nsque
1320 5159 1392 5198 nunc
1404 5151 1534 5214 operatur
1548 5143 1707 5198 eorumdem
1722 5157 1852 5214 generum
1865 5140 1950 5196 admi·

1149 5234 1351 5299 nistrationem,
1377 5248 1436 5303 quat
1459 5243 1522 5289 tnnc
1536 5233 1658 5289 instituta
1677 5241 1750 5298 sunt,
1772 5246 1826 5287 non
1845 5239 1877 5286 ut
1891 5231 1950 5300 ipso

1155 5326 1251 5380 saltem
1264 5325 1309 5382 die
1321 5326 1436 5396 septimo
1448 5327 1567 5398 psentia
1580 5324 1638 5393 eins
1653 5340 1668 5378 a
1681 5324 1742 5379 coeli
1754 5332 1783 5378 et
1794 5333 1874 5378 terra
1891 5338 1948 5378 ont·

1155 5418 1285 5487 niomqoe
1311 5431 1426 5482 rerum,
1447 5432 1516 5487 quas
1540 5416 1721 5479 condiderat,
1748 5411 1946 5483 gubernatione

1155 5517 1288 5576 cessaret,
1303 5509 1422 5578 alioquin
1435 5509 1564 5564 continno
1574 5508 1770 5563 dilaberentur.

312 5626 361 5682 per
370 5612 491 5682 requiem
502 5610 555 5665 dici
569 5610 687 5681 septimi,
699 5624 758 5679 qum
769 5616 830 5679 post
843 5623 925 5679 opera
936 5622 982 5662 ser
999 5607 1103 5662 dierum

314 5716 420 5773 scotper
445 5701 575 5758 celebrari
596 5702 713 5763 solebat,
741 5699 964 5771 praefigurabatur
988 5713 1104 5768 magnus
1239 5692 1385 5765 Aiieporico
1402 5693 1531 5764 copositio
1548 5695 1581 5743 tte
1599 5705 1645 5744 see
1657 5689 1759 5744 dierum
1778 5704 1864 5760 opere.

314 5793 357 5850 ifle
369 5796 428 5851 dies
441 5796 563 5860 sabbati,
579 5795 606 5849 in
621 5809 676 5864 quo
691 5793 820 5849 Dominus
835 5790 919 5847 semel
931 5790 959 5846 in
980 5789 1104 5861 sepulcro
1193 5787 1252 5842 lluc
1269 5801 1355 5856 usque
1375 5786 1408 5843 de
1428 5781 1575 5855 primordio
1598 5780 1691 5835 mundi
1715 5780 1852 5836 nascentis
1868 5777 1945 5848 juxta

312 5893 369 5939 erat
383 5887 570 5956 requietoms,
590 5883 731 5954 completis
747 5898 780 5937 ae
791 5880 920 5953 perfectis
932 5880 960 5935 in
973 5879 1105 5935 diesecto
1154 5895 1266 5937 scttsum
1284 5878 1382 5934 litterae
1392 5876 1492 5932 dixisse
1510 5870 1635 5928 sufficiat.
1653 5867 1776 5941 (isidor.)
1791 5867 1948 5926 Secundum

312 5977 438 6032 outnibus
463 5977 591 6048 operibus
621 5976 693 6037 suis,
723 5973 821 6045 quibus
858 5971 988 6027 mundum
1022 5984 1104 6040 quem
1159 5969 1315 6045 allegoriam
1330 5978 1418 6022 autem
1433 5966 1469 6020 ita
1485 5969 1574 6034 potest
1584 5961 1672 6033 accipi
1690 5960 1762 6032 quod
1775 5959 1803 6014 io
1813 5958 1947 6030 principio

313 6068 401 6127 mitt
413 6078 491 6123 serto
503 6065 669 6139 perfecerat,
690 6065 747 6135 iam
769 6062 904 6134 perditum
916 6059 1102 6120 -rostamabat
1158 6060 1232 6117 bens
1252 6057 1323 6123 fecit¹
1340 6056 1438 6113 coelnm
1459 6063 1485 6110 et
1506 6063 1617 6111 terram.
1637 6051 1802 6126 Principium
1821 6049 1946 6108 cbristus

1472 5619 1585 5677 CAPUT
1604 5618 1638 5673 il.
