4509 6850
309 646 363 705 395
440 633 443 637 ⁴
637 640 668 697 Β.
687 638 814 698 niuniu
835 638 944 696 lldUlll
963 637 1123 695 AllCllliIP.
1146 638 1299 698 socors.
1317 636 1461 696 occubit
1475 636 1567 695 PARS
1585 637 1606 693 l.
1890 637 1945 696 oso

307 777 360 818 uon
385 757 475 831 potius
493 769 615 827 quccrcrc
637 755 709 812 unde
733 755 788 810 siut
802 769 875 819 sera,
900 769 960 824 quae
981 762 1098 809 tantum·
1111 758 1136 818 Α
1150 754 1278 824 sapphico
1301 760 1397 818 tumet,
1410 765 1492 806 *nunc
1505 750 1642 821 semipede
1661 750 1822 823 ingreditur.
1848 751 1950 810 lleutc·

307 850 466 905 moderere
486 860 547 902 esse
570 846 753 918 persenserim
774 854 801 901 ει
814 846 884 900 unde
902 844 1026 915 quaedam
1046 858 1101 899 uon
1153 843 1305 899 ronourium
1325 857 1400 909 rere,
1423 852 1451 897 et
1468 841 1545 898 isaiae
1561 842 1707 908 canticum,
1731 855 1840 897 necnon
1858 853 1890 899 ct
1903 843 1951 900 Sa-

306 940 483 1004 solururera,
498 937 639 993 sedetiam
659 934 902 1001 incommutabilia,
925 950 986 1005 quae
1000 935 1103 990 iueom·
1152 936 1242 992 lonron
1264 945 1291 990 ct
1306 933 1368 1002 lob,
1383 936 1549 991 hexametris
1569 944 1598 990 et
1620 935 1797 1006 pentametris
1824 937 1951 995 versibus

308 1030 449 1086 mutabilia
469 1042 529 1084 esse
556 1027 807 1097 comprehenderit;
837 1041 870 1081 ac
890 1026 930 1081 sic
951 1027 986 1082 ab
1012 1024 1102 1095 specie
1153 1034 1195 1103 lut
1208 1029 1341 1096 loscplrus
1362 1038 1390 1086 et
1404 1028 1534 1095 Origenes
1548 1027 1683 1099 scribunt)
1699 1028 1770 1099 apud
1789 1026 1854 1084 sr'ros
1875 1043 1951 1085 com·

306 1136 451 1193 corporum
468 1134 553 1190 usquc
575 1118 609 1173 ad
627 1118 772 1172 humanam
790 1125 907 1172 mentem
929 1116 1102 1187 perveniens
1153 1123 1239 1194 posita
1262 1121 1417 1177 deeurmnt.
1450 1120 1632 1190 Quamobrem
1654 1136 1707 1175 non
1732 1128 1776 1176 cst
1795 1121 1952 1191 spernenda

307 1228 369 1269 cum
384 1222 412 1268 et
425 1214 511 1280 ipsum
524 1209 680 1265 mutabilem
694 1208 838 1271 lrrtenerit,
851 1208 922 1278 quod
939 1222 1011 1261 nttnc
1023 1207 1102 1261 docta
1153 1214 1222 1279 haec,
1235 1213 1358 1283 quamuis
1378 1211 1522 1283 gentilibus
1538 1211 1689 1267 communis
1704 1213 1785 1278 ratio,
1806 1212 1855 1268 sed
1867 1227 1952 1283 quan-

308 1319 381 1374 nunc
393 1302 501 1357 indocta
520 1301 566 1367 sit,
590 1300 737 1356 constituta
762 1307 853 1354 tumen
867 1299 938 1352 inter
954 1305 1103 1352 commuta-

308 1375 389 1450 bilem
402 1409 482 1462 sopra
498 1408 528 1448 sc
539 1392 699 1455 veritatem,
715 1398 742 1445 ct
757 1389 896 1444 mutabilia
911 1387 983 1443 inira
1007 1403 1036 1444 se
1051 1403 1104 1444 cte·

310 1496 376 1549 tera,
390 1486 424 1538 ad
435 1484 514 1538 unius
527 1482 573 1537 Ilei
598 1481 705 1536 laudem
720 1491 800 1549 atque
813 1479 985 1535 dilectionem
1006 1489 1102 1535 cuncto

308 1584 476 1639 convertere,
503 1589 518 1627 a
544 1587 598 1643 quo
622 1580 719 1627 cuncta
744 1575 804 1627 dssc
831 1571 978 1641 cognoscit,
1007 1570 1103 1625 doctus

309 1665 394 1720 rideri
409 1672 507 1733 potest
529 1677 589 1718 esso
605 1671 696 1717 aulcm
715 1662 824 1732 sapiens
845 1660 917 1715 nullo
930 1659 1019 1714 nrodo.
1033 1658 1104 1714 lluc·

308 1768 394 1824 usque
417 1752 579 1824 generaliter
593 1760 675 1821 atque
687 1750 842 1822 permixtim
856 1749 911 1804 dixi
932 1750 965 1803 dc
985 1748 1104 1820 discipli·

309 1838 1101 1916 uisgcntiliuru3deincepsscorsumdesirrgulisdicturus.

1154 1311 1210 1356 turn
1225 1303 1291 1358 satis
1302 1310 1345 1358 est
1357 1300 1544 1372 perdiscendo,
1569 1301 1633 1372 quia
1653 1302 1747 1374 utique
1768 1302 1849 1358 multi
1864 1318 1953 1360 crau·

1154 1393 1233 1463 gelici
1248 1392 1309 1458 riri,
1329 1393 1448 1463 insignes
1460 1392 1544 1448 libros
1567 1383 1620 1448 hac
1632 1401 1691 1448 arte
1705 1394 1900 1461 condiderunt,
1922 1400 1955 1453 et

1156 1483 1213 1539 Deo
1230 1484 1338 1554 placore
1348 1498 1397 1552 per
1412 1483 1439 1538 id
1452 1492 1621 1554 satagerunt,
1639 1493 1670 1540 ut
1680 1482 1730 1539 luit
1740 1483 1888 1552 iuvencus,
1900 1485 1953 1543 Se-

1155 1575 1256 1641 dulius,
1271 1576 1381 1640 Auster,
1399 1573 1530 1639 Alcimus,
1544 1573 1680 1640 Clemens,
1694 1575 1823 1631 Paulinus
1845 1585 1875 1633 ει
1886 1576 1955 1634 For·

1155 1677 1274 1733 tunutus,
1294 1676 1321 1721 et
1342 1666 1433 1722 ceteri
1449 1665 1536 1720 multi.
1561 1665 1689 1722 Poemata
1705 1677 1797 1722 autem
1814 1678 1843 1723 ει
1867 1669 1954 1726 libros

1155 1758 1294 1830 gentilium
1319 1758 1341 1812 si
1356 1756 1470 1812 relimus
1494 1768 1606 1827 propter
1626 1756 1718 1813 dorem
1735 1759 1899 1831 eloquentius
1913 1759 1955 1816 le·

1155 1865 1228 1919 gere,
1258 1859 1335 1921 typus
1357 1848 1478 1904 mulieris
1502 1848 1618 1919 captirae
1641 1851 1773 1906 tenendus
1794 1861 1848 1917 cst,
1868 1866 1953 1923 quam

597 1952 711 2010 CAPUT
729 1951 821 2007 xvffl,
1155 1942 1395 1997 deuteronomium
1413 1939 1559 2004 rlescribit;
1574 1947 1603 1995 et
1619 1939 1761 1996 Dominum
1786 1942 1824 1998 ita
1846 1956 1952 2012 prece·

403 2040 442 2096 De
463 2050 520 2096 arte
543 2042 727 2112 pneumatica,
750 2051 775 2095 et
795 2041 926 2112 speciebus
949 2041 1016 2112 ejus,
1155 2035 1227 2104 pisse
1240 2039 1444 2097 commemorat,
1460 2039 1490 2085 ul
1501 2031 1524 2086 Sl
1538 2031 1672 2087 israelites
1685 2048 1745 2089 edili
1758 2033 1861 2089 habere
1870 2033 1954 2091 tollet

345 2132 436 2187 Prima
460 2145 526 2203 crgo
551 2130 704 2186 liberalium
728 2132 828 2185 artium
850 2140 891 2187 cst
915 2132 1106 2203 grammatica,
1121 2115 1143 2174 Β
1158 2137 1281 2186 timrem,
1303 2121 1477 2176 callistum&
1491 2120 1584 2188 iaciat,
1600 2134 1859 2194 ungueshmlfflh
1882 2123 1953 2196 ΡῙῙΝ

315 2221 433 2278 secunda
453 2221 600 2286 rhetorica,
635 2220 715 2275 tertia
735 2219 886 2286 dialectica,
907 2228 1003 2291 quarta
1024 2220 1107 2275 arith-
1156 2214 1271 2280 auferat,
1296 2222 1323 2269 et
1337 2228 1398 2268 cum
1409 2213 1508 2267 munda
1526 2211 1570 2266 lue
1586 2213 1607 2266 it
1623 2212 1729 2279 edecta,
1752 2223 1815 2269 tunc
1827 2224 1952 2271 transcat

313 2312 443 2377 ruothino,
459 2311 554 2381 quinta
574 2311 733 2380 geometria,
759 2319 837 2365 sexta
855 2312 968 2378 musica,
992 2313 1105 2381 septima
1156 2308 1185 2365 in
1210 2306 1302 2362 ureris
1317 2305 1465 2375 amplexus.
1487 2305 1550 2359 llaec
1569 2305 1593 2359 si
1608 2305 1754 2361 secundum
1769 2306 1890 2362 litteram
1909 2308 1953 2363 in-

310 2404 491 2468 astrouoruia;
505 2402 683 2473 grammatica
701 2401 774 2456 enim
793 2400 923 2457 alitteris
941 2418 1043 2458 nomen
1058 2418 1104 2458 ac·
1158 2399 1314 2471 telligimus,
1327 2412 1416 2453 nonne
1435 2397 1547 2453 ridicula
1567 2399 1652 2453 sunt?
1669 2397 1763 2469 ltaque
1780 2408 1808 2455 ct
1833 2415 1884 2455 nos
1899 2402 1953 2460 lroc

309 2494 392 2566 cepit,
417 2494 487 2549 sicut
496 2492 620 2549 vocabuli
640 2492 711 2547 illius
728 2492 866 2547 derivatus
879 2506 961 2548 sonus
977 2494 1104 2548 ostendit.
1156 2493 1247 2550 lacere
1263 2492 1391 2557 solemus,
1425 2491 1530 2561 hocque
1554 2490 1644 2547 lacere
1667 2491 1807 2558 debemus,
1840 2494 1952 2564 quando

310 2584 438 2641 llilliuitio
463 2593 553 2640 autem
579 2581 638 2651 ejus
668 2582 731 2638 talis
755 2591 798 2638 cst
820 2601 827 2637 z
849 2581 1033 2639 Grammatico
1064 2592 1107 2640 est
1154 2592 1248 2657 pectas
1268 2583 1382 2655 gentiles
1404 2581 1528 2654 legimus,
1551 2583 1659 2652 quando
1684 2584 1711 2638 in
1726 2598 1824 2641 uranus
1841 2594 1953 2643 nostras

309 2676 422 2733 seientia
447 2675 643 2747 interpretandi
672 2682 765 2746 poetas
785 2683 866 2747 atque
891 2675 1047 2740 historicos,
1078 2684 1107 2733 ct
1156 2675 1216 2729 libri
1230 2676 1341 2730 ueniunt
1362 2671 1501 2744 sapientie
1514 2672 1661 2739 secularis,
1678 2674 1700 2728 si
1710 2674 1775 2743 quid
1788 2674 1817 2729 iu
1830 2676 1872 2731 cis
1885 2675 1954 2732 utile

309 2775 385 2823 recte
399 2767 535 2822 scribendi
560 2767 740 2837 loquendique
757 2767 838 2822 ratio.
865 2766 928 2822 lirec
942 2777 969 2824 et
982 2769 1058 2839 origo
1079 2776 1108 2825 et
1156 2764 1316 2835 reperimus,
1335 2762 1370 2818 ad
1382 2770 1503 2818 nostrum
1518 2763 1615 2833 dogma
1631 2764 1834 2831 coercuimus,
1851 2765 1953 2835 siquid

309 2854 515 2914 tundamentum
536 2865 579 2914 εει
597 2859 697 2913 artium
718 2857 880 2913 liberalium.
908 2857 983 2913 lianc
1015 2859 1106 2930 itaque
1156 2872 1221 2913 roro
1241 2854 1405 2926 superdeum
1419 2856 1452 2911 de
1463 2855 1553 2920 idolis,
1568 2855 1601 2910 de
1614 2868 1715 2920 umore,
1732 2856 1766 2911 de
1783 2870 1851 2911 cura
1867 2871 1953 2913 seeu-

309 2949 430 3004 scholam
453 2948 620 3005 Dominicarn
636 2949 727 3021 legere
747 2949 883 3014 convenit,
906 2949 969 3020 quia
992 2949 1105 3005 scicntia
1154 2950 1257 3005 luriunt
1283 2962 1385 3012 rerum,
1409 2946 1467 3002 brec
1488 2945 1627 3012 radamus,
1646 2944 1689 3000 his
1705 2944 1845 3002 calritiom
1865 2946 1948 3004 indu·

310 3048 383 3096 recte
397 3039 523 3112 loquendi
543 3047 572 3095 et
595 3038 732 3095 scribendi
753 3038 822 3094 ratio
851 3038 879 3092 iu
896 3039 952 3109 ipsa
970 3039 1103 3094 consistit.
1154 3054 1259 3107 caurus,
1286 3039 1345 3094 haec
1359 3038 1386 3093 in
1403 3037 1532 3108 unguium
1548 3050 1625 3092 more
1641 3034 1714 3092 terro
1727 3037 1888 3094 acutissimo
1904 3039 1952 3097 de-

309 3128 450 3196 Quomodo
467 3130 528 3199 quis
546 3129 601 3184 riru
615 3129 691 3185 vocis
707 3128 857 3184 articulatae
880 3144 928 3184 scu
953 3129 1105 3184 litterarum
1155 3148 1288 3191 secernas.
1304 3130 1360 3186 lloc
1376 3140 1466 3186 tanuen
1485 3144 1543 3199 prae
1556 3129 1681 3184 omnibus
1697 3142 1793 3184 carcre
1807 3129 1951 3196 debemus.

309 3219 509 3291 ctsylluhurum
522 3228 684 3289 potestatem
702 3219 854 3290 cognoscit,
866 3220 888 3275 si
902 3235 954 3275 non
968 3222 1043 3291 prius
1057 3235 1105 3291 per
1157 3239 1190 3279 ne
1206 3224 1263 3280 lraec
1278 3220 1387 3276 licentia
1398 3227 1490 3274 nostra
1504 3217 1695 3274 offendiculum
1707 3217 1755 3271 irat
1764 3215 1901 3274 infirmis:
1917 3233 1954 3275 oe

309 3325 369 3365 earu
385 3311 410 3364 id
424 3311 538 3366 didicit?
550 3311 605 3365 dut
619 3312 754 3381 quomodo
773 3311 882 3383 pedum,
895 3322 1057 3367 :rcccrrtuour
1078 3321 1106 3368 ct
1155 3297 1249 3389 percat
1268 3314 1314 3386 qui
1342 3312 1470 3367 infirmus
1491 3320 1532 3366 cst
1551 3312 1579 3366 in
1600 3309 1714 3366 scicntia
1733 3318 1829 3365 nostra
1853 3310 1953 3375 irater,

310 3404 494 3475 positurarum
516 3402 709 3459 discretionem
733 3403 794 3470 scit,
829 3404 853 3458 si
875 3418 927 3458 non
954 3418 1003 3474 per
1035 3404 1105 3459 hanc
1156 3415 1267 3479 propter
1284 3420 1364 3476 quem
1388 3402 1513 3460 Christus
1540 3410 1662 3459 mortuus
1680 3408 1733 3470 ost,
1760 3401 1783 3457 si
1803 3400 1903 3458 viderit
1923 3402 1954 3458 in

310 3496 479 3567 disciplinam
494 3495 552 3566 ejus
567 3495 709 3551 scientiam
721 3505 785 3550 unte
803 3495 945 3567 percepit?
964 3497 1018 3551 dut
1037 3512 1102 3568 quo·
1118 3457 1140 3520 C
1159 3498 1239 3554 idolio
1265 3512 1315 3552 nos
1339 3496 1538 3550 recumbentes.

310 3588 390 3642 modo
410 3588 527 3658 partium
538 3589 669 3644 orationis
688 3587 761 3658 iura,
783 3590 950 3646 schematum
966 3592 1102 3659 decorum,
1448 3587 1561 3644 CAPUT
1581 3586 1650 3642 iix.

312 3690 451 3749 rruporuur
464 3678 602 3746 rirtutcrrr,
623 3680 845 3753 etymologiarum
857 3682 1000 3747 ratioucnr,
1013 3692 1042 3737 ct
1058 3697 1104 3738 or·
1444 3678 1482 3732 lic
1505 3679 1643 3732 rhetorico.

311 3772 478 3843 tlrograplriae
494 3772 683 3828 rectitudinem
696 3773 781 3839 norit,
796 3773 819 3828 si
832 3788 885 3829 non
897 3776 1103 3845 grammaticam
1193 3771 1336 3826 Rhetorica
1351 3777 1392 3825 ost
1407 3768 1488 3840 (sicot
1504 3766 1626 3838 magistri
1639 3765 1759 3838 tradunt)
1777 3766 1952 3824 secularium

273 3850 277 3855 ⁴
309 3872 397 3919 artem
423 3871 487 3919 ante
510 3863 561 3919 sihi
583 3871 675 3919 notam
694 3863 778 3920 lecit?
795 3864 995 3936 inculpabiliter
1018 3867 1103 3936 cuim,
1157 3865 1308 3918 litterarum
1332 3856 1519 3916 benedicendi
1540 3855 1662 3922 scientia,
1689 3856 1716 3911 in
1730 3856 1855 3912 ciuilibus
1877 3872 1953 3929 quae·

310 3956 366 4010 iuro
385 3954 555 4010 laudabiliter
578 3956 648 4010 hauc
661 3963 747 4009 artenr
767 3955 858 4020 discit,
877 3957 1000 4025 quisquis
1023 3957 1050 4011 iu
1070 3974 1103 4014 ea
1156 3957 1297 4013 stionihus.
1320 3954 1373 4010 Sed
1385 3950 1575 4009 haecdidlnitio
1588 3950 1651 4006 licet
1671 3951 1706 4005 ad
1719 3949 1886 4006 mundanam
1905 3966 1952 4008 sr-

310 4060 364 4100 non
383 4044 490 4099 inanem
512 4059 630 4115 puguanr
653 4044 797 4100 uerborum
822 4044 913 4101 lacere
933 4046 1028 4118 diligit,
1054 4050 1102 4104 scd
1155 4047 1284 4119 pientiam
1295 4046 1417 4101 ridentur
1431 4044 1577 4113 pertinere,
1598 4050 1687 4096 umen
1698 4055 1753 4096 oon
1764 4049 1808 4097 est
1818 4049 1952 4097 extranea

309 4141 391 4189 rcere
422 4132 566 4188 locutionis
585 4132 728 4188 scientiam
766 4143 795 4188 et
815 4133 951 4190 scribendi
978 4137 1102 4206 periuram
1155 4143 1383 4199 aeecclestasuca
1397 4138 1547 4210 disciplina.
1573 4137 1707 4208 ortoque
1727 4136 1952 4192 enumerarem

308 4226 410 4281 habere
423 4224 536 4295 appetit.
556 4223 615 4294 lpsu
636 4225 761 4280 esteuim
780 4225 900 4280 omnium
914 4224 997 4295 judex
1022 4226 1103 4283 libra·
1155 4237 1316 4308 praerlicutor
1331 4233 1430 4289 diuina>
1448 4231 1515 4303 legis
1529 4231 1631 4286 diserte
1651 4228 1819 4284 etdeecnter
1844 4226 1952 4297 pmiert

309 4317 422 4382 riorum,
443 4317 506 4386 qula
528 4317 684 4386 mirorque
705 4331 827 4372 errorem
851 4319 1029 4389 perspexerit,
1060 4335 1104 4375 re-
1156 4329 1182 4382 ιιι
1199 4327 1332 4392 terendo,
1348 4324 1391 4379 rer
1406 4321 1536 4394 quidquid
1550 4318 1951 4393 apreererrganrerocpromrr

310 4407 464 4478 Piehtsstfih
488 4415 517 4463 tl
539 4408 585 4463 tibi
602 4407 754 4463 benedicta
767 4419 840 4475 surrt,
856 4410 1102 4478 squ'udiciocorn·
1156 4420 1182 4474 in
1202 4418 1339 4481 dictando,
1362 4415 1395 4470 ad
1416 4415 1496 4486 hujus
1513 4414 1580 4469 artis
1599 4411 1725 4483 congruit
1739 4410 1883 4482 peritiam
1899 4423 1951 4465 nec

307 4498 442 4570 probabit.
461 4497 606 4555 Sclrcurata
618 4508 708 4555 sutem
719 4500 809 4555 ouroia
821 4509 953 4571 quotquot
965 4503 1101 4559 saecularis
1154 4509 1247 4578 utique
1269 4521 1382 4576 peccare
1401 4504 1481 4558 debet
1500 4501 1635 4564 arbitrari,
1659 4500 1705 4570 qui
1719 4500 1790 4555 hanc
1803 4505 1895 4553 artem
1921 4498 1949 4553 io

308 4591 451 4662 disciplina
462 4591 632 4662 conscripsit,
664 4592 690 4646 iu
704 4592 805 4648 sanctis
817 4592 893 4647 libris
906 4594 1004 4663 saepius
1014 4594 1100 4662 posita
1155 4616 1272 4671 congrua
1292 4606 1370 4652 auare
1386 4596 1459 4666 legit,
1495 4594 1594 4664 quique
1614 4591 1673 4662 cius
1694 4597 1831 4661 praecepta
1857 4595 1950 4644 semi

309 4681 492 4750 reperiuntur.
519 4680 630 4736 Necnon
648 4680 735 4751 tropis
754 4691 879 4736 auctores
903 4692 1010 4737 nostros
1036 4698 1100 4740 usos
1154 4691 1181 4744 in
1198 4687 1333 4742 dictando.
1349 4701 1381 4740 ac
1394 4684 1577 4756 proloquendo
1592 4696 1760 4747 sermonem
1776 4680 1831 4735 iuro
1846 4679 1949 4735 bonuur

308 4772 400 4838 hrissc,
421 4782 449 4826 ct
468 4772 644 4843 multiplicius
667 4782 750 4844 atquc
763 4774 898 4844 copiosius
913 4790 995 4844 quarn
1014 4779 1101 4846 possit
1114 4808 1141 4867 D
1154 4796 1221 4849 opus
1239 4778 1312 4841 lacit.
1337 4779 1382 4850 qui
1403 4793 1462 4832 ram
1484 4777 1518 4831 ad
1537 4776 1589 4831 hoc
1609 4774 1725 4845 pleniter
1749 4772 1841 4838 discit,
1861 4782 1894 4827 ut
1914 4771 1950 4829 ad

306 4861 457 4916 existimari
472 4862 513 4916 rel
530 4862 615 4927 credi,
629 4859 753 4931 quisquis
766 4862 850 4917 libros
868 4862 974 4917 divinos
991 4864 1103 4937 diligen·
1153 4868 1354 4939 predicandum
1377 4867 1490 4921 rerhurrr
1514 4865 1562 4919 Ilei
1586 4865 1698 4920 idoneus
1720 4862 1766 4917 sit.
1794 4861 1864 4916 Nam
1885 4877 1949 4918 mn

309 4964 350 5007 rer
371 4954 445 5024 legit,
469 4954 596 5008 inreuiet.
621 4953 737 5008 istorum
764 4963 855 5008 autern
885 4964 1021 5025 troporum
1049 4975 1101 5014 uon
1153 4973 1203 5027 per
1221 4964 1307 5011 artem
1329 4956 1492 5010 rhetoricam
1510 4963 1537 5010 et
1553 4970 1617 5009 vcra
1640 4952 1806 5008 suadeantur
1824 4959 1852 5006 et
1867 4946 1968 5019 laist(

307 5045 393 5100 solum
407 5045 529 5115 exempla
545 5046 614 5103 sicut
625 5045 757 5111 omnium,
772 5047 1007 5115 sedquoruurdum
1019 5051 1100 5106 etiarn
1152 5049 1213 5119 quis
1224 5047 1322 5103 audent
1332 5047 1423 5102 dicere
1440 5046 1568 5100 arlrcrsus
1585 5043 1753 5098 mendacium
1779 5042 1807 5096 in
1822 5040 1949 5099 defenso·

307 5139 418 5193 rruruina
438 5139 465 5193 iu
482 5139 580 5193 divinis
603 5138 680 5193 libris
708 5139 843 5209 leguntur,
870 5140 941 5195 sicut
961 5142 1098 5214 allegoria,
1153 5144 1228 5198 ribus
1242 5143 1298 5198 sois
1319 5143 1449 5197 inermem
1463 5141 1561 5195 debere
1576 5138 1726 5193 consistere
1743 5137 1902 5202 ueritatem,
1919 5144 1951 5193 ut

306 5231 433 5302 aerrigura,
458 5230 594 5302 parabola.
617 5230 737 5297 Quorum
756 5231 876 5286 omnium
899 5234 1018 5304 cognitio
1037 5251 1099 5306 pro·
1151 5235 1277 5291 ridelicer
1300 5233 1337 5288 illi
1349 5234 1395 5303 qrri
1413 5247 1457 5286 rcs
1470 5232 1552 5286 salsas
1566 5231 1679 5286 suadere
1695 5238 1842 5293 conantur,
1869 5243 1951 5284 nore·

306 5331 399 5392 pterea
412 5321 613 5392 scripturarum
632 5322 853 5393 ambiguitatibus
865 5325 1043 5382 dissolrcurlis
1058 5336 1101 5384 cst
1152 5327 1206 5382 rint
1221 5327 1371 5380 auditorem
1388 5323 1428 5378 rel
1445 5322 1610 5388 benivolum,
1631 5320 1676 5376 rel
1690 5321 1835 5385 intentum,
1849 5320 1895 5374 rel
1907 5317 1951 5375 la·

306 5412 471 5476 neccssaria,
492 5413 555 5481 quia
573 5427 670 5468 sensus
690 5411 725 5467 ad
742 5415 936 5485 pmprictatom
956 5418 1099 5473 rcrbomnr
1151 5436 1214 5476 cere
1227 5418 1341 5473 docilem
1358 5416 1501 5486 prooemio,
1517 5415 1561 5469 isti
1575 5425 1731 5469 autemnon
1746 5411 1950 5468 noverintlilli

306 5504 330 5560 si
341 5504 499 5575 accipiatur,
523 5503 656 5559 absurdus
666 5510 717 5559 εει.
737 5503 916 5572 Quaerendum
935 5516 976 5561 est
995 5510 1098 5579 utiquo,
1151 5509 1217 5564 laisa
1236 5509 1365 5572 breviter,
1386 5514 1489 5577 aperte,
1510 5504 1703 5571 verisimiliter,
1729 5513 1756 5558 et
1769 5502 1814 5557 isti
1824 5516 1891 5557 reru
1906 5501 1951 5559 sic

306 5615 341 5656 ue
352 5598 421 5655 torte
435 5597 481 5654 illo
492 5597 535 5654 rel
548 5597 594 5655 illo
607 5605 684 5671 tropo
703 5599 805 5655 dictum
819 5600 853 5656 sit
866 5603 938 5671 quod
955 5617 1009 5657 non
1022 5603 1100 5657 intel·

304 5689 422 5762 ligimus,
448 5692 532 5747 etsie
550 5689 679 5762 pleraque
690 5691 800 5748 inventu
817 5702 881 5747 suut
896 5708 956 5762 quae
966 5695 1097 5750 latebant.

303 5787 444 5848 lletrtcam
457 5798 548 5844 sutem
566 5788 699 5843 rationem
718 5804 779 5857 quae
801 5802 849 5858 per
863 5798 950 5843 artem
965 5804 1099 5860 gruuuna-

305 5882 387 5938 tlcam
399 5882 521 5946 discitur,
538 5895 591 5935 rrou
606 5879 722 5951 ignobile
734 5889 776 5933 cst
788 5880 868 5945 scire,
893 5880 955 5948 quin
967 5881 1037 5949 apud
1050 5880 1099 5935 lle-

305 5975 392 6031 braeos
409 5974 569 6031 l'salterium
594 5973 636 6044 (ot
657 5972 752 6026 beatius
771 5969 950 6041 Hieronymus
971 5974 1096 6042 testatur)

303 6080 377 6120 ιιιιιιε
399 6065 490 6120 iarnho
510 6063 605 6129 currit,
632 6076 704 6117 nunc
726 6061 848 6117 alchaico
862 6068 1002 6131 personat,
1023 6073 1097 6117 nunc

1100 6268 1113 6295 l

1151 5609 1264 5656 narrent
1288 5609 1316 5654 ut
1343 5600 1438 5655 audire
1458 5599 1565 5663 sedeat,
1593 5595 1745 5668 intelligere
1765 5608 1818 5649 nou
1844 5600 1948 5663 pateat,

1151 5693 1263 5750 credere
1288 5701 1425 5762 postremo
1443 5707 1496 5746 nou
1518 5689 1623 5745 libcatl
1641 5688 1679 5743 illi
1702 5686 1845 5742 fallacibus
1866 5697 1950 5755 argu·

1151 5788 1250 5844 mentis
1280 5787 1423 5841 veritatem
1440 5792 1607 5855 oppugnent,
1640 5787 1765 5837 asserant
1785 5777 1948 5842 sulsitatem,

1151 5880 1194 5934 isti
1212 5894 1261 5934 occ
1273 5893 1337 5932 rcm
1349 5876 1503 5940 defendere,
1532 5889 1582 5930 nec
1595 5871 1663 5927 laisa
1681 5870 1789 5924 valeant
1802 5864 1950 5923 refutare!

1150 5967 1185 6021 illi
1207 5969 1311 6022 animos
1324 5965 1490 6020 audientium
1505 5964 1531 6018 in
1547 5976 1667 6018 ermrenr
1686 5965 1828 6015 moventes
1848 5953 1948 6026 impel-

1149 6062 1287 6131 lentesque
1301 6058 1414 6116 dicendo
1430 6064 1559 6124 terreant,
1584 6055 1756 6120 contristent,
1777 6050 1949 6117 exhilarent,
