4509 6850
307 644 375 708 tutis
679 656 683 664 ·
800 624 1029 703 matinanta
1048 639 1266 701 unrruauu.
1287 641 1406 702 -ttn
1425 624 1459 703 t,
1866 647 1936 711 tnta

304 784 366 822 cnm
384 764 468 819 ilaris
486 767 598 834 cognata
617 771 665 816 trra
683 755 820 829 proiectus
839 765 881 813 est
900 758 926 812 ia
944 747 1131 816 Bethleem-h
1423 757 1536 818 GhPUT
1555 751 1647 818 httn.
1699 755 1701 760 ⁴

307 860 423 913 'lissum
436 855 561 927 (Ιῦθῐῐῑθῐῃ
576 854 761 907 ”lllll'llssef'il
774 852 800 905 ⁵¹¹
814 850 958 915 Nlliffllhr
972 845 1096 917 (ΜΕΝ
1146 859 1227 923 Daret
1242 868 1416 925 humilitatem
1434 871 1551 942 eaemplo
1571 872 1740 944 parandorum
1750 915 1757 939 ,
1769 882 1794 930 et
1809 879 1934 933 uetuiritm

305 948 432 1019 oprpiidum
450 944 566 1000 Gulilaean
585 942 775 1011 capharnaum
790 939 880 1003 urbis,
897 937 933 993 lbi
951 953 967 993 a
982 943 1096 993 censore
1180 954 1271 993 eonem
1285 941 1536 1006 scartdutituudum,·
1549 943 1695 1013 euanplum
1710 947 1831 1014 proponit
1846 947 1879 1003 rte
1890 952 1934 1003 oue

305 1046 454 1109 poscuntur
466 1034 582 1096 tributa,
598 1041 626 1087 et
639 1043 688 1101 pro
705 1030 842 1100 signorum
862 1026 1047 1098 magnitudine
1065 1024 1095 1080 hi
1181 1020 1301 1073 ‘llll’l‘sss
1314 1020 1338 1064 2⁸
1348 1012 1448 1081 l¹⁴⁰⁸52⁸
1462 1010 1540 1081 llam
1555 1014 1587 1067 ⁵¹⁸¹
1600 1014 1798 1083 ''timendum-

305 1128 353 1198 qui
365 1126 508 1197 exigebant
520 1139 572 1179 non
587 1121 788 1192 audeuripsum
803 1127 935 1189 repetere,
949 1118 995 1173 sed
1012 1117 1095 1172 disei-
1182 1118 1228 1192 [1.]
1244 1118 1277 1175 lu
1292 1118 1339 1172 illu
1357 1120 1423 1175 liora
1445 1134 1609 1177 accerserunt
1624 1123 1746 1195 discipuli
1766 1126 1802 1180 ad
1821 1127 1912 1183 lesum
1929 1170 1937 1197 ‚

305 1220 397 1292 pulum
411 1216 588 1281 conreniunt;
604 1214 662 1268 sire
674 1212 806 1267 malitiose
818 1212 993 1278 interrogant,
1005 1215 1096 1263 utrum
1146 1210 1261 1267 dicentes
1274 1230 1283 1267 :
1297 1210 1362 1277 Quis
1372 1223 1450 1283 putet
1469 1216 1556 1286 maiar
1578 1218 1627 1270 erit
1651 1219 1678 1270 in
1695 1232 1772 1287 repro
1793 1218 1935 1274 retortia-r

306 1312 401 1367 reddat
411 1309 510 1363 tributa
523 1323 557 1360 an
567 1304 734 1361 contradicat
745 1302 860 1357 Caesads
870 1298 1010 1362 voluntati,
1019 1298 1096 1367 Juxta
1147 1299 1283 1374 illierou.)
1291 1301 1367 1369 Quod
1380 1316 1451 1373 saepe
1464 1305 1555 1358 nronui
1563 1304 1645 1359 etiam
1657 1320 1729 1361 nttnc
1741 1307 1940 1365 obseruandum

306 1397 486 1472 nundinatio
506 1395 620 1466 legimus
640 1413 646 1447 :
667 1392 737 1447 Licet
755 1392 852 1445 tritula
869 1389 969 1446 Catari
986 1390 1095 1453 saluere,
1147 1402 1198 1450 eut.
1215 1394 1311 1449 Caitsac
1327 1396 1480 1465 querendae
1498 1405 1562 1451 siunt
1580 1397 1748 1467 singulorum
1771 1400 1876 1456 nonani
1901 1402 1942 1458 dp.

306 1510 341 1546 g„
357 1507 408 1545 w,
419 1491 431 1543 ‚a
442 1486 550 1558 (pagiua,
565 1484 645 1555 χιιι.)
1148 1493 1253 1540 ciorum
1278 1492 1359 1554 atquae
1385 1483 1529 1541 facetorum.
1546 1483 1611 1542 Post
1631 1489 1771 1544 iuuentam
1785 1499 1915 1547 statorem
1932 1533 1940 1558 ,

344 1581 377 1636 Ec
395 1597 453 1634 cura
475 1578 607 1632 introisset
626 1576 652 1629 in
673 1576 779 1628 dameam
800 1571 925 1642 ptoetttt'l
943 1585 1004 1623 etim
1018 1568 1096 1623 Ιιιιιι
1148 1585 1208 1643 post
1227 1576 1325 1630 tributa
1341 1576 1456 1641 reddita,
1470 1578 1535 1646 quid
1547 1579 1597 1633 sibi
1610 1578 1666 1634 mrlt
1681 1582 1820 1650 repentina
1834 1592 1942 1653 aposto-

307 1675 404 1728 dicent.
418 1670 468 1737 0¹¹5
482 1669 640 1724 didrachmi
658 1664 802 1737 exigebant
824 1675 949 1716 ⁵00l81¹ffl
962 1673 1098 1714 ῡθῐιιθῐιθ·
1148 1665 1234 1720 lnmtin
1258 1665 1456 1736 interrogatio?
1467 1667 1500 1720 ln
1518 1667 1564 1721 illo
1591 1670 1656 1722 liora
1681 1682 1848 1725 accesserunt
1862 1672 1943 1725 disci·

308 1764 504 1827 rentl'etrum3
524 1773 639 1831 eumque
659 1758 786 1811 intrasset
806 1755 936 1816 domum,
952 1760 1097 1820 antequam
1148 1754 1203 1823 pull
1218 1754 1254 1807 ad
1269 1755 1376 1819 testim,
1402 1755 1540 1811 diceutes:
1562 1755 1629 1822 Quia
1651 1767 1729 1828 piatas
1747 1760 1835 1830 tucior
1851 1771 1888 1815 tat
1914 1763 1942 1817 ia

307 1858 405 1913 Petrus
431 1862 572 1926 suggerat,
589 1850 719 1906 Dominus
734 1850 902 1917 interrogat,
917 1860 951 1900 ne
965 1844 1099 1899 scandali·
1150 1857 1229 1912 rcpua
1242 1843 1363 1899 caelorum
1377 1845 1389 1897 l
1402 1845 1454 1911 pat
1465 1844 1608 1900 audierant
1627 1862 1677 1917 pro
1693 1848 1773 1903 Petro
1786 1859 1813 1903 et
1827 1847 1944 1906 llonriuo

308 1955 405 2002 rentrrr
417 1944 540 2014 discipuli
556 1943 589 1999 sd
609 1940 817 2011 postulationem
836 1936 950 2001 tributi,
974 1949 1034 1990 cum
1059 1935 1099 1988 ri·
1150 1935 1280 1990 tributum
1294 1936 1364 1990 idern
1377 1936 1806 2006 conciliamurequalitatetent
1818 1942 1943 1997 aridirati

308 2037 389 2092 deoru
404 2049 466 2089 eum
482 2048 560 2088 arouse
579 2045 640 2101 qaia
654 2033 765 2084 absente
780 2035 895 2097 segesta
909 2034 981 2080 sant.
1151 2036 1214 2079 sunt
1236 2024 1362 2081 onuribus
1381 2026 1511 2095 apostolis
1533 2025 1641 2082 Petrum
1655 2041 1715 2084 esse
1729 2030 1881 2099 praelatam,
1897 2032 1943 2103 qui

344 2126 414 2192 Quid
434 2126 480 2178 titi
507 2124 626 2186 uitetur,
645 2120 760 2176 Simon-l
778 2119 857 2189 ltepes
878 2127 986 2172 terrae
1006 2117 1099 2187 auitas
1114 2109 1137 2169 B
1152 2119 1180 2172 in
1204 2119 1355 2172 redditione
1381 2119 1476 2174 nitnni
1504 2116 1620 2173 botrano
1644 2118 1734 2174 luerat
1759 2123 1942 2191 comparatus.

309 2219 441 2289 crepitat
457 2217 594 2280 tributum,
612 2213 650 2268 eei
668 2227 793 2275 cetarum,
810 2225 826 2263 a
841 2208 903 2277 filiis
923 2209 992 2269 tuit,
1009 2224 1044 2261 un
1066 2207 1099 2260 ab
1151 2208 1213 2262 ldca
1227 2208 1416 2280 interrogant:
1433 2207 1498 2273 Qtits
1516 2207 1603 2278 maiar
1616 2210 1690 2263 ertia
1705 2226 1782 2281 repam
1796 2209 1946 2267 tuleram?

308 2308 425 2363 clicuit?
451 2306 486 2359 Et
502 2304 546 2358 ille
559 2305 626 2359 dicit
640 2316 649 2354 :
662 2302 700 2355 Ab
716 2299 817 2355 alienis.
843 2298 913 2351 llicit
937 2296 975 2350 itti
998 2296 1100 2350 lesus:
1151 2295 1306 2366 vidensque
1318 2293 1398 2352 lestis
1412 2297 1590 2366 cogitationes
1602 2311 1706 2364 eoram,
1720 2307 1748 2353 et
1761 2314 1858 2356 causas
1869 2315 1945 2357 etro⁴

309 2398 382 2469 drgo
397 2397 472 2451 liberi
488 2404 548 2450 sucu
563 2394 622 2464 filii.
648 2391 779 2446 liorninus
797 2397 891 2444 noster
905 2396 933 2441 et
952 2386 1100 2442 secundum
1151 2401 1211 2443 rum
1235 2388 1410 2459 intelligens,
1431 2388 1487 2443 ruit
1501 2389 1665 2446 desiderium
1679 2390 1772 2461 glorie
1784 2392 1945 2449 humilitatis

308 2504 420 2545 carnem
434 2496 461 2543 et
477 2487 623 2543 secundum
637 2485 761 2554 spiritum
786 2480 858 2535 tilius
876 2479 952 2551 'regis
967 2487 1043 2545 erat,
1058 2481 1101 2534 rel
1151 2481 1326 2536 contentione
1342 2483 1451 2535 sanare.

308 2598 343 2637 ex
357 2580 441 2635 Dauid
460 2580 544 2649 stirpe
561 2584 717 2648 generatus,
735 2573 777 2629 vol
799 2572 992 2643 omnipotentis
1013 2572 1102 2627 Patris
1187 2568 1221 2624 Ει
1235 2569 1365 2622 aduerunt
1379 2566 1458 2623 lasus
1477 2569 1637 2640 paruulum,
1660 2570 1750 2627 statuit
1763 2572 1792 2625 in
1804 2572 1889 2626 mtclia
1903 2584 1946 2627 too

310 2671 438 2726 Verbum.
454 2668 526 2738 lingo
542 2668 643 2721 tributa
658 2664 736 2733 quasi
752 2676 846 2733 regum
860 2661 932 2715 lilius
952 2675 1007 2715 nou
1020 2660 1102 2714 debe·
1152 2667 1221 2709 rum.
1233 2655 1283 2712 Vel
1294 2654 1454 2725 simpliciter
1465 2655 1613 2725 quemlibet
1625 2656 1779 2726 parvulum,
1792 2665 1822 2711 nt
1835 2665 1944 2713 atatem

309 2760 375 2825 bat;
391 2759 437 2813 sed
451 2759 496 2827 qui
510 2756 690 2811 lraniihtatern
703 2752 793 2806 enrriis
803 2758 998 2819 assumpserat,
1010 2749 1103 2803 debuit
1152 2754 1286 2815 quereret
1298 2754 1325 2801 et
1343 2744 1548 2803 similitudinem
1561 2746 1722 2803 innocentiae
1735 2747 1945 2819 demonstraret,

310 2848 458 2918 adimplere
474 2858 581 2902 omnem
597 2841 740 2914 justitiam.
766 2838 874 2907 Nosque
900 2836 1040 2902 intelices,
1056 2837 1102 2906 qui
1153 2838 1195 2892 rel
1205 2845 1280 2893 certe
1292 2836 1435 2907 parvulum
1447 2837 1542 2893 statuit
1555 2837 1582 2892 in
1595 2836 1684 2893 media
1699 2838 1804 2894 illorum
1815 2841 1946 2911 sapsam,
1987 2825 1995 2836 ’

309 2937 409 2993 Christi
435 2948 578 2992 censemur
602 2932 726 2996 nomine,
752 2937 780 2985 et
802 2928 871 2983 nihil
894 2928 1004 2999 dignum
1028 2923 1102 2982 tauta
1152 2928 1198 2999 qui
1224 2941 1276 2983 non
1300 2927 1447 2983 ministrari
1464 2934 1585 2992 uenerat,
1613 2927 1661 2984 sed
1676 2930 1844 2998 ministrare,
1860 2937 1891 2987 ut
1904 2933 1945 2991 eia

287 3082 292 3092 ,
310 3026 426 3084 lacinias
440 3024 582 3093 majestate
597 3039 604 3075 z
617 3022 661 3077 ille
674 3036 723 3091 pro
735 3018 814 3075 nobis
829 3032 937 3073 crucem
952 3017 1101 3080 sustinuit,
1152 3019 1314 3074 humilitatis
1330 3019 1463 3075 tribueret
1481 3019 1644 3090 exemplum.
1666 3019 1717 3075 hlii
1734 3021 1875 3091 parrnluut
1900 3024 1944 3078 in·-

310 3127 339 3174 ct
355 3118 456 3172 tributa
468 3115 561 3181 dedit,
586 3113 632 3168 sed
653 3127 703 3166 nos
715 3126 764 3180 pro
782 3109 854 3164 illius
876 3107 980 3163 bonore
1003 3107 1103 3163 tributa
1138 3116 1337 3179 ‘terpretautur
1351 3107 1480 3178 Spiritum
1499 3118 1640 3174 sanetum,
1666 3116 1746 3180 quiem
1772 3114 1895 3181 posuerit
1915 3114 1944 3171 in

310 3222 364 3264 non
381 3207 518 3263 reddimus
530 3214 559 3261 et
573 3204 651 3274 quasi
667 3202 714 3258 dlii
733 3202 805 3274 regis
826 3217 842 3255 a
860 3198 1037 3271 vectigalibus
1053 3199 1104 3253 im·
1152 3200 1280 3255 cordibus
1292 3199 1495 3270 discipulorum,
1509 3210 1539 3256 ut
1550 3203 1705 3273 superbiam
1720 3204 1871 3264 humilitate
1885 3221 1944 3263 nra·

308 3314 408 3356 nunes
423 3313 527 3354 sumus.
1153 3293 1251 3344 tarent.
1268 3288 1375 3363 (beda.)
1387 3290 1464 3359 Quod
1474 3300 1564 3347 autem
1575 3292 1723 3349 secundnm
1737 3296 1855 3352 barmim
1871 3309 1945 3354 cota·

347 3388 381 3446 llt
393 3400 480 3445 artem
489 3403 541 3445 aaa
549 3387 757 3443 tcantulirtmus
772 3402 826 3452 eat,
846 3384 911 3440 uuae
931 3384 1102 3449 admotaet
1152 3383 1279 3454 plectitur
1305 3381 1385 3441 lesus
1407 3374 1521 3456 prterunt
1542 3384 1638 3458 (liare.
1652 3388 1717 3466 aa),
1741 3386 1875 3462 significat
1893 3389 1945 3446 bu·

309 3483 385 3536 mitte
401 3483 508 3535 humum
523 3519 531 3545 ,
548 3490 572 3535 et
587 3497 645 3534 tum
658 3481 755 3551 piscem
773 3480 819 3551 qui
832 3478 933 3550 pumat
943 3478 1100 3543 accederit,
1115 3452 1137 3514 C
1153 3474 1230 3529 miles
1242 3489 1292 3529 sno
1304 3475 1399 3546 dignos
1412 3490 1472 3531 ease
1488 3477 1628 3546 complexu
1643 3493 1675 3533 ee
1689 3479 1848 3547 dilectione;
1861 3480 1943 3537 tales-

310 3569 383 3625 tolit.
397 3570 431 3624 Et
442 3580 530 3640 aperto
542 3587 587 3624 ore
599 3569 656 3639 ejas
675 3570 788 3624 iuaeaies
809 3578 933 3623 tuterunt
946 3581 957 3621 .·
968 3565 1044 3623 illam
1057 3584 1102 3622 sue
1153 3578 1206 3634 qttc
1220 3579 1279 3621 cum
1303 3566 1472 3637 impleverint
1492 3569 1563 3638 qnod
1578 3569 1706 3639 ptaecepit
1731 3588 1738 3624 t
1763 3569 1861 3626 Discite
1874 3589 1890 3626 u
1903 3586 1944 3628 ttte

309 3677 394 3727 attus,
408 3663 443 3715 aa
460 3663 498 3716 eis
517 3676 564 3732 pra
579 3676 619 3716 me
645 3673 669 3717 et
695 3671 729 3717 te.
754 3661 824 3729 Quid
847 3662 964 3731 primum
978 3660 1063 3717 mirer
1073 3660 1102 3714 in
1152 3659 1215 3728 auia
1228 3658 1299 3711 mitit
1312 3672 1369 3712 sum
1380 3659 1520 3714 ethamilis'
1533 3659 1856 3733 carde(llatth.xr)‚]nre
1866 3674 1947 3733 posse

311 3752 365 3808 line
382 3753 454 3816 loco,
470 3752 573 3817 nescio,
587 3761 675 3807 utrum
701 3752 899 3823 praescientiam
914 3766 950 3806 au
969 3751 1103 3820 magrini
1153 3746 1262 3820 gloriari
1279 3762 1311 3803 ac
1326 3748 1416 3804 dicere
1430 3768 1437 3802 :
1449 3748 1528 3804 baua
1539 3751 1596 3822 ejas
1609 3751 1657 3806 salt
1668 3751 1751 3823 eapite
1761 3761 1830 3820 mea,
1845 3762 1869 3807 et
1881 3754 1946 3809 dea·

311 3845 402 3900 dinem
424 3844 591 3899 saluatoris?
603 3844 815 3910 Praecientiam,
832 3844 905 3914 quod
921 3849 1034 3900 nouerat
1055 3843 1103 3898 ba·
1153 3838 1291 3894 teruillirtt
1302 3839 1494 3911 amplexabitur
1505 3858 1556 3897 are.

311 3937 376 3992 bere
389 3938 492 4007 piscem
513 3936 540 3989 in
561 3950 609 3990 ore
623 3943 771 4002 staterem,
786 3942 815 3992 et
826 3936 899 4006 quod
919 3936 1023 4006 primus
1044 3936 1103 4005 ipse
1191 3929 1225 3985 h’t
1237 3924 1305 3986 dicit
1321 3944 1330 3982 :
1344 3931 1427 3987 danea
1439 3932 1499 3987 diso
1512 3928 1594 3996 rodit,
1615 3933 1667 3988 niti
1689 3933 1807 3988 conuersi
1824 3933 1946 4003 fueritis,

313 4028 459 4097 capiendus
473 4034 561 4091 esset;
574 4025 786 4096 magnitudinem
801 4035 883 4096 atque
892 4026 1018 4091 virtutes,
1031 4025 1103 4094 quod
1154 4032 1179 4077 tt
1200 4024 1350 4095 efficiamini
1364 4025 1432 4078 sicut
1445 4020 1563 4093 paruuli,
1575 4039 1628 4077 nan
1648 4024 1784 4078 intruditis
1797 4026 1826 4078 la
1839 4040 1948 4095 regnum

312 4120 348 4173 ad
362 4119 471 4172 ueritum
489 4115 547 4187 ejus
568 4117 658 4171 statim
683 4124 769 4172 mater
784 4117 811 4170 in
826 4132 875 4171 ore
890 4115 974 4186 piscis
995 4123 1103 4172 creatas
1125 4170 1132 4178 ,
1154 4115 1288 4168 catarum,
1303 4113 1439 4185 (llieran.)
1455 4112 1515 4168 Non
1527 4112 1684 4183 praecipitur
1697 4113 1825 4184 apostolis
1839 4120 1870 4170 ut
1882 4122 1948 4171 aeta·

313 4218 366 4272 est,
381 4208 452 4278 quod
465 4207 584 4262 latarum
597 4217 667 4273 erat,
682 4207 740 4276 ipae
757 4206 891 4276 loquendo
903 4205 1008 4261 lecerit.
1026 4203 1105 4261 lide
1156 4209 1209 4256 torn
1225 4203 1344 4258 habeant
1356 4202 1546 4272 paruulorum,
1566 4203 1614 4258 sed
1637 4204 1886 4289 itt-innocentiam.
1914 4204 1950 4261 Et

312 4299 391 4355 batur
404 4305 493 4353 autem
506 4298 571 4353 mibi
592 4297 738 4352 secundnm
750 4297 881 4368 mysticos
892 4295 1044 4351 intellectus
1054 4295 1104 4350 iste
1155 4293 1227 4365 quod
1243 4294 1280 4351 illi
1292 4309 1341 4366 per
1353 4309 1439 4350 annos
1452 4294 1601 4365 possident,
1617 4295 1645 4350 bi
1658 4296 1817 4365 possideant
1832 4310 1882 4366 per
1903 4296 1946 4351 in·

312 4403 374 4444 esse
385 4389 479 4457 piscis,
502 4388 549 4458 qni
562 4388 770 4459 primascaptus
790 4394 842 4452 est,
858 4385 904 4456 qui
923 4387 950 4442 in
971 4383 1104 4457 prolunda
1155 4388 1309 4454 dustram,
1327 4396 1357 4442 ut
1379 4387 1502 4454 malitia,
1529 4402 1583 4442 non
1606 4388 1738 4459 sapientia
1760 4387 1867 4459 parvuli
1881 4386 1947 4444 sint.

313 4482 398 4537 maris
414 4490 484 4548 erat,
498 4490 526 4535 et
548 4481 574 4535 in
593 4478 672 4534 salsis
683 4480 837 4549 amarisque
849 4478 999 4549 gurgitibus
1012 4492 1104 4532 mora·
1156 4479 1247 4554 tuin.)
1261 4480 1296 4536 Ut
1307 4479 1340 4534 ad
1352 4480 1440 4537 instar
1449 4478 1537 4535 aetatis
1546 4478 1665 4550 perinte
1676 4477 1876 4548 simplicitatem
1888 4478 1949 4535 siue

313 4570 395 4627 batur
406 4609 414 4634 ,
427 4578 458 4623 nt
478 4585 527 4640 per
542 4568 693 4624 ¹seeundum
707 4567 793 4622 hdam
812 4567 975 4623 libereretur
1001 4566 1105 4638 primus
1156 4571 1320 4643 arrogantia,
1336 4571 1497 4627 charitatem
1512 4569 1693 4636 sineinridia,
1706 4569 1876 4626 devotionern
1889 4569 1948 4627 sinu

312 4659 410 4712 Adam.
425 4657 460 4711 Et
474 4657 500 4712 id
514 4657 585 4727 quod
598 4657 625 4710 in
645 4655 775 4726 precius,
789 4657 880 4720 idest,
893 4656 922 4711 in
935 4654 1106 4712 consessione
1156 4660 1295 4717 iracundia
1310 4667 1480 4718 conseruent.

313 4748 403 4803 irrorat
418 4748 710 4819 inuentum-prowm
719 4756 747 4804 et
756 4748 926 4819 probamina
936 4749 1103 4805 redderetur.
1194 4752 1346 4826 Quicunque
1361 4768 1422 4822 erga
1437 4749 1613 4806 humiliaverit
1626 4766 1654 4805 se
1668 4751 1737 4805 sieta
1749 4749 1874 4820 pareatur
1887 4750 1949 4813 itit.

313 4837 348 4893 Et
362 4838 473 4908 pulchre
485 4840 600 4910 idipsum
612 4839 721 4911 quidem
735 4841 814 4896 datur
829 4880 837 4907 ,
860 4848 888 4897 et
903 4841 1019 4911 pretium
1034 4840 1103 4896 diri-
1157 4844 1199 4898 hie
1213 4853 1250 4899 est
1264 4843 1351 4913 major
1366 4841 1393 4895 iu
1406 4856 1484 4913 reguo
1497 4839 1629 4895 calmum.
1643 4838 1778 4914 (Hieron.)
1795 4838 1872 4895 Sicut
1882 4855 1947 4913 par·

313 4943 374 4984 suut
392 4939 443 4996 est,
454 4931 518 5000 qnia
534 4947 583 5000 pro
595 4929 760 5001 Petropuasi
771 4948 820 5003 pro
833 4941 977 5003 peccatore
987 4935 1103 5004 pretium
1156 4935 1235 4989 rulus
1249 4932 1326 5002 euius
1337 4932 1413 4989 robis
1427 4931 1549 5002 exempla
1563 4931 1664 4998 tribuo,
1685 4946 1740 4987 non
1751 4940 1909 5002 persevera
1921 4932 1948 4988 in

267 5094 269 5097 Ι
313 5019 490 5086 reddebatur,
505 5022 635 5077 Dominus
659 5033 749 5078 autem
773 5033 867 5079 noster
879 5033 985 5095 peccata
999 5041 1049 5079 naa
1063 5025 1103 5094 se-
1156 5025 1306 5093 iracnndia‚
1318 5040 1372 5080 non
1387 5024 1467 5081 laesus
1479 5023 1616 5090 meminit,
1631 5038 1685 5079 nnn
1696 5024 1792 5080 ridens
1804 5023 1947 5094 pulchram

314 5123 398 5179 cerat,
417 5130 463 5168 aec
477 5113 554 5168 aolus
568 5115 685 5168 iuuentus
698 5122 735 5168 eat
759 5116 786 5168 ia
802 5130 846 5170 ore
859 5116 916 5186 ejus
930 5114 955 5187 (l
970 5114 1040 5170 Patr.
1060 5116 1102 5186 n).
1157 5115 1297 5172 mulierem
1312 5114 1473 5180 delectatur,
1494 5128 1548 5170 nan
1572 5114 1644 5168 aliud
1669 5114 1799 5184 baninu,
1814 5114 1887 5168 aliud
1899 5120 1949 5170 aba

314 5205 408 5262 Statcr
422 5206 521 5261 dicitur
536 5204 582 5275 qtri
597 5207 664 5261 duas
677 5208 758 5261 babet
769 5206 950 5270 didrachmas,
970 5215 1001 5262 nt
1014 5217 1104 5263 osten-
1157 5202 1241 5282 girat,
1256 5207 1296 5262 sic
1309 5215 1337 5261 et
1351 5220 1418 5270 ros,
1434 5207 1486 5262 nisi
1502 5205 1583 5261 talem
1597 5205 1746 5262 habueritis
1766 5202 1948 5262 innocentiana

313 5298 426 5354 deretur
441 5299 712 5362 similitudoearnis,
729 5301 792 5354 dum
806 5300 900 5356 eodem
926 5310 954 5355 et
976 5301 1105 5358 ltomiuos
1156 5308 1184 5356 et
1203 5299 1285 5354 animi
1302 5296 1458 5367 puritatem,
1473 5312 1586 5368 regnam
1600 5298 1730 5354 coelorum
1755 5312 1809 5353 nou
1835 5299 1949 5368 potestis

313 5397 344 5442 et
361 5402 457 5443 servus
474 5389 561 5458 pretio
581 5388 738 5443 liberantur.
767 5385 820 5443 Sed
847 5397 875 5445 et
894 5391 1053 5460 simpliciter
1067 5393 1106 5447 in·
1156 5391 1268 5446 intrare.
1284 5388 1347 5444 Sira
1358 5387 1437 5442 aliter
1451 5405 1458 5440 ε
1475 5386 1630 5458 Quicunque
1644 5388 1818 5442 humiliaaetit
1832 5402 1860 5443 te
1879 5387 1949 5442 ritu

315 5475 439 5532 tellectus
458 5477 573 5532 adirem
587 5478 754 5544 auditorem,
783 5478 846 5532 dum
870 5486 951 5534 mutae
977 5480 1106 5537 Matiana
1156 5481 1355 5552 pervolarint,
1371 5480 1414 5533 hie
1431 5489 1468 5535 ιιι
1487 5481 1575 5551 major
1592 5481 1620 5535 in
1640 5479 1867 5550 repnocoelarum.
1894 5478 1946 5547 Qut

315 5564 404 5621 inerat
421 5569 607 5638 paupertatis,
622 5577 652 5623 ut
666 5569 736 5623 aude
759 5569 859 5624 tributa
881 5571 1029 5627 reddiderit
1051 5587 1104 5627 non
1157 5571 1278 5626 imitatas
1291 5584 1334 5624 me
1347 5569 1437 5633 luerit,
1450 5578 1478 5624 et
1492 5585 1523 5625 se
1537 5570 1564 5625 irt
1580 5571 1733 5640 exemplum
1749 5571 1804 5627 mei
1818 5570 1945 5627 bumilia-

316 5657 453 5733 halnrcrit.
470 5658 545 5726 Quod
567 5659 590 5714 si
612 5660 673 5728 quis
694 5659 812 5730 objicere
829 5661 944 5717 uoluerit
969 5665 1104 5734 quomodo
1157 5660 1238 5725 tetii,
1255 5669 1282 5714 1¹¹
1309 5668 1413 5715 lantum
1437 5674 1469 5714 ⁵0
1485 5660 1604 5730 dejiciat,
1626 5669 1755 5729 mantum
1778 5674 1821 5717 ΜΘ
1838 5660 1946 5733 *ῑθιθῑῑι

315 5743 439 5803 dothain
454 5748 550 5804 localis
565 5752 689 5819 portabat
702 5751 866 5820 peccuniam?
884 5755 1105 5824 respondebimus
1156 5749 1271 5806 sormam
1296 5751 1368 5805 servi
1394 5749 1548 5821 accipiens,
1564 5750 1619 5806 -hte
1644 5750 1756 5807 intrabit
1781 5750 1811 5807 ¹⁰
1832 5762 1947 5824 mmmm

317 5851 375 5892 ren
391 5852 539 5909 prupmum
549 5840 578 5893 in
588 5852 892 5900 usassnasconrertere
904 5844 980 5900 ucles
989 5847 1104 5917 putarit,
1156 5842 1295 5898 coelorum.

318 5931 450 6004 tubaque
461 5932 532 5990 idem
547 5934 643 5990 tribuit
657 5935 818 6005 exemplum.
1191 5930 1225 5986 Et
1237 5935 1280 6004 uui
1292 5935 1434 6004 cammerit
1448 5948 1529 5988 uuum
1544 5932 1682 6005 mesalum
1697 5936 1776 5990 tatem
1795 5935 1824 5990 in
1842 5934 1947 5994 omnim

1156 6038 1224 6093 maa,
1237 6041 1277 6080 ma
1287 6024 1410 6096 >suscipit
1423 6024 1474 6093 Qui
1487 6025 1547 6082 talis
1559 6023 1649 6094 luerit,
1663 6024 1803 6084 tractatui
1824 6026 1946 6086 imitetur
