4509 6850
364 634 418 689 529
880 634 1056 691 colinari.
1078 636 1110 691 ta
1129 636 1289 694 danastri.
1311 669 1345 677 —
1365 637 1426 692 lib.
1447 640 1478 693 ll.
1942 644 1994 701 bbti

365 753 424 806 ioco
439 747 584 819 pristinum
598 745 755 801 reservavit.
772 744 864 802 Aradii
885 757 948 803 sunt
965 751 1011 819 qui
1033 750 1154 805 Aradum
1168 756 1194 812 Α
1206 754 1364 809 securitatem
1378 752 1452 818 iacit,
1468 754 1539 823 quod
1552 768 1585 811 eo
1597 770 1696 825 genere
1710 755 1853 815 locutionis
1874 762 1993 818 currtex'n

368 841 481 897 insulam
495 839 689 909 possederunt,
703 848 817 909 angusto
836 839 937 897 iretoa
957 842 1095 899 Pboenicis
1113 844 1157 898 lit·
1208 845 1269 909 ista,
1291 844 1368 913 quasi
1390 825 1509 901 narratio
1527 845 1560 901 de
1582 846 1624 902 his
1645 862 1705 917 quae
1722 857 1815 919 postea
1837 848 1909 904 lacta
1932 860 1994 908 aaut

368 946 424 988 tore
434 927 736 1001 separatamsmarmi
748 930 845 999 quibus
855 930 956 987 Edessa
966 932 1156 989 nohilisCoele·
1206 943 1398 1005 consequatur.

366 1027 445 1097 syriae
459 1025 564 1090 cirins,
577 1022 674 1077 Emath
687 1038 772 1092 usque
787 1025 821 1080 ad
834 1035 956 1080 nostrum
969 1035 1086 1097 tompus,
1101 1038 1155 1084 tarn
1241 1023 1358 1097 Cumque
1382 1028 1609 1097 proficiscerentur
1630 1029 1662 1085 de
1687 1029 1812 1094 Omanae,
1844 1032 1995 1086 inuenerunt

365 1136 381 1172 a
395 1118 482 1189 Syriis
497 1131 578 1187 quaro
592 1116 626 1170 ab
639 1114 771 1179 llebraeis,
783 1116 820 1170 ita
834 1125 863 1171 ut
877 1118 948 1188 apud
965 1128 1070 1176 veteres
1084 1119 1156 1177 dieta
1206 1133 1326 1186 cenapum
1335 1118 1363 1171 3¹²
1373 1127 1443 1173 lma
1455 1118 1587 1187 semim,
1597 1132 1621 1176 et
1633 1122 1813 1177 halliwella!
1823 1124 1850 1176 5²⁸
1860 1139 1901 1178 ω·
1913 1122 1996 1179 ⁰5⁸5!-

367 1216 462 1272 ruerat,
485 1207 645 1277 appellatur.
666 1204 742 1260 llanc
756 1205 932 1274 Macedones,
955 1212 1001 1279 qui
1014 1219 1074 1279 post
1093 1211 1155 1268 Alc-
1204 1225 1254 1278 que
1264 1207 1330 1263 alter
1340 1210 1375 1264 ad
1382 1212 1530 1281 proximum
1541 1227 1633 1267 raum:
1649 1212 1749 1278 Venite,
1761 1214 1890 1284 faciamus
1901 1214 1996 1271 laterae

367 1299 498 1354 sundram
512 1299 538 1352 iu
553 1295 663 1351 Oriente
680 1305 837 1367 regnarunt,
858 1298 1035 1368 Epiphaniam
1051 1318 1155 1358 unucu-
1205 1311 1229 1355 ct
1243 1318 1385 1372 coquamus
1395 1320 1438 1358 eor
1451 1306 1515 1375 iqna'.
1531 1303 1734 1379 Habuerrmtque
1747 1304 1840 1361 luteres
1851 1323 1899 1375 pro
1909 1308 1994 1373 eamr,

365 1399 505 1462 paverunt.
515 1389 640 1444 Nonnulli
648 1388 820 1444 Antiochiam
830 1391 868 1446 ita
878 1392 1037 1461 appellatam
1047 1404 1152 1463 putant.
1204 1402 1228 1444 et
1241 1392 1354 1468 bitumen
1364 1410 1411 1464 pro
1425 1404 1590 1460 narrentani
1601 1395 1739 1449 dicerunt:
1754 1393 1852 1462 Venite,
1865 1396 1994 1466 [aciamus

366 1485 416 1539 dlii
437 1483 501 1538 licet
522 1497 576 1537 uon
598 1496 674 1546 rere,
691 1490 780 1535 tamen
800 1482 955 1551 opinionem
977 1500 1053 1539 suam
1076 1488 1155 1555 quani
1205 1481 1277 1536 rrobr's
1297 1483 1442 1547 ciuitatem,
1464 1493 1488 1539 et
1509 1485 1615 1551 turrim,
1631 1486 1707 1554 cajus
1721 1502 1847 1540 cacumen
1865 1486 1994 1559 pertinent

365 1571 503 1629 verisimili
525 1571 655 1627 vocabulo
678 1570 863 1637 consolantes,
880 1572 977 1627 Emath
991 1574 1106 1642 primaru
1119 1576 1153 1632 ab
1204 1576 1239 1629 nd
1256 1576 1367 1642 caelum,·
1387 1588 1410 1632 ct
1426 1577 1583 1633 celebremus
1601 1595 1693 1634 nomen
1708 1588 1835 1644 nostrum,
1855 1588 1995 1651 anteponere

365 1664 506 1720 Antiochia
522 1662 689 1718 mansionem
708 1662 838 1717 Edessam
860 1664 1035 1733 pergentibus
1058 1666 1152 1737 appel·
1204 1664 1354 1720 dividamur
1369 1668 1396 1720 in
1411 1669 1544 1723 uniuersas
1558 1668 1817 1738 terrunetreliqua.
1831 1661 1996 1814 Turris&

363 1756 412 1809 lari
422 1761 537 1825 putant;
555 1762 585 1809 et
599 1754 721 1810 eamdem
734 1769 794 1810 esse
805 1769 865 1824 quar
877 1755 947 1824 apud
963 1764 1067 1813 ueteres
1079 1757 1154 1813 dicta
1204 1756 1358 1826 superbiam
1371 1755 1450 1823 hujus
1462 1757 1554 1811 mundi
1566 1757 1709 1828 siguificat,
1723 1758 1765 1813 rel
1778 1758 1860 1829 impia
1870 1737 1959 1832 dogmh
1980 1775 1995 1815 a

363 1846 400 1901 sit
415 1847 523 1902 Emath.
1204 1846 1402 1901 liar-eticorum.
1419 1846 1469 1914 Qui
1483 1856 1625 1918 postquam
1640 1848 1706 1903 moti
1720 1858 1797 1914 sunt,
1818 1849 1851 1904 ab
1864 1848 1993 1914 Oriente,

396 1936 432 1991 Et
454 1936 505 2007 [uit
521 1936 647 1991 terminare
671 1934 897 2001 Cbananoeorum,
913 1955 930 1990 a
952 1938 1050 1993 Sidone
1070 1940 1155 1995 donee
1204 1935 1231 1992 id
1244 1944 1295 2001 cst,
1309 1951 1375 1992 vero
1390 1936 1490 1991 lumine
1504 1946 1689 2007 recesserurrt;
1704 1947 1730 1994 et
1741 1948 1872 1994 venerunt
1883 1939 1910 1994 in
1923 1953 1994 1997 cam-

362 2028 449 2083 rem'ar
462 2029 490 2082 in
509 2024 609 2082 Gerara
621 2044 702 2099 usque
716 2029 751 2082 ad
769 2024 870 2083 Gazam
890 2032 1055 2101 perqentibus
1071 2031 1153 2088 Sido·
1203 2041 1267 2096 pum
1288 2026 1424 2092 Sennaar,
1447 2028 1492 2096 qui
1515 2027 1706 2098 interpretatur
1728 2030 1846 2082 errante
1865 2028 1992 2083 demtum.

361 2124 433 2177 niam
454 2129 478 2175 et
499 2116 682 2186 Gomorrbum,
697 2129 721 2174 et
743 2121 890 2187 Adranam,
904 2132 929 2176 et
947 2122 1050 2177 Seboim
1071 2140 1153 2197 usque
1167 2107 1190 2166 Β
1205 2121 1302 2177 Statim
1317 2123 1447 2179 adversus
1462 2123 1546 2177 heum
1559 2121 1704 2191 impictatis
1722 2137 1778 2177 suae
1791 2120 1994 2178 aeditlcanttur-

362 2212 438 2267 Lean.
455 2210 522 2278 Quia
540 2217 645 2265 caeterae
659 2209 799 2276 civitates,
815 2209 899 2266 Sidon
911 2212 1038 2268 uidelicet
1054 2222 1082 2270 et
1097 2212 1152 2270 Ge·
1202 2213 1272 2280 rim,
1295 2229 1328 2269 ac
1343 2214 1498 2283 dogmatum
1517 2213 1670 2283 superbiam
1686 2211 1789 2268 nelarie
1808 2227 1874 2268 ausu
1888 2213 1993 2269 eondu-

361 2319 434 2372 rara,
447 2312 475 2358 et
488 2302 652 2366 Sodoma,et
665 2302 827 2367 Gomorrha,
840 2311 867 2359 et
879 2302 1027 2370 hdama,et
1043 2305 1152 2363 sebaim
1202 2314 1278 2377 gunt,
1294 2304 1414 2362 nolentes
1428 2305 1585 2361 curiositate
1608 2318 1662 2360 uon
1679 2303 1752 2360 licita
1767 2304 1850 2374 ipsius
1863 2304 1924 2361 coeh
1937 2304 1993 2361 alta

360 2406 431 2453 tarta
442 2396 652 2462 suutomuibus,
662 2395 714 2452 hoe
724 2403 829 2451 tautum
839 2397 1022 2454 annotandum
1034 2399 1151 2468 ridetur,
1201 2403 1354 2465 penetrare.
1380 2393 1435 2451 Sed
1452 2395 1523 2452 sicut
1540 2394 1578 2450 illi
1592 2409 1641 2464 per
1657 2394 1810 2463 superbiam
1826 2394 1860 2449 ab
1873 2408 1926 2449 una
1941 2393 1994 2450 lin·

360 2490 432 2559 quod
443 2489 510 2545 Lesa
525 2490 582 2559 ipsa
600 2490 636 2545 sit
652 2504 713 2558 quae
730 2504 802 2543 nunc
821 2487 956 2545 Callirhoe
976 2491 1091 2560 dicitur,
1106 2494 1153 2549 ubi
1201 2502 1252 2559 grta
1268 2488 1294 2542 in
1306 2487 1405 2544 multas
1418 2487 1497 2544 dirisi
1517 2494 1595 2550 sunt,
1610 2486 1646 2541 ita
1659 2495 1689 2541 et
1705 2486 1825 2542 haeretici
1840 2486 1874 2541 ab
1889 2487 1993 2542 unitate

363 2594 439 2649 aqum
459 2578 554 2635 calidae
576 2586 783 2649 prorumpentes
807 2578 835 2633 in
858 2593 934 2637 mare
953 2580 1087 2639 Mortuum
1106 2583 1152 2638 de·
1203 2578 1277 2646 iidci,
1289 2579 1460 2636 confessione
1470 2579 1614 2650 segregati,
1628 2579 1738 2635 intense
1751 2579 1907 2635 diversitate
1918 2592 1993 2635 erro-

362 2668 457 2725 duunt
1202 2668 1250 2733 ris,
1263 2669 1338 2738 quasi
1352 2684 1401 2741 per
1417 2669 1613 2726 dissonantiam
1632 2667 1748 2739 linguae,
1771 2668 1885 2724 invicem
1901 2683 1992 2726 secer-

396 2755 421 2810 F
422 2756 462 2811 ilii
476 2753 549 2822 Sem,
564 2755 657 2812 AElam
680 2767 704 2812 et
724 2759 822 2826 Assur,
837 2770 861 2815 rt
876 2761 934 2816 Lud
943 2803 952 2830 ,
969 2772 993 2816 et
1008 2762 1151 2832 trpnaeuu
1201 2766 1321 2824 uantur,
1341 2767 1369 2815 et
1380 2774 1449 2830 quos
1459 2766 1547 2814 armat
1561 2758 1783 2814 aduersuslieum
1793 2758 1872 2814 elatae
1885 2759 1993 2830 conspi-

360 2859 386 2904 ιι
399 2850 489 2904 Aruer.
510 2848 532 2903 ll
537 2850 544 2903 i
567 2849 601 2905 ab
622 2850 758 2920 Euphrate
772 2850 852 2907 llario
865 2860 969 2922 partem
982 2851 1053 2908 hsiae
1066 2868 1154 2922 usque
1202 2849 1315 2905 rationis
1338 2850 1489 2919 perniciosa
1512 2850 1670 2916 consensio,
1690 2864 1784 2905 rursus
1808 2848 1993 2906 intercedente

361 2940 397 2995 ad
406 2940 529 2996 lodicum
537 2956 670 2996 oceanum
680 2949 781 2996 tonent.
799 2942 847 2998 Est
857 2952 947 2998 autem
959 2942 1057 3007 AElam,
1070 2960 1085 2999 a
1097 2960 1151 3014 quo
1201 2941 1355 3011 dogmatum
1367 2941 1512 3006 discordia,
1525 2941 1619 2997 dividit
1630 2941 1725 2996 oborta
1737 2950 1847 3013 repente
1859 2939 1990 2998 conhrsio.

363 3029 507 3097 rElaadtae,
525 3031 687 3101 principium
708 3031 837 3088 Persidis.
859 3035 897 3089 lic
915 3033 1001 3090 Assar
1014 3043 1078 3089 ante
1094 3035 1150 3106 jam
1201 3031 1274 3099 Quos
1289 3033 1397 3102 quidem
1410 3033 1467 3104 ipsa
1483 3032 1602 3088 Trinitas
1625 3033 1734 3087 damnat
1754 3032 1781 3087 in
1802 3047 1882 3102 quam
1906 3032 1990 3089 ellen-

362 3119 461 3175 dictum
475 3128 534 3186 est,
554 3120 627 3191 quod
644 3118 743 3175 Ninum
758 3112 850 3177 urhem
863 3123 1023 3178 condiderit.
1042 3123 1149 3192 hrplra-
1201 3122 1287 3188 dunt;
1308 3122 1365 3194 ipsa
1377 3137 1424 3178 eos
1439 3123 1567 3196 dispergit
1582 3122 1645 3176 duur
1660 3122 1744 3177 dicits

365 3208 424 3272 aad,
437 3223 453 3263 a
464 3206 654 3279 quoChaldmi.
673 3207 817 3276 erdim,a
837 3226 891 3280 quo
906 3210 1001 3282 Lydia.
1022 3211 1120 3279 Aram,
1135 3229 1153 3269 a·
1244 3208 1341 3275 Venite,
1355 3211 1547 3281 confundamur
1562 3210 1665 3282 linquar
1685 3226 1790 3277 eorum,
1815 3212 1841 3265 in
1862 3212 1992 3268 uarietate

365 3314 416 3370 quo
430 3298 504 3369 Syri,
516 3315 631 3370 quorum
643 3300 799 3369 metropolis
813 3310 855 3357 est
868 3302 1027 3359 Damascus.
1202 3306 1293 3377 utique
1306 3304 1407 3362 erroris
1420 3306 1477 3362 sire
1491 3305 1676 3362 schismatum.
1695 3305 1864 3364 Descendere
1878 3304 1936 3371 Dei,
1950 3314 1993 3361 cst

397 3389 460 3446 Filii
474 3392 565 3459 Aram,
581 3389 918 3458 decantandorum
935 3393 1000 3450 liar.
1017 3394 1065 3463 Us,
1084 3395 1151 3451 Tra·
1202 3397 1335 3452 humanus
1352 3404 1428 3452 actus
1450 3395 1604 3468 inspicere,
1624 3396 1666 3453 rel
1683 3412 1777 3453 eorum
1792 3395 1916 3453 sensibus
1929 3410 1991 3468 pro·

364 3482 506 3538 cbouitidis
522 3490 549 3538 et
563 3484 684 3540 Damasci
700 3484 832 3547 conditor,
850 3484 920 3540 inter
937 3484 1106 3541 Palaestinam
1115 3463 1186 3560 etc
1202 3489 1345 3560 pinquare.
1360 3487 1438 3555 Quod
1452 3502 1517 3543 uero
1528 3487 1626 3559 plurali
1640 3504 1753 3545 numero
1764 3489 1832 3545 dixit
1842 3487 1991 3543 Descende·

364 3572 535 3645 Coehsydam
547 3575 632 3628 tcuuit
650 3574 841 3645 principatum,
861 3591 875 3629 a
899 3590 953 3646 quo
974 3573 1149 3646 Septuaginta
1201 3594 1267 3642 mur,
1282 3577 1421 3633 etiterum
1444 3577 1582 3648 singulari.
1604 3575 1730 3646 Consedit
1750 3577 1878 3634 Dominus
1891 3577 1989 3634 labium

364 3663 521 3734 interpretes
536 3663 563 3717 iu
577 3662 647 3718 libro
667 3662 727 3729 lob,
750 3664 795 3719 ubi
819 3665 846 3719 in
868 3664 981 3720 liehraeo
1004 3665 1148 3732 scribitur,
1201 3670 1328 3724 uniuersa
1339 3679 1426 3736 aare,
1435 3669 1608 3726 distinetione
1618 3686 1793 3741 personarum
1803 3677 1925 3727 sanctam
1935 3668 1993 3727 'lri-

363 3767 456 3811 terrum
482 3753 536 3821 lle,
562 3755 693 3826 cepionem
720 3757 880 3822 busiridem,
905 3757 982 3827 quasi
1008 3754 1149 3813 llaritidem
1200 3761 1312 3815 nitatem
1330 3767 1358 3816 et
1377 3759 1542 3832 operationis
1556 3760 1687 3816 unitatem
1702 3761 1729 3816 iu
1741 3760 1883 3832 majestate
1899 3761 1989 3819 diuina

364 3847 565 3904 transtulerunt.
585 3846 652 3914 llul,
667 3863 683 3902 a
705 3863 758 3919 quo
778 3848 920 3914 Armenii,
939 3847 1051 3914 Gether,
1064 3865 1080 3905 a
1094 3865 1149 3921 quo
1200 3851 1284 3906 noluit
1294 3852 1449 3920 ostendere,
1462 3853 1534 3909 sicut
1546 3853 1573 3908 in
1589 3852 1701 3908 exordio
1711 3851 1836 3908 humana
1846 3851 1991 3909 creationis

362 3937 520 4004 scamonii,
543 3940 600 3996 sire
612 3938 694 3995 (larii.
714 3938 799 3994 Porro
814 3939 879 4005 llos,
897 3956 946 4010 pro
960 3956 1014 4010 quo
1034 3939 1149 4011 Septua-
1199 3943 1300 3998 dietum
1313 3950 1369 3998 est:
1381 3941 1523 3999 Faciamus
1535 3943 1665 3998 hominem
1679 3943 1714 3997 ud
1727 3943 1867 4015 imuqinem
1880 3953 1904 3998 et
1914 3943 1989 3999 aimi-

363 4028 435 4098 qinta
452 4029 613 4100 interpretes
628 4028 733 4085 Maeonia
749 4029 891 4097 dixerunt,
906 4030 952 4100 qui
966 4045 1037 4085 nunc
1051 4045 1148 4087 noean-
1199 4033 1335 4088 litudr'nem
1350 4042 1475 4101 neuram,
1492 4042 1519 4090 et
1536 4035 1654 4089 iterum:
1673 4031 1747 4087 Fecit
1764 4032 1892 4089 Dominus
1905 4036 1989 4089 homi-

364 4128 406 4173 tur
425 4117 542 4175 Hennes.
565 4117 708 4188 drpbaaad
729 4120 817 4188 qennit
840 4117 922 4175 Sale:
940 4128 964 4173 et
979 4117 1040 4175 Sale
1058 4121 1147 4190 qenuit
1199 4140 1256 4178 nem
1270 4124 1306 4179 ud
1319 4123 1516 4180 similitudinem
1529 4140 1614 4188 suam,
1627 4132 1657 4177 ut
1671 4121 1790 4178 Trinitas
1807 4123 1833 4177 iu
1850 4125 1988 4192 personia,

365 4208 469 4276 heber,-
487 4217 511 4264 ct
526 4207 613 4263 llcber
625 4209 680 4263 nati
689 4219 749 4263 rum
763 4209 815 4264 duo
830 4209 900 4280 filii:
915 4228 1008 4265 nomen
1018 4213 1064 4266 uni
1074 4209 1148 4266 Pira-
1198 4220 1226 4268 et
1238 4211 1329 4268 unitas
1341 4213 1367 4268 in
1382 4214 1501 4283 potentia
1520 4228 1581 4268 esse
1601 4212 1738 4269 credatur.
1763 4211 1792 4268 st
1810 4212 1870 4284 quis
1891 4213 1989 4284 querit

361 4302 417 4372 leq,
437 4318 467 4356 eo
479 4301 549 4372 quod
563 4301 589 4355 r'n
603 4300 694 4355 diebus
708 4318 765 4372 epus
778 4302 862 4357 dirim
873 4304 907 4357 rit
919 4312 1005 4368 terra,
1016 4313 1041 4358 et
1054 4320 1149 4359 nomen
1198 4303 1225 4357 in
1248 4318 1302 4374 qua
1319 4301 1421 4358 familia
1439 4303 1482 4358 illa
1506 4303 1656 4374 permansit
1675 4300 1764 4374 lingua
1782 4317 1841 4372 quaa
1862 4301 1989 4374 primitus

362 4394 451 4462 {ratris
472 4394 530 4465 ejus
552 4393 657 4448 Jecrau.
673 4393 790 4450 llebera
808 4411 861 4466 quo
884 4395 1002 4462 llebraei,
1018 4396 1147 4454 vaticinio
1197 4393 1282 4449 hulam
1294 4393 1357 4448 data
1373 4393 1437 4459 init,
1458 4394 1526 4449 sciat
1541 4392 1668 4448 credibile
1681 4407 1742 4447 esse
1760 4392 1831 4462 quod
1844 4392 1871 4446 in
1886 4390 1988 4446 familia

362 4486 475 4555 quodam
490 4500 539 4542 suo
554 4484 609 4540 hlio
621 4485 721 4557 Phaleg
735 4501 833 4542 nomeu
851 4487 988 4556 imposuit,
1001 4487 1047 4558 qui
1058 4487 1146 4544 inter-
1197 4483 1295 4548 lleber,
1309 4500 1343 4539 cx
1359 4498 1413 4555 quo
1428 4482 1534 4538 llebraei
1549 4483 1615 4538 dicti
1626 4492 1703 4550 sunt,
1713 4482 1739 4537 iu
1758 4498 1789 4538 ea
1805 4490 1881 4553 parte
1899 4482 1987 4538 homi·

362 4588 481 4648 pretatur
499 4580 609 4646 divisio,
625 4580 660 4636 ab
673 4595 706 4636 eo
721 4581 792 4650 quod
810 4580 838 4636 in
857 4579 953 4636 diebus
972 4577 1030 4649 ejus
1048 4580 1147 4653 liuquae
1197 4590 1262 4632 nuru
1273 4588 1326 4644 qua
1340 4574 1389 4629 Dei
1405 4574 1494 4646 portio
1507 4572 1669 4644 permansit,
1692 4573 1719 4628 in
1742 4589 1795 4644 qua
1814 4580 1841 4628 ot
1864 4574 1987 4633 Christus

363 4669 388 4725 iu
401 4670 535 4741 babylone
547 4671 639 4727 diuisae
652 4680 725 4727 sunt.
1197 4666 1349 4722 nasciturus
1363 4673 1430 4721 erat.
1446 4663 1571 4736 Oportuit
1588 4665 1661 4720 enim
1675 4672 1705 4720 ut
1718 4664 1746 4720 in
1762 4680 1793 4720 ea
1810 4663 1900 4736 linqua
1914 4666 1988 4722 salus

393 4761 484 4818 lectur
501 4765 591 4835 qenrit
610 4763 757 4829 Elmodud,
773 4775 797 4818 er
818 4763 929 4835 saleph,
949 4775 972 4819 er
988 4765 1145 4830 slsumotnr,
1197 4757 1297 4813 mundo
1309 4756 1502 4827 praedicaretur
1513 4755 1612 4825 primo,
1625 4769 1763 4826 perquam
1774 4755 1889 4826 primunr
1906 4755 1987 4811 iutra-

361 4853 424 4909 lurc
437 4864 461 4908 et
472 4853 591 4908 neuram
603 4863 628 4908 et
643 4853 721 4916 Uzal,
734 4863 758 4909 et
773 4853 870 4920 Decio,
891 4862 915 4908 et
938 4852 1021 4919 Ebul,
1044 4862 1068 4907 et
1083 4854 1146 4907 Abi·
1197 4859 1274 4903 verat
1288 4865 1362 4904 mors
1376 4848 1403 4903 in
1418 4847 1557 4903 mundum.
1573 4845 1698 4902 Ostendit
1718 4862 1833 4923 quoque
1848 4846 1941 4903 titulus
1960 4847 1987 4902 in

362 4942 538 5009 nunchilcha
552 4955 576 5000 et
597 4943 694 5016 Ophir,
717 4956 742 5001 et
758 4944 867 5010 lleu'lu,
889 4955 913 5000 et
928 4946 1023 5001 lebab.
1043 4945 1145 5001 llarum
1198 4956 1278 4997 cruce
1290 4940 1438 4997 Salvatoris
1452 4939 1579 5009 scriptus,
1597 4939 1668 4993 banc
1681 4952 1742 4994 esse
1752 4938 1872 4993 omnium
1884 4937 1988 5010 lingua-

361 5037 478 5106 qcntium
490 5037 638 5107 posteriora
652 5037 761 5093 uomina
772 5037 894 5092 inuenire
914 5053 967 5093 nou
990 5037 1074 5107 potui,
1097 5036 1145 5092 scd
1198 5048 1258 5087 rum
1271 5032 1397 5103 primam.
1407 5031 1473 5087 henr
1487 5029 1603 5100 siquem
1613 5039 1704 5085 moret
1714 5028 1766 5085 hoo
1776 5029 1849 5099 quod
1858 5030 1987 5100 scriptum

362 5126 485 5198 usquein
498 5143 616 5199 praeaens
631 5127 694 5197 quia
707 5127 829 5198 procula
847 5128 925 5183 nohis
945 5137 1022 5194 sunt,
1045 5129 1087 5184 rel
1107 5129 1145 5183 ita
1198 5131 1239 5177 est
1253 5123 1280 5177 in
1295 5120 1496 5192 superioribus:
1520 5119 1652 5192 Requieuit
1674 5118 1746 5175 Drus
1765 5121 1807 5174 die
1828 5121 1935 5191 septimo
1955 5121 1986 5175 ab

361 5227 491 5273 vocamur
505 5227 534 5271 [η
544 5218 661 5288 primum
675 5219 718 5273 vel
733 5234 792 5289 φη
803 5220 944 5275 immutata
953 5221 1144 5292 simignofan.
1199 5211 1317 5266 omnlblld
1330 5213 1448 5283 operibus
1463 5213 1518 5266 ‘lile
1531 5209 1606 5283 (Gen.
1623 5210 1655 5282 Ι),
1667 5211 1738 5268 unde
1750 5212 1840 5267 subito
1853 5220 1928 5267 &lllla
1941 5227 1985 5284 {lp-

362 5319 410 5363 un.
428 5308 609 5365 Possederunt
629 5319 719 5366 autem
741 5326 757 5366 a
781 5310 915 5383 Coephere
935 5310 1017 5368 fluvio
1037 5327 1145 5368 omnem
1199 5312 1307 5378 pareret
1325 5304 1468 5360 diversitas
1489 5304 1657 5377 linguarum,
1674 5313 1704 5359 ut
1721 5311 1867 5376 cognoscat
1888 5319 1940 5360 uou
1960 5305 1986 5358 iu

361 5398 440 5456 ltaliae
454 5399 591 5469 regionem
605 5414 666 5470 quae
679 5409 792 5455 uocatur
802 5399 902 5456 llieira.
1200 5399 1250 5454 hac
1263 5397 1395 5455 divisione
1406 5397 1558 5469 linguarum
1574 5413 1672 5454 norum
1689 5399 1753 5468 quid
1772 5397 1889 5454 condere
1906 5395 1987 5457 crea-

396 5487 461 5542 Erat
475 5497 560 5542 autem
582 5498 653 5544 terra
667 5489 730 5543 labii
747 5490 824 5544 umus
838 5498 864 5545 et
878 5507 1026 5547 sermonum
1042 5507 1146 5546 eorunr-
1200 5497 1297 5553 torem,
1313 5488 1360 5544 sed
1374 5487 1479 5543 dicendi
1495 5489 1588 5544 modos
1606 5497 1634 5544 et
1654 5488 1756 5543 formas
1775 5488 1801 5542 iu
1820 5486 1935 5542 diuersis
1948 5487 1986 5543 lo·

361 5578 426 5631 dem.
439 5577 506 5632 Erat
517 5579 732 5649 autem,‚iuquit,
746 5582 834 5635 nuruis
848 5589 927 5635 terrae
940 5581 1040 5636 labium
1050 5597 1143 5637 uuum.
1198 5576 1337 5646 qualorum
1353 5576 1495 5646 generibus
1516 5577 1614 5633 diuisit.
1633 5577 1708 5633 Unde
1726 5577 1834 5633 easdem
1859 5577 1984 5647 syllabas,

361 5665 500 5733 monton
510 5676 600 5738 potest
620 5670 748 5740 intelligi,
770 5672 877 5741 quando
897 5671 1021 5742 superius
1043 5671 1145 5727 dictum
1199 5676 1228 5723 et
1246 5665 1366 5735 ejusdem
1388 5670 1530 5738 potestatis
1549 5668 1668 5733 litteras,
1682 5667 1761 5723 alitor
1780 5667 1937 5738 oonjunctas
1959 5669 1985 5724 iu

361 5757 483 5827 estquod
498 5757 545 5812 lilii
561 5757 618 5814 Noc
637 5760 679 5815 ael
701 5760 816 5816 tiliorum
830 5761 889 5832 ejus
901 5762 1038 5818 distributi
1055 5770 1146 5818 esseut
1199 5759 1313 5815 ‹lis-ersis
1328 5759 1478 5816 invenimus
1497 5760 1616 5831 gentium
1639 5758 1748 5828 linguis·
1771 5757 1848 5827 supe
1865 5759 1946 5814 etiam
1959 5769 1986 5815 ct

360 5863 407 5916 per
421 5857 531 5913 terram,
543 5850 691 5905 secuudum
705 5852 790 5906 tribus
803 5861 830 5908 et
844 5853 990 5908 secundum
1003 5859 1106 5924 gentes,
1117 5859 1145 5906 et
1198 5850 1293 5907 eadem
1306 5851 1414 5905 nomina
1431 5849 1472 5904 rel
1487 5850 1568 5905 rerba
1588 5847 1660 5903 aliud
1677 5847 1785 5917 quidem
1807 5847 1985 5920 significantia

360 5939 504 5993 seeundum
520 5939 625 6009 linguas
637 5956 721 6004 suas;
738 5941 788 5996 nisi
805 5942 867 6011 quia
884 5959 932 6012 per
946 5943 1146 6012 recapitulatio·
1198 5942 1226 5995 iu
1241 5941 1292 5996 alia
1314 5941 1414 6012 linqua,
1436 5950 1516 6009 atque
1530 5938 1602 5993 aliud
1618 5937 1643 5991 in
1669 5937 1730 5992 alia.
1754 5936 1805 5995 Ubi
1828 5939 1943 5997 dicinms
1959 5941 1985 5997 in

360 6043 421 6085 uem
444 6038 535 6096 sostca
557 6040 749 6086 coururemorat
763 6033 833 6101 quod
851 6033 925 6095 prius
939 6033 1018 6088 erut?
1034 6034 1080 6088 scd
1094 6034 1143 6087 olr-
1199 6031 1319 6100 psalnro:
1339 6032 1372 6086 ln
1387 6032 1456 6099 rirqn
1479 6029 1562 6100 ferrea
1580 6026 1670 6100 (Paul.
1687 6028 1733 6102 n),
1757 6030 1783 6087 in
1799 6030 1892 6087 Graeco
1907 6031 1986 6087 traha
