4509 6850
288 660 340 723 ιἰδὸ

799 659 976 721 connum.
997 658 1030 716 th
1049 659 1210 717 budusin.
1230 693 1265 704 -
1284 663 1347 720 cib.
1367 665 1410 723 tv.

1874 668 1927 725 uus

289 777 392 835 uidisset
405 781 446 829 ure
465 772 587 835 clamare,
610 771 714 840 relicuit
736 772 846 844 pallium
865 783 890 828 et
910 773 976 845 [rugit
996 774 1079 844 faras.
1095 774 1119 831 h
1133 772 1259 828 cibarios.
1279 772 1332 828 Sed
1342 773 1407 829 illud
1423 780 1525 842 uiaret,
1536 774 1671 845 quomodo
1685 789 1783 846 panem
1795 776 1927 833 cibarium

292 870 339 925 llis
356 868 466 931 auditis,
477 866 610 931 dominus,
622 875 646 919 et
661 867 771 920 nimium
786 864 909 920 credulus
929 865 1011 920 uerbis
1024 881 1071 919 con

285 959 369 1031 jugis,
387 958 472 1012 iratus
495 966 533 1011 est
547 954 638 1020 ualde,·
652 954 813 1025 tradiditque
831 952 928 1023 loseph
948 954 976 1008 in
998 970 1086 1007 earce-

289 1065 354 1111 rest,
375 1047 419 1103 uli
432 1047 512 1102 cincti
526 1047 592 1116 regis
611 1046 835 1110 custodiebamur,
848 1054 901 1100 etc.
917 1045 983 1099 Erat
995 1054 1085 1099 autom

289 1139 387 1211 loseph
401 1138 514 1211 pulchra
529 1138 599 1193 lacie
622 1145 649 1192 et
664 1138 779 1192 decenus
802 1145 922 1207 aspectu.
946 1137 985 1191 lta
1011 1145 1038 1191 et
1053 1137 1086 1192 de

291 1230 399 1289 Christo
413 1229 499 1284 David
513 1229 569 1284 ait:
585 1226 723 1298 Speciosus
738 1228 824 1296 [orma
842 1244 897 1281 ora
917 1227 979 1296 filiis
999 1227 1085 1281 horni-

293 1339 363 1388 mun,
377 1321 476 1391 diffusa
497 1330 534 1373 cst
558 1320 644 1389 gratia
665 1319 692 1373 in
715 1318 790 1373 labiis
806 1321 858 1372 tuis
882 1317 970 1386 (Psoi.
996 1317 1084 1389 untr);

293 1412 382 1486 (isid.)
398 1411 451 1468 Sed
468 1411 574 1476 mulier,
591 1411 689 1481 inquit,
705 1411 733 1464 in
753 1410 920 1466 cumoculos
935 1409 1036 1480 injecit,
1055 1419 1086 1465 ut

284 1504 454 1561 adulterium
468 1518 530 1558 cum
546 1503 589 1557 illa
603 1510 782 1574 perpetraret.
804 1503 858 1559 lsla
881 1503 980 1558 mulier
999 1504 1087 1575 Syna·

293 1610 365 1667 gogre
379 1603 439 1650 erat
458 1597 554 1666 ligura,
568 1603 598 1648 ιιι
613 1610 694 1665 supra
714 1595 840 1660 diximus,
857 1611 918 1664 quae
932 1611 1014 1664 saepe,
1033 1596 1086 1650 sic·

293 1695 319 1742 ut
339 1687 544 1761 scriptumest,
566 1687 703 1742 nrmchata
725 1695 768 1742 est
790 1696 852 1757 post
874 1688 944 1743 'dem
970 1688 1083 1743 alienos.

293 1778 424 1835 Similiter
438 1779 547 1837 uolebat
558 1787 586 1835 ct
598 1779 736 1835 Christum
748 1780 775 1834 in
789 1781 916 1834 adulterii
929 1781 969 1835 sui
983 1780 1086 1836 scelere

292 1870 410 1925 retinere
429 1876 458 1924 ut
475 1878 587 1940 negaret
610 1884 639 1925 se
652 1885 713 1924 esse
733 1869 829 1934 Deum,
844 1876 872 1924 et
886 1869 1085 1925 Pharisaeorum

290 1961 377 2033 nangis
391 1970 420 2016 et
433 1959 590 2015 Scribarum
612 1976 694 2031 quani
712 1961 779 2032 legis
794 1971 929 2032 precepta
950 1969 1084 2027 seruaret,

288 2050 488 2123 purcillirelut
511 2051 626 2105 maritus
650 2060 739 2106 eraut.
765 2050 889 2106 Christus
916 2059 1007 2106 autem
1032 2067 1084 2107 nors

1137 866 1255 935 potuerit
1269 863 1376 920 Pharao
1388 865 1488 921 habere
1501 867 1527 921 in
1540 868 1621 922 escis.
1637 866 1707 921 Dicit
1720 868 1791 922 enirn
1806 868 1833 922 in
1847 883 1929 940 supe-

1138 955 1209 1012 riore
1231 957 1350 1013 canistro
1372 955 1454 1013 luisse
1475 959 1565 1014 omnia
1579 974 1612 1013 ex
1633 959 1732 1030 quihus
1746 960 1844 1015 edehat
1862 959 1930 1016 Pha·

1137 1061 1194 1110 ruo,
1218 1061 1300 1116 opere
1323 1047 1466 1116 pistorum.
1491 1046 1545 1102 Sed
1569 1048 1772 1119 intelligendum
1787 1058 1829 1104 est
1846 1048 1929 1105 etiam

1135 1141 1224 1209 ipsum
1238 1142 1385 1197 canistrum
1403 1142 1530 1198 hahuisse
1549 1157 1633 1213 panes
1658 1143 1787 1209 cibarios,
1812 1145 1876 1214 quia
1890 1145 1929 1200 di·

1137 1241 1210 1288 etum
1223 1242 1292 1297 erat,
1309 1234 1359 1287 tria
1369 1235 1501 1299 canistra,
1516 1234 1663 1310 χὸιδριτον,
1678 1245 1706 1289 et
1718 1236 1833 1308 desuper
1845 1235 1929 1292 luisse

1137 1321 1181 1376 illa
1200 1338 1232 1378 ex
1252 1323 1325 1377 orum
1344 1337 1443 1395 gernere
1464 1325 1555 1394 operis
1573 1325 1694 1394 pistoris,
1710 1325 1736 1379 in
1749 1325 1931 1382 eodumcani-

1137 1425 1195 1470 stro
1208 1415 1356 1483 superiore.

1172 1506 1276 1561 Eairrde
1288 1507 1342 1561 dies
1363 1508 1454 1562 tertius
1470 1506 1606 1562 rrrttah'tius
1623 1504 1773 1562 Pharaonis
1796 1518 1852 1563 erat
1863 1525 1873 1574 ,·
1886 1507 1933 1579 qul

1137 1596 1236 1666 faciens
1249 1597 1349 1668 prande
1367 1596 1512 1652 cortaieiunr
1533 1597 1620 1667 pueris
1642 1600 1707 1662 suis,
1729 1597 1881 1652 recordatus
1894 1605 1932 1651 est

1136 1687 1203 1741 inter
1219 1686 1310 1757 epulus
1331 1689 1449 1759 erupistri
1462 1689 1648 1757 pincernarum
1663 1699 1686 1742 et
1711 1688 1839 1758 pistorum
1859 1690 1934 1758 priu-

1136 1779 1217 1850 cipis,·
1230 1780 1393 1852 restituitque
1414 1779 1526 1834 alterurn
1540 1783 1567 1833 in
1589 1779 1676 1835 lorum
1691 1797 1778 1847 suum,
1793 1789 1820 1834 ut
1843 1780 1933 1850 porri·

1136 1880 1205 1940 gerat
1229 1872 1282 1940 rupi
1294 1870 1434 1941 pecuinam
1457 1869 1568 1925 alterum
1591 1889 1651 1927 reru
1672 1872 1806 1943 suspendit
1820 1873 1848 1925 in
1861 1870 1932 1942 puri-

1137 1961 1210 2024 bnlo,
1232 1971 1258 2015 ut
1283 1961 1439 2031 corrjcctoris
1461 1964 1555 2019 ceritas
1577 1963 1742 2033 probaretur.
1759 1963 1851 2036 (leta.)
1871 1964 1931 2018 Duo

1137 2052 1253 2107 eurmehi
1279 2067 1347 2121 quos
1369 2054 1402 2108 de
1426 2054 1506 2108 domo
1526 2055 1598 2125 regis
1614 2056 1640 2109 iu
1666 2070 1807 2111 carcerem
1826 2056 1934 2111 rinctus

285 2141 471 2214 acquiescens
495 2141 595 2196 illicitae
610 2144 740 2199 doctrinar
763 2144 906 2210 adulterio,
930 2146 1087 2201 adulterinae
1101 2142 1125 2203 B
1139 2143 1238 2215 loseph
1259 2145 1362 2200 irruenit
1385 2145 1500 2200 durorum
1527 2145 1686 2217 populorum
1707 2147 1875 2203 credentium
1890 2145 1935 2203 uel

284 2233 442 2307 synagogae
457 2249 537 2290 mann
552 2242 627 2288 veste
642 2235 764 2304 corporis
783 2238 977 2307 apprehensus,
1001 2251 1084 2293 carrum

279 2341 313 2384 se
328 2327 421 2392 exuit,
441 2334 469 2381 ct
490 2326 559 2381 liber
573 2328 670 2382 mortis
684 2328 710 2381 in
731 2328 829 2383 coelum
851 2330 983 2383 ascendit.
1003 2328 1085 2384 Calu-

278 2418 395 2474 mniata
418 2424 460 2472 est
484 2417 623 2484 meretrix,
645 2418 692 2472 ubi
712 2432 774 2473 eum
795 2428 888 2474 tencre
910 2436 963 2474 ιιιιιι
986 2420 1085 2490 potuit,

276 2509 386 2566 dicens
397 2510 470 2580 quod
484 2509 613 2580 templum
630 2510 737 2565 Domini
751 2512 960 2583 blasphemaret,
977 2523 1006 2569 ct
1019 2515 1088 2585 legis

276 2597 510 2658 (lioeretur'csse
540 2610 735 2673 transgressor,
759 2613 785 2657 et
809 2604 883 2660 iham
912 2621 964 2662 non
992 2622 1088 2664 carcer

274 2693 401 2759 lenuit,
415 2709 469 2750 nou
484 2692 590 2748 inierna
606 2703 761 2760 muniuerunt,
773 2710 834 2749 cum
846 2697 928 2750 etiam
943 2698 1026 2755 uelud
1040 2701 1086 2755 uhi

273 2781 445 2870 puniendus
459 2783 645 2850 descenderat,
662 2783 724 2839 inde
737 2784 805 2840 alios
825 2785 959 2841 liberarit.

607 2916 721 2974 CAPUT
745 2917 777 2973 ll.

279 3014 328 3075 De
351 3013 456 3070 duobus
471 3013 597 3068 eunuchis
621 3010 772 3067 Pharaonis
795 3014 973 3085 peccantibus,
997 3016 1090 3086 quihus

321 3084 425 3155 Joseph
438 3086 466 3138 in
477 3100 581 3139 carcere
592 3085 702 3155 positus,
720 3086 850 3138 sourrrium
864 3101 954 3138 corum
966 3085 1092 3157 iuterpre-

321 3166 399 3211 tatus
418 3163 465 3209 est.

323 3245 406 3320 (Cur.
426 3246 483 3317 xc.)
504 3244 554 3300 liis
575 3246 611 3299 ita
633 3247 723 3316 gestis,
736 3246 833 3300 accidit
846 3255 874 3300 ut
892 3247 1092 3316 peccarentduo

274 3337 417 3403 machi,
431 3338 555 3408 pincerna
570 3337 636 3407 repis
648 3335 758 3407 AEgppti
773 3346 796 3391 et
806 3336 900 3406 pistor,
912 3329 1020 3391 domino
1031 3354 1090 3391 suo.

275 3429 436 3502 Iratusque
460 3427 567 3484 Pharao
589 3439 682 3483 corrtrn
706 3445 749 3483 eos
773 3430 846 3503 (nam
873 3429 941 3483 altar
960 3431 1091 3500 pincernis

1140 2236 1478 2308 incredulorum'rnystiee
1498 2236 1612 2309 figuram
1629 2246 1730 2294 tenent.
1747 2236 1798 2305 Qui
1811 2240 1871 2295 ideo
1893 2240 1934 2295 di·

1138 2336 1237 2384 cumur
1258 2329 1391 2394 cunuchi,
1416 2327 1478 2400 qrrla
1501 2341 1605 2385 castam
1625 2341 1790 2401 acceperuut
1814 2333 1935 2404 regulum

1139 2419 1296 2488 disciplinae.
1310 2419 1433 2492 lilouuiu,
1454 2423 1550 2492 inquit,
1567 2422 1674 2477 Dorrtirri
1687 2434 1760 2478 custo
1774 2422 1861 2495 (Paul.
1883 2423 1933 2497 xi).

1140 2512 1260 2583 Denique
1273 2525 1334 2582 post
1347 2515 1445 2569 trinam
1460 2514 1548 2570 lucem
1563 2514 1676 2570 [lantino
1689 2519 1723 2571 uh
1736 2515 1831 2572 inieris
1846 2532 1936 2572 resur·

1140 2614 1229 2676 gente,
1246 2611 1274 2659 ct
1288 2604 1354 2675 legis
1367 2605 1490 2671 obseura,
1502 2613 1532 2660 ut
1542 2603 1642 2676 loseph
1657 2608 1761 2662 sonmia
1785 2606 1935 2674 reuelante,

1140 2698 1244 2753 solutus
1255 2707 1296 2753 est
1310 2714 1324 2751 a
1339 2699 1458 2769 peccatis
1477 2700 1644 2754 credentium
1659 2699 1791 2771 populus;
1807 2708 1835 2755 et
1849 2701 1882 2756 de
1896 2701 1936 2756 iu-

1140 2788 1209 2842 lerni
1228 2803 1338 2845 earcere
1353 2788 1493 2854 liberatus,
1512 2792 1633 2846 redditur
1646 2792 1673 2846 in
1693 2792 1875 2848 ministerium
1895 2792 1937 2847 di·

1140 2879 1211 2934 rium
1233 2878 1308 2950 legis.
1329 2879 1486 2935 lrrcrcdulus
1504 2889 1594 2937 autem
1607 2890 1636 2936 et
1647 2882 1745 2953 impius
1757 2883 1872 2954 populus
1888 2881 1937 2939 lu·

1143 2971 1272 3032 timorum,
1288 2971 1351 3039 uitia
1376 2970 1403 3025 in
1429 2971 1587 3028 salvationis
1609 2973 1712 3045 lignum
1737 2989 1790 3029 uon
1809 2976 1935 3042 credidit,

1142 3060 1368 3131 transgressionis
1389 3060 1461 3132 ligno
1483 3062 1667 3134 suspenditur,
1683 3074 1712 3121 ut
1727 3064 1765 3120 illi
1779 3063 1857 3120 alteri
1872 3082 1937 3123 con·

1143 3150 1203 3222 tigit
1218 3152 1353 3217 eunucho,
1369 3153 1414 3222 qui
1432 3151 1586 3209 ludaeorum
1601 3154 1746 3226 imaginem
1761 3156 1890 3212 indicarit

1450 3262 1564 3320 CAPUT
1582 3262 1626 3320 lll.

1161 3330 1199 3386 De
1217 3332 1318 3389 samario
1338 3330 1506 3400 Pharaonis,
1526 3343 1548 3388 et
1573 3336 1786 3407 interpretatione
1811 3337 1918 3409 loseph.

1180 3422 1254 3493 (Car.
1267 3422 1334 3496 aar.)
1348 3419 1413 3478 Post
1423 3425 1490 3479 duos
1503 3442 1586 3481 orrrros
1598 3427 1661 3482 uidit
1676 3426 1783 3483 Pharao
1795 3431 1936 3485 somarium.

274 3529 418 3593 praerat,
432 3519 500 3574 alter
518 3520 670 3592 pistoribus)
687 3522 756 3575 misit
779 3537 822 3575 eos
839 3521 867 3574 in
881 3537 1010 3575 carcerem
1020 3513 1126 3591 prin-C
1144 3513 1260 3570 Pettalus
1280 3532 1307 3570 se
1322 3526 1392 3571 stare
1414 3533 1493 3588 super
1514 3519 1634 3588 flurium,
1657 3519 1689 3573 de
1701 3535 1752 3591 quo
1764 3521 1939 3579 asccudelant

276 3614 359 3686 cipis
370 3612 494 3680 militum,
506 3614 534 3667 in
546 3631 596 3686 quo
608 3624 664 3668 erat
679 3615 779 3669 uinctus
791 3624 815 3668 et
834 3614 941 3684 loseph.
958 3613 991 3668 At
1005 3624 1091 3669 custos

280 3705 410 3760 carceris
421 3703 530 3759 tradidit
554 3720 597 3758 eos
620 3703 729 3775 loseph,
753 3707 799 3776 qui
813 3716 837 3760 et
854 3704 1021 3759 ministrabat
1044 3706 1091 3760 eis.

280 3792 318 3849 ln
339 3792 457 3849 llehraeo
469 3793 598 3865 scriptum
612 3794 694 3850 habet
709 3794 806 3860 mashe,
824 3805 926 3880 tipum,
951 3794 1015 3849 illud
1031 3809 1093 3850 ver-

281 3884 359 3941 lrum
369 3885 442 3955 quod
453 3884 480 3939 in
494 3885 601 3940 nomine
616 3887 687 3940 serrl
701 3886 837 3940 Abraham
852 3886 952 3941 dudum
967 3885 1092 3957 legimus,

257 4014 265 4023 .
286 3990 378 4048 quem
393 3990 442 4030 uos
455 3990 598 4051 possumus
612 3991 687 4031 nrore
704 3977 777 4048 uulgi
797 3993 896 4033 roerrrc
920 3979 1091 4048 pincernam.

286 4067 352 4130 Nec
367 4067 422 4123 rile
434 4076 544 4138 putetur
554 4068 682 4134 officium,
700 4085 761 4124 cum
784 4070 855 4140 apud
869 4087 947 4142 reges
961 4071 1095 4127 barbaros

288 4175 384 4232 usque
401 4160 491 4226 hodic,
514 4163 640 4216 maximae
658 4161 796 4232 diguitatis
822 4163 857 4216 sit
884 4163 941 4234 regi
968 4161 1093 4233 poculum

290 4249 463 4324 porrexisse.
483 4249 571 4305 Poeta·
586 4267 693 4322 quoquc
704 4251 737 4306 dc
751 4252 882 4306 catamito
897 4260 924 4305 et
946 4250 1012 4307 lore
1027 4252 1096 4307 scri-

292 4342 399 4415 ptitant
428 4342 500 4412 quod
531 4343 663 4397 amasium
688 4359 766 4398 suum
790 4343 854 4401 huic
877 4342 966 4399 olhcio
990 4344 1095 4399 inanei-

295 4435 384 4513 parit.

334 4525 464 4582 Narravit
481 4528 554 4598 prior
572 4528 727 4601 prepositus
741 4529 926 4601 pincernarum
942 4543 1093 4585 sonurmnr:

1142 3619 1239 3680 septem
1251 3610 1325 3665 bores
1336 3609 1454 3679 pulchra
1476 3621 1499 3665 ct
1522 3628 1620 3666 crassa
1634 3613 1713 3668 ninus
1726 3623 1750 3668 et
1765 3616 1940 3684 pascebantur

1143 3702 1170 3757 in
1185 3700 1249 3757 loeis
1263 3702 1425 3774 palustribus
1438 3716 1447 3755 .·
1460 3703 1521 3759 aliur
1539 3721 1643 3776 quoque
1654 3719 1760 3777 septem
1773 3707 1939 3783 emergebant

1143 3794 1175 3849 de
1188 3796 1297 3865 {lumine
1310 3796 1396 3866 suda,
1421 3795 1596 3868 coniectaque
1617 3801 1701 3853 oracla
1721 3808 1744 3853 et
1765 3798 1940 3867 pascebantur

1144 3887 1172 3940 in
1184 3889 1241 3958 ipsa
1253 3889 1338 3942 amnis
1355 3888 1411 3958 ripa
1425 3888 1453 3942 iu
1467 3887 1531 3943 lo‘cis
1553 3890 1705 3944 triremibus.
1727 3889 1935 3945 Deoraeeruut·

1143 3996 1193 4051 que
1209 3996 1254 4034 eus
1275 3996 1388 4051 quarunt
1409 3981 1477 4033 arira
1498 3981 1594 4049 species
1615 3991 1638 4033 et
1653 3979 1782 4033 habundo
1799 3995 1938 4050 corporum

1144 4083 1209 4128 erat.
1224 4072 1430 4144 Expergesuctus
1444 4071 1560 4138 Pharao,
1573 4087 1677 4125 rursum
1690 4071 1821 4134 dormivit,
1840 4081 1864 4124 et
1877 4071 1941 4126 uidit

1144 4161 1255 4216 alterum
1269 4162 1410 4216 sonrnium.
1425 4159 1530 4230 Septem
1543 4160 1623 4231 spica
1634 4158 1801 4228 pullulabunt
1813 4160 1841 4212 in
1851 4159 1939 4214 culmo

1145 4272 1208 4319 urso,
1219 4254 1303 4326 plena
1312 4263 1390 4324 atque
1403 4252 1544 4321 iuratorum·
1556 4253 1616 4307 ulirc
1627 4269 1729 4324 rpuoguc
1742 4252 1849 4307 totidem
1861 4253 1940 4323 spica

1145 4356 1244 4409 terreres,
1265 4354 1290 4398 et
1313 4359 1443 4415 percussae
1469 4343 1577 4398 uredine
1602 4343 1765 4408 oriebantur,
1788 4343 1941 4399 decorantes

1146 4453 1247 4491 outnern
1265 4436 1382 4507 priorum
1402 4435 1633 4506 pulchritud'uem.
1648 4434 1784 4506 Evigiiaus
1796 4443 1854 4505 pust
1868 4435 1943 4507 uuic-

1146 4540 1208 4595 tem,
1221 4539 1245 4583 ei
1259 4529 1328 4599 lacto
1343 4544 1430 4593 unane,
1443 4544 1538 4596 pauore
1549 4528 1713 4597 perterritus,
1727 4528 1798 4583 misit
1821 4527 1856 4582 ad
1876 4542 1941 4580 eou-

301 4613 431 4672 Videlam
441 4634 528 4674 coram
541 4636 581 4674 rure
592 4620 668 4673 ritem
681 4620 708 4674 in
720 4636 771 4692 qua
782 4631 855 4674 eraut
867 4630 919 4674 tres
929 4621 1094 4693 propagines,
1142 4622 1256 4694 jectoras
1270 4619 1390 4690 AEgppti,
1417 4626 1574 4688 cunctosque
1598 4606 1746 4689 sapientes,
1762 4628 1787 4674 et
1808 4617 1942 4675 accersitis

297 4702 415 4764 c'rescera
424 4709 553 4782 paulatim
574 4711 602 4765 in
616 4723 742 4782 genuinus,
758 4721 781 4765 et
801 4719 857 4782 post
873 4713 951 4781 pares
965 4729 1027 4766 rtaas
1039 4728 1097 4766 rura·

1147 4709 1412 4775 narrauitsomnium,
1427 4724 1472 4762 nac
1483 4719 1538 4762 arat
1549 4711 1594 4779 qui
1608 4710 1832 4780 irnerpretaretur.
1847 4708 1941 4782 (Aug.)

297 4812 442 4866 rarescere,
455 4802 613 4872 radicemque
629 4800 780 4856 Pharaonis
798 4802 825 4856 in
843 4821 924 4858 uranu
946 4820 1012 4857 urea.
1035 4801 1095 4855 Tuli
1147 4801 1224 4869 Quod
1236 4803 1349 4872 {lutabat
1361 4817 1390 4856 se
1409 4809 1481 4855 stare
1500 4799 1607 4854 Pharao
1625 4815 1707 4870 super
1725 4799 1833 4866 humen,
1848 4817 1943 4871 queun-

298 4908 362 4964 ergo
374 4908 438 4947 uuus
448 4902 471 4946 et
484 4894 597 4964 cupressi
612 4894 640 4946 iu
651 4893 758 4948 calicem
771 4912 848 4966 quern
862 4894 989 4958 terrebam,
1002 4904 1026 4949 ct
1040 4905 1095 4949 tru-
1109 4865 1135 4926 D
1149 4896 1229 4950 adum
1242 4897 1294 4948 {uun
1317 4908 1412 4949 seruus
1432 4892 1549 4947 Abrahae
1566 4891 1652 4947 dixit:
1674 4891 1742 4947 Eece
1755 4909 1802 4962 ego
1814 4903 1854 4947 sto
1866 4910 1944 4964 super

298 4983 358 5037 didi
367 4983 491 5054 poculum
507 4980 654 5037 Pharaoni.
671 4983 705 5038 Ει
718 5001 785 5049 ecce,
806 4985 902 5055 inaruit,
924 4984 981 5039 uitis
993 4984 1021 5039 in
1034 5001 1096 5039 corr-

299 5085 391 5146 spectu
404 5090 472 5140 meo,
495 5076 562 5128 etin
584 5076 633 5129 cite
645 5085 697 5130 tres
721 5074 809 5146 frondi,
832 5086 855 5131 et
876 5078 932 5148 ipsa
947 5079 1096 5148 germinans

299 5179 354 5222 tres
366 5166 474 5237 fundos.
488 5167 551 5222 Tria
567 5165 672 5239 flagella
694 5175 722 5223 et
736 5177 790 5224 tres
806 5185 906 5233 ramos,
925 5170 982 5224 sire
1001 5185 1098 5240 propa-

300 5261 392 5335 gines,
413 5256 527 5315 liebraeo
548 5273 675 5314 sermone
692 5259 836 5330 significat,
860 5256 919 5331 quse
936 5262 970 5317 ah
985 5259 1096 5317 illisue·

301 5359 401 5406 cantur
415 5349 536 5420 sarigim,
549 5357 667 5412 nuaram.

343 5440 440 5496 Videas
463 5452 551 5496 autem
573 5442 700 5512 pistorum
722 5442 847 5513 mupister
869 5441 939 5515 prrod
958 5442 1100 5512 prudenter

302 5534 435 5587 sonruium
449 5531 625 5598 dissolvisset,
637 5533 674 5585 uit
686 5549 694 5586 .·
712 5532 745 5589 tdr
756 5551 802 5605 epo
815 5535 867 5588 uidi
878 5536 1017 5597 sororuiuur,
1028 5533 1099 5604 quod

303 5630 426 5685 haberent
441 5631 492 5686 triu
505 5632 621 5687 cauistrn
640 5633 735 5702 lucrium
751 5641 1060 5705 supermundanarum
1073 5633 1100 5687 in

303 5739 358 5777 nrro
379 5723 494 5777 cartistro
514 5724 584 5796 quod
605 5735 661 5779 erat
675 5726 812 5792 excelsius,
828 5737 932 5796 portare
955 5743 995 5780 rne
1009 5742 1098 5780 ananus

304 5815 376 5873 cibos
388 5816 433 5886 qui
444 5816 512 5886 fiam
527 5826 583 5871 arte
594 5819 714 5887 pistoria,
732 5836 842 5890 avesque
858 5819 993 5872 cornedere
1012 5835 1044 5872 ea
1056 5836 1097 5873 eo.

305 5904 399 5977 (dag.)
412 5904 1026 5967 Ubihlciulatinisrolumiuihustriacnuistra
1034 5912 1101 5981 [ari-

1150 4987 1246 5057 iomem
1260 5001 1335 5055 aqua
1350 4980 1426 5054 (Gen.
1441 4980 1526 5053 xnus),
1542 4982 1599 5037 haee
1618 4982 1719 5038 locutio
1740 4985 1762 5037 si
1778 4983 1945 5055 intelligatur

1151 5078 1178 5134 ln
1193 5078 1300 5133 Psalmo
1314 5078 1360 5133 uhi
1372 5078 1502 5148 scriptum
1517 5085 1576 5131 est:
1594 5075 1646 5142 Qur
1658 5077 1778 5146 [esudavit
1792 5087 1889 5131 terrant
1902 5092 1945 5130 su·

1150 5186 1196 5242 per
1210 5185 1306 5240 aqrrarn
1322 5166 1408 5241 (Psul.
1430 5168 1521 5239 aruir),
1536 5184 1589 5223 non
1611 5179 1744 5240 coguntur
1755 5168 1879 5223 bornines
1896 5182 1946 5238 pu-

1153 5270 1211 5315 tare
1224 5261 1294 5315 sieut
1312 5273 1409 5312 suavem
1422 5267 1518 5313 natare
1540 5267 1642 5314 terram
1660 5272 1870 5329 superaquam.
1893 5256 1944 5310 Se·

1150 5350 1267 5408 cundum
1279 5349 1430 5405 hancenias
1443 5347 1605 5405 locutionem
1620 5357 1693 5403 reete
1704 5345 1863 5416 intelligitur
1873 5343 1945 5408 cuod

1150 5442 1231 5500 altior
1247 5442 1282 5497 sit
1301 5450 1371 5496 terra
1390 5457 1470 5511 quiam
1493 5456 1572 5512 aqua.
1593 5439 1682 5494 Altius
1707 5437 1806 5507 quippe
1820 5436 1854 5489 ah
1868 5432 1946 5504 aquis

1152 5537 1312 5602 sustollitur,
1327 5536 1371 5592 uhi
1390 5535 1514 5590 habitant
1529 5543 1635 5589 terrena
1654 5528 1791 5585 animalia.
1808 5527 1945 5583 Praeterea

1153 5641 1246 5687 narrat
1263 5629 1368 5686 Pharao
1391 5629 1536 5694 salerniam,
1556 5630 1749 5697 interpretatus
1768 5629 1811 5678 cst
1834 5617 1943 5688 loseph.

1153 5727 1245 5806 (isid.)
1258 5725 1311 5780 Sed
1331 5724 1396 5795 quid
1419 5721 1574 5794 signiacum
1587 5730 1691 5789 septem
1708 5716 1771 5771 anni
1794 5714 1839 5783 quii
1858 5713 1885 5766 in
1899 5725 1946 5766 se·

1143 5829 1225 5891 ptem
1240 5819 1321 5889 spicis
1336 5816 1432 5886 plenis,
1451 5828 1497 5868 seu
1515 5813 1601 5882 quiin
1621 5819 1723 5881 septem
1736 5807 1828 5862 vaccis
1840 5803 1946 5876 pingui-

1153 5911 1205 5966 bus
1219 5908 1440 5969 ostendebantur,
1460 5903 1512 5957 uisi
1527 5908 1630 5971 septem
1651 5900 1845 5956 charismatum
1864 5892 1946 5965 spiri-

306 6016 347 6055 na
359 6001 753 6071 scripturucst,G1recihabeut
769 6005 916 6081 χόνδρων,
931 6004 1003 6073 quud
1018 6003 1102 6059 inter·
1156 6001 1266 6057 lldllltltll
1281 5999 1361 6062 dona,
1383 5996 1480 6064 rpdhus
1495 5995 1604 6048 ubertas
1619 5991 1680 6046 hdci
1695 5991 1769 6062 larga
1786 5989 1885 6058 pictate
1905 5999 1951 6038 te*

307 6076 1102 6171 pretauturquiusumr·jusdenrlhrguruhabent,panesesse
1158 6091 1319 6151 durrdut'ldt
1329 6099 1423 6146 cotnra
1451 6101 1521 6162 supa
1543 6085 1650 6142 steriles
1675 6093 1702 6141 ct
1727 6094 1822 6141 tenues
1849 6082 1955 6138 [mrtem
